<?xml version="1.0" encoding="UTF-8"?>
<!DOCTYPE html PUBLIC "-//W3C//DTD XHTML 1.0 Transitional//EN"
    "http://www.w3.org/TR/xhtml1/DTD/xhtml1-transitional.dtd">
<html xmlns="http://www.w3.org/1999/xhtml" xml:lang="en" lang="en">
 <head>
  <title>
</title>
<meta http-equiv="Content-Type" content="text/html;charset=utf-8" />
  <meta name='ocr-system' content='tesseract 3.04.00' />
  <meta name='ocr-capabilities' content='ocr_page ocr_carea ocr_par ocr_line ocrx_word'/>
</head>
<body>
  <div class='ocr_page' id='page_1' title='image "./patrologiaecurs23goog/patrologiaecurs23goog_0583.png"; bbox 0 0 3900 6112; ppageno 0'>
   <div class='ocr_carea' id='block_1_1' title="bbox 59 304 1770 375">
    <p class='ocr_par' dir='ltr' id='par_1_1' title="bbox 59 304 1770 375">
     <span class='ocr_line' id='line_1_1' title="bbox 59 304 1770 375; baseline 0.003 -6"><span class='ocrx_word' id='word_1_1' title='bbox 59 306 139 371; x_wconf 75' lang='grc'>1661</span> <span class='ocrx_word' id='word_1_2' title='bbox 562 304 665 369; x_wconf 78' lang='lat' dir='ltr'><strong>PARS</strong></span> <span class='ocrx_word' id='word_1_3' title='bbox 686 304 1039 370; x_wconf 77' lang='lat' dir='ltr'><strong>1.-uorturtuurs</strong></span> <span class='ocrx_word' id='word_1_4' title='bbox 1060 306 1267 371; x_wconf 74' lang='lat' dir='ltr'><strong>turbauit.</strong></span> <span class='ocrx_word' id='word_1_5' title='bbox 1691 313 1770 375; x_wconf 81' lang='grc'>1661</span> 
     </span>
    </p>
   </div>
   <div class='ocr_carea' id='block_1_2' title="bbox 55 438 1770 1673">
    <p class='ocr_par' dir='ltr' id='par_1_2' title="bbox 55 438 1770 1673">
     <span class='ocr_line' id='line_1_2' title="bbox 57 438 1768 517; baseline 0.002 -20"><span class='ocrx_word' id='word_1_6' title='bbox 57 439 167 497; x_wconf 81' lang='lat' dir='ltr'><strong>Abiron</strong></span> <span class='ocrx_word' id='word_1_7' title='bbox 183 440 284 496; x_wconf 88' lang='lat' dir='ltr'><strong>contra</strong></span> <span class='ocrx_word' id='word_1_8' title='bbox 294 440 389 496; x_wconf 72' lang='lat' dir='ltr'><strong>Aaron</strong></span> <span class='ocrx_word' id='word_1_9' title='bbox 403 438 584 496; x_wconf 71' lang='lat' dir='ltr'>sacerdotem</span> <span class='ocrx_word' id='word_1_10' title='bbox 613 439 800 499; x_wconf 83' lang='lat' dir='ltr'><strong>sacrificandi</strong></span> <span class='ocrx_word' id='word_1_11' title='bbox 828 439 884 497; x_wconf 83' lang='lat' dir='ltr'>sibi</span> <span class='ocrx_word' id='word_1_12' title='bbox 899 450 928 517; x_wconf 67' lang='grc' dir='ltr'><strong>Α</strong></span> <span class='ocrx_word' id='word_1_13' title='bbox 977 440 1025 498; x_wconf 89' lang='lat' dir='ltr'><strong>IV.</strong></span> <span class='ocrx_word' id='word_1_14' title='bbox 1042 442 1124 506; x_wconf 82' lang='lat' dir='ltr'><strong>Quod</strong></span> <span class='ocrx_word' id='word_1_15' title='bbox 1132 447 1162 497; x_wconf 90' lang='lat' dir='ltr'><strong>et</strong></span> <span class='ocrx_word' id='word_1_16' title='bbox 1175 442 1273 514; x_wconf 90' lang='lat' dir='ltr'><strong>ipsum</strong></span> <span class='ocrx_word' id='word_1_17' title='bbox 1288 440 1424 499; x_wconf 82' lang='lat' dir='ltr'><strong>ridemus</strong></span> <span class='ocrx_word' id='word_1_18' title='bbox 1438 442 1475 498; x_wconf 88' lang='lat' dir='ltr'><strong>ds</strong></span> <span class='ocrx_word' id='word_1_19' title='bbox 1483 441 1582 498; x_wconf 85' lang='lat' dir='ltr'><strong>divina</strong></span> <span class='ocrx_word' id='word_1_20' title='bbox 1595 445 1768 501; x_wconf 88' lang='lat' dir='ltr'><strong>auctoritate</strong></span> 
     </span>
     <span class='ocr_line' id='line_1_3' title="bbox 56 527 1767 604; baseline 0.002 -18"><span class='ocrx_word' id='word_1_21' title='bbox 56 528 207 589; x_wconf 82' lang='lat' dir='ltr'><strong>licentiam</strong></span> <span class='ocrx_word' id='word_1_22' title='bbox 221 528 279 601; x_wconf 90' lang='grc'>(46)</span> <span class='ocrx_word' id='word_1_23' title='bbox 294 527 517 585; x_wconf 84' lang='lat' dir='ltr'><strong>vindicaverunt</strong></span> <span class='ocrx_word' id='word_1_24' title='bbox 540 529 607 600; x_wconf 88' lang='grc'>(47).</span> <span class='ocrx_word' id='word_1_25' title='bbox 623 528 685 585; x_wconf 95' lang='lat' dir='ltr'><strong>lllic</strong></span> <span class='ocrx_word' id='word_1_26' title='bbox 701 546 818 601; x_wconf 91' lang='lat' dir='ltr'><strong>quoque</strong></span> <span class='ocrx_word' id='word_1_27' title='bbox 833 545 885 603; x_wconf 89' lang='lat' dir='ltr'><strong>per</strong></span> <span class='ocrx_word' id='word_1_28' title='bbox 940 529 1125 595; x_wconf 86' lang='lat' dir='ltr'><strong>descendere,</strong></span> <span class='ocrx_word' id='word_1_29' title='bbox 1143 534 1176 586; x_wconf 92' lang='lat' dir='ltr'><strong>ut</strong></span> <span class='ocrx_word' id='word_1_30' title='bbox 1190 531 1327 586; x_wconf 87' lang='lat' dir='ltr'><strong>sacerdos</strong></span> <span class='ocrx_word' id='word_1_31' title='bbox 1342 529 1426 602; x_wconf 82' lang='lat' dir='ltr'><strong>plebe</strong></span> <span class='ocrx_word' id='word_1_32' title='bbox 1442 536 1585 604; x_wconf 77' lang='lat' dir='ltr'><strong>praesente</strong></span> <span class='ocrx_word' id='word_1_33' title='bbox 1599 533 1621 567; x_wconf 85' lang='lat'><strong>³⁵</strong></span> <span class='ocrx_word' id='word_1_34' title='bbox 1632 534 1687 589; x_wconf 89' lang='lat' dir='ltr'><strong>sub</strong></span> <span class='ocrx_word' id='word_1_35' title='bbox 1704 550 1767 589; x_wconf 91' lang='lat' dir='ltr'><strong>om·</strong></span> 
     </span>
     <span class='ocr_line' id='line_1_4' title="bbox 57 617 1766 694; baseline 0.002 -19"><span class='ocrx_word' id='word_1_36' title='bbox 57 619 189 691; x_wconf 72' lang='lat' dir='ltr'><strong>Moysen]</strong></span> <span class='ocrx_word' id='word_1_37' title='bbox 201 617 336 689; x_wconf 77' lang='lat' dir='ltr'><strong>precepit</strong></span> <span class='ocrx_word' id='word_1_38' title='bbox 348 617 492 674; x_wconf 82' lang='lat' dir='ltr'><strong>Dominus</strong></span> <span class='ocrx_word' id='word_1_39' title='bbox 508 620 541 673; x_wconf 86' lang='lat' dir='ltr'><strong>ut</strong></span> <span class='ocrx_word' id='word_1_40' title='bbox 554 618 592 674; x_wconf 92' lang='lat' dir='ltr'><strong>ab</strong></span> <span class='ocrx_word' id='word_1_41' title='bbox 602 617 645 674; x_wconf 86' lang='lat' dir='ltr'><strong>eis</strong></span> <span class='ocrx_word' id='word_1_42' title='bbox 660 619 788 692; x_wconf 85' lang='lat' dir='ltr'><strong>populus</strong></span> <span class='ocrx_word' id='word_1_43' title='bbox 798 636 884 691; x_wconf 89' lang='lat' dir='ltr'><strong>sepa·</strong></span> <span class='ocrx_word' id='word_1_44' title='bbox 940 618 1023 675; x_wconf 90' lang='lat' dir='ltr'><strong>nium</strong></span> <span class='ocrx_word' id='word_1_45' title='bbox 1035 619 1127 675; x_wconf 91' lang='lat' dir='ltr'><strong>oculis</strong></span> <span class='ocrx_word' id='word_1_46' title='bbox 1142 619 1325 692; x_wconf 88' lang='lat' dir='ltr'><strong>deligaturet</strong></span> <span class='ocrx_word' id='word_1_47' title='bbox 1339 620 1447 693; x_wconf 83' lang='lat' dir='ltr'><strong>dignus</strong></span> <span class='ocrx_word' id='word_1_48' title='bbox 1462 625 1550 692; x_wconf 87' lang='lat' dir='ltr'><strong>atque</strong></span> <span class='ocrx_word' id='word_1_49' title='bbox 1567 621 1692 677; x_wconf 90' lang='lat' dir='ltr'><strong>idoneus</strong></span> <span class='ocrx_word' id='word_1_50' title='bbox 1709 640 1766 694; x_wconf 93' lang='lat' dir='ltr'><strong>pu·</strong></span> 
     </span>
     <span class='ocr_line' id='line_1_5' title="bbox 57 706 1766 783; baseline 0.001 -18"><span class='ocrx_word' id='word_1_51' title='bbox 57 714 150 775; x_wconf 85' lang='lat' dir='ltr'><strong>retur,</strong></span> <span class='ocrx_word' id='word_1_52' title='bbox 167 723 203 763; x_wconf 92' lang='lat' dir='ltr'><strong>ne</strong></span> <span class='ocrx_word' id='word_1_53' title='bbox 217 706 390 763; x_wconf 68' lang='lat' dir='ltr'><strong>facinorosis</strong></span> <span class='ocrx_word' id='word_1_54' title='bbox 403 706 580 777; x_wconf 88' lang='lat' dir='ltr'><strong>conjunctus</strong></span> <span class='ocrx_word' id='word_1_55' title='bbox 597 708 700 763; x_wconf 89' lang='lat' dir='ltr'><strong>eodem</strong></span> <span class='ocrx_word' id='word_1_56' title='bbox 716 708 844 765; x_wconf 82' lang='lat' dir='ltr'><strong>facinore</strong></span> <span class='ocrx_word' id='word_1_57' title='bbox 857 714 886 765; x_wconf 92' lang='lat' dir='ltr'><strong>et</strong></span> <span class='ocrx_word' id='word_1_58' title='bbox 939 708 1016 765; x_wconf 91' lang='lat' dir='ltr'><strong>blico</strong></span> <span class='ocrx_word' id='word_1_59' title='bbox 1027 709 1139 779; x_wconf 86' lang='lat' dir='ltr'><strong>judicio</strong></span> <span class='ocrx_word' id='word_1_60' title='bbox 1155 725 1188 764; x_wconf 93' lang='lat' dir='ltr'><strong>ac</strong></span> <span class='ocrx_word' id='word_1_61' title='bbox 1202 708 1368 765; x_wconf 87' lang='lat' dir='ltr'><strong>testimonio</strong></span> <span class='ocrx_word' id='word_1_62' title='bbox 1388 712 1603 783; x_wconf 81' lang='lat' dir='ltr'><strong>comprobetur,</strong></span> <span class='ocrx_word' id='word_1_63' title='bbox 1631 711 1708 767; x_wconf 89' lang='lat' dir='ltr'><strong>sicut</strong></span> <span class='ocrx_word' id='word_1_64' title='bbox 1735 712 1766 767; x_wconf 92' lang='lat' dir='ltr'><strong>in</strong></span> 
     </span>
     <span class='ocr_line' id='line_1_6' title="bbox 56 795 1766 873; baseline 0.003 -22"><span class='ocrx_word' id='word_1_65' title='bbox 56 796 357 869; x_wconf 88' lang='lat' dir='ltr'><strong>ipseperstringatur.</strong></span> <span class='ocrx_word' id='word_1_66' title='bbox 376 796 565 868; x_wconf 58' lang='lat' dir='ltr'><strong>&amp;paramini</strong></span> <span class='ocrx_word' id='word_1_67' title='bbox 592 795 700 867; x_wconf 87' lang='lat' dir='ltr'><strong>inquit,</strong></span> <span class='ocrx_word' id='word_1_68' title='bbox 725 797 882 853; x_wconf 78' lang='lat' dir='ltr'><strong>atatema-</strong></span> <span class='ocrx_word' id='word_1_69' title='bbox 940 798 1076 855; x_wconf 91' lang='lat' dir='ltr'><strong>Numeris</strong></span> <span class='ocrx_word' id='word_1_70' title='bbox 1092 798 1234 853; x_wconf 77' lang='lat' dir='ltr'>Dominus</span> <span class='ocrx_word' id='word_1_71' title='bbox 1258 798 1350 869; x_wconf 79' lang='lat' dir='ltr'><strong>Moysi</strong></span> <span class='ocrx_word' id='word_1_72' title='bbox 1368 798 1505 870; x_wconf 70' lang='lat' dir='ltr'><strong>praecepit</strong></span> <span class='ocrx_word' id='word_1_73' title='bbox 1527 800 1647 856; x_wconf 92' lang='lat' dir='ltr'><strong>dicens:</strong></span> <span class='ocrx_word' id='word_1_74' title='bbox 1664 802 1766 873; x_wconf 82' lang='lat' dir='ltr'><strong>Appre-</strong></span> 
     </span>
     <span class='ocr_line' id='line_1_7' title="bbox 56 884 1768 959; baseline 0.001 -17"><span class='ocrx_word' id='word_1_75' title='bbox 56 885 133 943; x_wconf 82' lang='lat' dir='ltr'><strong>ralis</strong></span> <span class='ocrx_word' id='word_1_76' title='bbox 146 886 245 941; x_wconf 80' lang='lat' dir='ltr'><strong>lteram</strong></span> <span class='ocrx_word' id='word_1_77' title='bbox 259 886 403 941; x_wconf 80' lang='lat' dir='ltr'><strong>bominem</strong></span> <span class='ocrx_word' id='word_1_78' title='bbox 423 884 637 941; x_wconf 66' lang='lat' dir='ltr'><strong>derisumoram</strong></span> <span class='ocrx_word' id='word_1_79' title='bbox 651 886 720 957; x_wconf 85' lang='grc'>(48),</span> <span class='ocrx_word' id='word_1_80' title='bbox 750 895 777 943; x_wconf 86' lang='lat' dir='ltr'><strong>et</strong></span> <span class='ocrx_word' id='word_1_81' title='bbox 797 888 886 944; x_wconf 82' lang='lat' dir='ltr'><strong>nolite</strong></span> <span class='ocrx_word' id='word_1_82' title='bbox 939 888 1026 944; x_wconf 74' lang='lat' dir='ltr'><strong>aenae</strong></span> <span class='ocrx_word' id='word_1_83' title='bbox 1052 886 1144 943; x_wconf 78' lang='lat' dir='ltr'><strong>Aaron</strong></span> <span class='ocrx_word' id='word_1_84' title='bbox 1171 890 1289 957; x_wconf 70' lang='lat' dir='ltr'><strong>tratrem</strong></span> <span class='ocrx_word' id='word_1_85' title='bbox 1324 890 1403 941; x_wconf 85' lang='lat' dir='ltr'><strong>taum</strong></span> <span class='ocrx_word' id='word_1_86' title='bbox 1430 890 1455 943; x_wconf 88' lang='lat' dir='ltr'><strong>et</strong></span> <span class='ocrx_word' id='word_1_87' title='bbox 1479 888 1648 944; x_wconf 69' lang='lat' dir='ltr'><strong>Eleazarum</strong></span> <span class='ocrx_word' id='word_1_88' title='bbox 1675 889 1768 959; x_wconf 72' lang='lat' dir='ltr'><strong>filiam</strong></span> 
     </span>
     <span class='ocr_line' id='line_1_8' title="bbox 57 974 1766 1050; baseline 0.001 -19"><span class='ocrx_word' id='word_1_89' title='bbox 57 978 173 1045; x_wconf 72' lang='lat' dir='ltr'><strong>tasum</strong></span> <span class='ocrx_word' id='word_1_90' title='bbox 190 975 289 1031; x_wconf 70' lang='lat'><strong>1⁰26</strong></span> <span class='ocrx_word' id='word_1_91' title='bbox 311 990 343 1030; x_wconf 90' lang='lat' dir='ltr'><strong>ea</strong></span> <span class='ocrx_word' id='word_1_92' title='bbox 367 990 430 1045; x_wconf 82' lang='lat' dir='ltr'><strong>puae</strong></span> <span class='ocrx_word' id='word_1_93' title='bbox 462 974 502 1031; x_wconf 85' lang='lat' dir='ltr'><strong>ad</strong></span> <span class='ocrx_word' id='word_1_94' title='bbox 524 989 568 1030; x_wconf 87' lang='lat' dir='ltr'><strong>eos</strong></span> <span class='ocrx_word' id='word_1_95' title='bbox 593 976 886 1047; x_wconf 53' lang='lat' dir='ltr'><strong>pertrectaremus</strong></span> <span class='ocrx_word' id='word_1_96' title='bbox 939 978 998 1049; x_wconf 83' lang='lat' dir='ltr'><strong>ejas</strong></span> <span class='ocrx_word' id='word_1_97' title='bbox 1008 978 1034 1033; x_wconf 89' lang='lat' dir='ltr'><strong>et</strong></span> <span class='ocrx_word' id='word_1_98' title='bbox 1053 978 1176 1048; x_wconf 78' lang='lat' dir='ltr'><em>impones</em></span> <span class='ocrx_word' id='word_1_99' title='bbox 1199 991 1243 1031; x_wconf 87' lang='lat' dir='ltr'><strong>eos</strong></span> <span class='ocrx_word' id='word_1_100' title='bbox 1257 976 1288 1030; x_wconf 84' lang='lat' dir='ltr'><strong>ia</strong></span> <span class='ocrx_word' id='word_1_101' title='bbox 1302 980 1423 1031; x_wconf 82' lang='lat' dir='ltr'><strong>raoatem</strong></span> <span class='ocrx_word' id='word_1_102' title='bbox 1449 992 1546 1033; x_wconf 86' lang='lat' dir='ltr'><strong>coram</strong></span> <span class='ocrx_word' id='word_1_103' title='bbox 1569 980 1649 1033; x_wconf 87' lang='lat' dir='ltr'><strong>oasai</strong></span> <span class='ocrx_word' id='word_1_104' title='bbox 1676 978 1766 1050; x_wconf 79' lang='lat' dir='ltr'><strong>Syno-</strong></span> 
     </span>
     <span class='ocr_line' id='line_1_9' title="bbox 56 1062 1766 1136; baseline 0.001 -16"><span class='ocrx_word' id='word_1_105' title='bbox 56 1064 143 1120; x_wconf 84' lang='lat' dir='ltr'><strong>se&#39;mal</strong></span> <span class='ocrx_word' id='word_1_106' title='bbox 169 1062 343 1135; x_wconf 75' lang='lat' dir='ltr'><strong>percutitis</strong></span> <span class='ocrx_word' id='word_1_107' title='bbox 367 1066 475 1134; x_wconf 85' lang='lat' dir='ltr'><strong>peccato</strong></span> <span class='ocrx_word' id='word_1_108' title='bbox 499 1078 597 1118; x_wconf 87' lang='lat' dir='ltr'><strong>eoram</strong></span> <span class='ocrx_word' id='word_1_109' title='bbox 619 1063 711 1135; x_wconf 79' lang='lat' dir='ltr'><strong>(Nam.</strong></span> <span class='ocrx_word' id='word_1_110' title='bbox 740 1080 797 1132; x_wconf 81' lang='lat' dir='ltr'><strong>xvi,</strong></span> <span class='ocrx_word' id='word_1_111' title='bbox 826 1064 883 1136; x_wconf 69' lang='grc'>26).</span> <span class='ocrx_word' id='word_1_112' title='bbox 939 1081 1019 1136; x_wconf 79' lang='lat' dir='ltr'><strong>popa,</strong></span> <span class='ocrx_word' id='word_1_113' title='bbox 1035 1069 1062 1122; x_wconf 87' lang='lat' dir='ltr'><strong>et</strong></span> <span class='ocrx_word' id='word_1_114' title='bbox 1081 1080 1152 1121; x_wconf 78' lang='lat' dir='ltr'><strong>eoas</strong></span> <span class='ocrx_word' id='word_1_115' title='bbox 1172 1066 1264 1121; x_wconf 80' lang='lat' dir='ltr'><strong>Aaron</strong></span> <span class='ocrx_word' id='word_1_116' title='bbox 1286 1064 1385 1120; x_wconf 82' lang='lat' dir='ltr'><strong>stolam</strong></span> <span class='ocrx_word' id='word_1_117' title='bbox 1401 1065 1470 1136; x_wconf 80' lang='lat' dir='ltr'><strong>ejas,</strong></span> <span class='ocrx_word' id='word_1_118' title='bbox 1497 1070 1525 1120; x_wconf 89' lang='lat' dir='ltr'><strong>et</strong></span> <span class='ocrx_word' id='word_1_119' title='bbox 1553 1066 1637 1121; x_wconf 83' lang='lat' dir='ltr'><strong>indae</strong></span> <span class='ocrx_word' id='word_1_120' title='bbox 1651 1067 1766 1122; x_wconf 72' lang='lat' dir='ltr'><strong>Eleaza-</strong></span> 
     </span>
     <span class='ocr_line' id='line_1_10' title="bbox 55 1151 1770 1226; baseline 0.001 -17"><span class='ocrx_word' id='word_1_121' title='bbox 55 1152 179 1224; x_wconf 90' lang='lat' dir='ltr'><strong>Propter</strong></span> <span class='ocrx_word' id='word_1_122' title='bbox 193 1151 271 1223; x_wconf 93' lang='lat' dir='ltr'><strong>quod</strong></span> <span class='ocrx_word' id='word_1_123' title='bbox 286 1151 369 1223; x_wconf 80' lang='lat' dir='ltr'>plebs</span> <span class='ocrx_word' id='word_1_124' title='bbox 384 1152 550 1223; x_wconf 87' lang='lat' dir='ltr'><strong>obsequens</strong></span> <span class='ocrx_word' id='word_1_125' title='bbox 559 1152 616 1223; x_wconf 87' lang='grc'>(50)</span> <span class='ocrx_word' id='word_1_126' title='bbox 627 1153 779 1224; x_wconf 80' lang='lat' dir='ltr'><strong>preceptis</strong></span> <span class='ocrx_word' id='word_1_127' title='bbox 793 1154 885 1209; x_wconf 81' lang='lat' dir='ltr'><strong>dorni·</strong></span> <span class='ocrx_word' id='word_1_128' title='bbox 939 1170 1003 1211; x_wconf 83' lang='lat' dir='ltr'><strong>ram</strong></span> <span class='ocrx_word' id='word_1_129' title='bbox 1016 1155 1108 1225; x_wconf 66' lang='lat' dir='ltr'><strong>filiam</strong></span> <span class='ocrx_word' id='word_1_130' title='bbox 1133 1169 1204 1226; x_wconf 72' lang='lat' dir='ltr'><strong>ejus,</strong></span> <span class='ocrx_word' id='word_1_131' title='bbox 1227 1160 1252 1209; x_wconf 90' lang='lat' dir='ltr'><strong>et</strong></span> <span class='ocrx_word' id='word_1_132' title='bbox 1280 1153 1372 1208; x_wconf 78' lang='lat' dir='ltr'><strong>Aaron</strong></span> <span class='ocrx_word' id='word_1_133' title='bbox 1399 1156 1541 1225; x_wconf 80' lang='lat' dir='ltr'><strong>appositas</strong></span> <span class='ocrx_word' id='word_1_134' title='bbox 1556 1156 1611 1225; x_wconf 90' lang='grc'>(53)</span> <span class='ocrx_word' id='word_1_135' title='bbox 1631 1158 1770 1210; x_wconf 81' lang='lat' dir='ltr'><strong>moriatur</strong></span> 
     </span>
     <span class='ocr_line' id='line_1_11' title="bbox 56 1236 1769 1315; baseline 0.001 -17"><span class='ocrx_word' id='word_1_136' title='bbox 56 1241 134 1299; x_wconf 83' lang='lat' dir='ltr'><strong>nicio</strong></span> <span class='ocrx_word' id='word_1_137' title='bbox 150 1240 278 1297; x_wconf 82' lang='lat' dir='ltr'><strong>etDeum</strong></span> <span class='ocrx_word' id='word_1_138' title='bbox 294 1244 430 1295; x_wconf 88' lang='lat' dir='ltr'><strong>metuens</strong></span> <span class='ocrx_word' id='word_1_139' title='bbox 446 1257 465 1295; x_wconf 90' lang='lat' dir='ltr'><strong>a</strong></span> <span class='ocrx_word' id='word_1_140' title='bbox 479 1244 630 1312; x_wconf 89' lang='lat' dir='ltr'><strong>peccatore</strong></span> <span class='ocrx_word' id='word_1_141' title='bbox 658 1241 812 1313; x_wconf 75' lang='lat' dir='ltr'><strong>preposito</strong></span> <span class='ocrx_word' id='word_1_142' title='bbox 827 1243 883 1315; x_wconf 82' lang='lat'>(51)</span> <span class='ocrx_word' id='word_1_143' title='bbox 940 1242 1000 1299; x_wconf 84' lang='lat' dir='ltr'><strong>illie</strong></span> <span class='ocrx_word' id='word_1_144' title='bbox 1013 1243 1106 1315; x_wconf 82' lang='lat' dir='ltr'><strong>(Nam.</strong></span> <span class='ocrx_word' id='word_1_145' title='bbox 1122 1258 1169 1307; x_wconf 82' lang='lat' dir='ltr'><strong>xx,</strong></span> <span class='ocrx_word' id='word_1_146' title='bbox 1185 1242 1230 1313; x_wconf 84' lang='lat'><strong>25,</strong></span> <span class='ocrx_word' id='word_1_147' title='bbox 1245 1240 1303 1311; x_wconf 79' lang='grc'>26).</span> <span class='ocrx_word' id='word_1_148' title='bbox 1319 1236 1425 1298; x_wconf 74' lang='grc'>’1626</span> <span class='ocrx_word' id='word_1_149' title='bbox 1441 1242 1545 1298; x_wconf 89' lang='lat' dir='ltr'><strong>Coram</strong></span> <span class='ocrx_word' id='word_1_150' title='bbox 1571 1242 1650 1298; x_wconf 89' lang='lat' dir='ltr'><strong>omni</strong></span> <span class='ocrx_word' id='word_1_151' title='bbox 1674 1243 1769 1315; x_wconf 77' lang='lat' dir='ltr'><strong>Syna·</strong></span> 
     </span>
     <span class='ocr_line' id='line_1_12' title="bbox 55 1328 1766 1405; baseline 0.001 -18"><span class='ocrx_word' id='word_1_152' title='bbox 55 1346 195 1403; x_wconf 87' lang='lat' dir='ltr'><strong>separare</strong></span> <span class='ocrx_word' id='word_1_153' title='bbox 209 1345 241 1385; x_wconf 90' lang='lat' dir='ltr'><strong>se</strong></span> <span class='ocrx_word' id='word_1_154' title='bbox 256 1328 353 1395; x_wconf 87' lang='lat' dir='ltr'><strong>debat,</strong></span> <span class='ocrx_word' id='word_1_155' title='bbox 369 1345 422 1385; x_wconf 88' lang='lat' dir='ltr'><strong>nec</strong></span> <span class='ocrx_word' id='word_1_156' title='bbox 450 1345 481 1385; x_wconf 89' lang='lat' dir='ltr'><strong>se</strong></span> <span class='ocrx_word' id='word_1_157' title='bbox 496 1330 532 1385; x_wconf 91' lang='lat' dir='ltr'><strong>nd</strong></span> <span class='ocrx_word' id='word_1_158' title='bbox 557 1329 693 1403; x_wconf 81' lang='lat' dir='ltr'><strong>sacrilegi</strong></span> <span class='ocrx_word' id='word_1_159' title='bbox 721 1332 883 1389; x_wconf 86' lang='lat' dir='ltr'><strong>sacerdotis</strong></span> <span class='ocrx_word' id='word_1_160' title='bbox 940 1348 1015 1405; x_wconf 91' lang='lat' dir='ltr'><strong>gogs</strong></span> <span class='ocrx_word' id='word_1_161' title='bbox 1025 1332 1111 1403; x_wconf 86' lang='lat' dir='ltr'><strong>jubet</strong></span> <span class='ocrx_word' id='word_1_162' title='bbox 1125 1331 1203 1387; x_wconf 88' lang='lat' dir='ltr'><strong>Deus</strong></span> <span class='ocrx_word' id='word_1_163' title='bbox 1218 1330 1356 1386; x_wconf 88' lang='lat' dir='ltr'><strong>constitui</strong></span> <span class='ocrx_word' id='word_1_164' title='bbox 1380 1332 1574 1397; x_wconf 85' lang='lat' dir='ltr'><strong>sacerdotem,</strong></span> <span class='ocrx_word' id='word_1_165' title='bbox 1591 1332 1619 1386; x_wconf 95' lang='lat' dir='ltr'><strong>id</strong></span> <span class='ocrx_word' id='word_1_166' title='bbox 1635 1336 1690 1402; x_wconf 86' lang='lat' dir='ltr'><strong>est,</strong></span> <span class='ocrx_word' id='word_1_167' title='bbox 1705 1333 1766 1389; x_wconf 91' lang='lat' dir='ltr'><strong>ins·</strong></span> 
     </span>
     <span class='ocr_line' id='line_1_13' title="bbox 55 1417 1766 1493; baseline 0 -16"><span class='ocrx_word' id='word_1_168' title='bbox 55 1418 204 1477; x_wconf 85' lang='lat' dir='ltr'><strong>sacrificia</strong></span> <span class='ocrx_word' id='word_1_169' title='bbox 216 1417 349 1489; x_wconf 86' lang='lat' dir='ltr'><strong>miscere,</strong></span> <span class='ocrx_word' id='word_1_170' title='bbox 366 1419 484 1489; x_wconf 88' lang='lat' dir='ltr'><strong>quando</strong></span> <span class='ocrx_word' id='word_1_171' title='bbox 494 1418 559 1490; x_wconf 89' lang='lat' dir='ltr'><strong>ipsa</strong></span> <span class='ocrx_word' id='word_1_172' title='bbox 574 1418 701 1475; x_wconf 87' lang='lat' dir='ltr'><strong>maxime</strong></span> <span class='ocrx_word' id='word_1_173' title='bbox 716 1418 822 1476; x_wconf 85' lang='lat' dir='ltr'><strong>babeat</strong></span> <span class='ocrx_word' id='word_1_174' title='bbox 832 1437 883 1493; x_wconf 93' lang='lat' dir='ltr'><strong>po·</strong></span> <span class='ocrx_word' id='word_1_175' title='bbox 939 1422 1012 1477; x_wconf 92' lang='lat' dir='ltr'><strong>truit</strong></span> <span class='ocrx_word' id='word_1_176' title='bbox 1026 1426 1054 1477; x_wconf 91' lang='lat' dir='ltr'><strong>et</strong></span> <span class='ocrx_word' id='word_1_177' title='bbox 1067 1419 1407 1477; x_wconf 87' lang='lat' dir='ltr'><strong>ostenditordinationas</strong></span> <span class='ocrx_word' id='word_1_178' title='bbox 1418 1420 1615 1476; x_wconf 87' lang='lat' dir='ltr'><strong>sacerdotales</strong></span> <span class='ocrx_word' id='word_1_179' title='bbox 1633 1437 1691 1476; x_wconf 93' lang='lat' dir='ltr'><strong>non</strong></span> <span class='ocrx_word' id='word_1_180' title='bbox 1707 1420 1766 1493; x_wconf 88' lang='grc'>(54)</span> 
     </span>
     <span class='ocr_line' id='line_1_14' title="bbox 55 1505 1764 1582; baseline 0 -16"><span class='ocrx_word' id='word_1_181' title='bbox 55 1512 194 1566; x_wconf 87' lang='lat' dir='ltr'><strong>testatem</strong></span> <span class='ocrx_word' id='word_1_182' title='bbox 207 1508 264 1579; x_wconf 82' lang='lat'>(52)</span> <span class='ocrx_word' id='word_1_183' title='bbox 276 1506 320 1563; x_wconf 90' lang='lat' dir='ltr'><strong>vel</strong></span> <span class='ocrx_word' id='word_1_184' title='bbox 335 1505 462 1579; x_wconf 87' lang='lat' dir='ltr'><strong>eligendi</strong></span> <span class='ocrx_word' id='word_1_185' title='bbox 475 1507 581 1580; x_wconf 91' lang='lat' dir='ltr'><strong>dignos</strong></span> <span class='ocrx_word' id='word_1_186' title='bbox 596 1508 765 1565; x_wconf 71' lang='lat' dir='ltr'><strong>sacerdotes</strong></span> <span class='ocrx_word' id='word_1_187' title='bbox 778 1509 823 1566; x_wconf 88' lang='lat' dir='ltr'><strong>vol</strong></span> <span class='ocrx_word' id='word_1_188' title='bbox 838 1510 884 1565; x_wconf 91' lang='lat' dir='ltr'><strong>in·</strong></span> <span class='ocrx_word' id='word_1_189' title='bbox 938 1510 995 1566; x_wconf 93' lang='lat' dir='ltr'><strong>nisi</strong></span> <span class='ocrx_word' id='word_1_190' title='bbox 1011 1511 1065 1566; x_wconf 88' lang='lat' dir='ltr'><strong>sub</strong></span> <span class='ocrx_word' id='word_1_191' title='bbox 1081 1508 1183 1582; x_wconf 89' lang='lat' dir='ltr'><strong>populi</strong></span> <span class='ocrx_word' id='word_1_192' title='bbox 1195 1507 1360 1564; x_wconf 88' lang='lat' dir='ltr'><strong>assistentis</strong></span> <span class='ocrx_word' id='word_1_193' title='bbox 1376 1508 1553 1564; x_wconf 85' lang='lat' dir='ltr'><strong>conscientia</strong></span> <span class='ocrx_word' id='word_1_194' title='bbox 1569 1509 1632 1564; x_wconf 83' lang='lat' dir='ltr'><strong>ilari</strong></span> <span class='ocrx_word' id='word_1_195' title='bbox 1647 1515 1764 1582; x_wconf 89' lang='lat' dir='ltr'><strong>oporte-</strong></span> 
     </span>
     <span class='ocr_line' id='line_1_15' title="bbox 57 1594 1767 1673; baseline -0.001 -19"><span class='ocrx_word' id='word_1_196' title='bbox 57 1596 166 1671; x_wconf 91' lang='lat' dir='ltr'><strong>dignos</strong></span> <span class='ocrx_word' id='word_1_197' title='bbox 179 1594 346 1652; x_wconf 87' lang='lat' dir='ltr'><strong>recusandi.</strong></span> <span class='ocrx_word' id='word_1_198' title='bbox 630 1666 636 1673; x_wconf 31' lang='grc' dir='ltr'>ι</span> <span class='ocrx_word' id='word_1_199' title='bbox 940 1615 981 1669; x_wconf 84' lang='lat' dir='ltr'><strong>rs,</strong></span> <span class='ocrx_word' id='word_1_200' title='bbox 993 1603 1025 1655; x_wconf 88' lang='lat' dir='ltr'><strong>ut</strong></span> <span class='ocrx_word' id='word_1_201' title='bbox 1039 1599 1124 1671; x_wconf 87' lang='lat' dir='ltr'><strong>plebe</strong></span> <span class='ocrx_word' id='word_1_202' title='bbox 1140 1601 1282 1670; x_wconf 78' lang='lat' dir='ltr'><strong>prasente</strong></span> <span class='ocrx_word' id='word_1_203' title='bbox 1295 1596 1338 1653; x_wconf 86' lang='lat' dir='ltr'><strong>vel</strong></span> <span class='ocrx_word' id='word_1_204' title='bbox 1362 1598 1535 1670; x_wconf 84' lang='lat' dir='ltr'><strong>delegantur</strong></span> <span class='ocrx_word' id='word_1_205' title='bbox 1550 1598 1697 1655; x_wconf 83' lang='lat' dir='ltr'><strong>malorum</strong></span> <span class='ocrx_word' id='word_1_206' title='bbox 1710 1598 1767 1654; x_wconf 89' lang='lat' dir='ltr'><strong>cri·</strong></span> 
     </span>
    </p>
   </div>
   <div class='ocr_carea' id='block_1_3' title="bbox 774 1695 1053 1760">
    <p class='ocr_par' dir='ltr' id='par_1_3' title="bbox 774 1695 1053 1760">
     <span class='ocr_line' id='line_1_16' title="bbox 774 1695 1053 1760; baseline 0.007 -3"><span class='ocrx_word' id='word_1_207' title='bbox 774 1698 876 1759; x_wconf 77' lang='lat' dir='ltr'><strong>Variae</strong></span> <span class='ocrx_word' id='word_1_208' title='bbox 892 1695 1053 1760; x_wconf 85' lang='lat' dir='ltr'><strong>lectiones.</strong></span> 
     </span>
    </p>
   </div>
   <div class='ocr_carea' id='block_1_4' title="bbox 59 1790 1766 1923">
    <p class='ocr_par' dir='ltr' id='par_1_4' title="bbox 59 1790 1766 1923">
     <span class='ocr_line' id='line_1_17' title="bbox 95 1790 1766 1921; baseline 0.003 -75"><span class='ocrx_word' id='word_1_209' title='bbox 95 1792 287 1921; x_wconf 55' lang='lat' dir='ltr'><strong>“aofflm</strong></span> <span class='ocrx_word' id='word_1_210' title='bbox 301 1790 343 1847; x_wconf 90' lang='lat' dir='ltr'><strong>eis</strong></span> <span class='ocrx_word' id='word_1_211' title='bbox 359 1794 435 1848; x_wconf 81' lang='lat' dir='ltr'><strong>cam.</strong></span> <span class='ocrx_word' id='word_1_212' title='bbox 447 1790 527 1847; x_wconf 82' lang='lat' dir='ltr'><strong>libor.</strong></span> <span class='ocrx_word' id='word_1_213' title='bbox 543 1790 608 1848; x_wconf 80' lang='lat' dir='ltr'><strong>aaa.</strong></span> <span class='ocrx_word' id='word_1_214' title='bbox 620 1790 647 1861; x_wconf 90' lang='lat' dir='ltr'><strong>l,</strong></span> <span class='ocrx_word' id='word_1_215' title='bbox 662 1794 690 1847; x_wconf 85' lang='lat'><strong>2.</strong></span> <span class='ocrx_word' id='word_1_216' title='bbox 707 1793 767 1848; x_wconf 84' lang='lat' dir='ltr'><strong>tia.</strong></span> <span class='ocrx_word' id='word_1_217' title='bbox 783 1792 837 1849; x_wconf 73' lang='grc' dir='ltr'><strong>ΝΟ.</strong></span> <span class='ocrx_word' id='word_1_218' title='bbox 852 1794 880 1849; x_wconf 85' lang='grc'><strong>2.</strong></span> <span class='ocrx_word' id='word_1_219' title='bbox 895 1794 960 1851; x_wconf 82' lang='lat' dir='ltr'><strong>lta.</strong></span> <span class='ocrx_word' id='word_1_220' title='bbox 975 1795 1047 1851; x_wconf 76' lang='lat' dir='ltr'><strong>Fosi.</strong></span> <span class='ocrx_word' id='word_1_221' title='bbox 1077 1793 1155 1850; x_wconf 79' lang='lat' dir='ltr'><strong>Cori.</strong></span> <span class='ocrx_word' id='word_1_222' title='bbox 1176 1792 1260 1852; x_wconf 70' lang='lat' dir='ltr'><strong>ureb.</strong></span> <span class='ocrx_word' id='word_1_223' title='bbox 1288 1794 1354 1849; x_wconf 80' lang='lat' dir='ltr'><strong>Vici.</strong></span> <span class='ocrx_word' id='word_1_224' title='bbox 1369 1793 1393 1828; x_wconf 76' lang='lat'><strong>⁸⁸</strong></span> <span class='ocrx_word' id='word_1_225' title='bbox 1407 1792 1568 1867; x_wconf 75' lang='lat' dir='ltr'><strong>Episcopus</strong></span> <span class='ocrx_word' id='word_1_226' title='bbox 1593 1792 1676 1867; x_wconf 91' lang='lat' dir='ltr'><strong>plebe</strong></span> <span class='ocrx_word' id='word_1_227' title='bbox 1691 1810 1766 1866; x_wconf 82' lang='lat' dir='ltr'><strong>pre·</strong></span> 
     </span>
     <span class='ocr_line' id='line_1_18' title="bbox 59 1882 252 1923; baseline -0.01 -1"><span class='ocrx_word' id='word_1_228' title='bbox 59 1882 113 1923; x_wconf 86' lang='lat' dir='ltr'><strong>seu</strong></span> <span class='ocrx_word' id='word_1_229' title='bbox 243 1900 252 1920; x_wconf 89' lang='lat'><strong><em>.</em></strong></span> 
     </span>
    </p>
   </div>
   <div class='ocr_carea' id='block_1_5' title="bbox 773 1937 1056 2001">
    <p class='ocr_par' dir='ltr' id='par_1_5' title="bbox 773 1937 1056 2001">
     <span class='ocr_line' id='line_1_19' title="bbox 773 1937 1056 2001; baseline 0.007 -6"><span class='ocrx_word' id='word_1_230' title='bbox 773 1937 940 2001; x_wconf 80' lang='lat' dir='ltr'><strong>Vas-iorum</strong></span> <span class='ocrx_word' id='word_1_231' title='bbox 961 1944 1056 2000; x_wconf 80' lang='lat' dir='ltr'><strong>notae.</strong></span> 
     </span>
    </p>
   </div>
   <div class='ocr_carea' id='block_1_6' title="bbox 57 2029 1782 5819">
    <p class='ocr_par' dir='ltr' id='par_1_6' title="bbox 57 2029 1782 5819">
     <span class='ocr_line' id='line_1_20' title="bbox 96 2029 1761 2104; baseline -0.001 -16"><span class='ocrx_word' id='word_1_232' title='bbox 96 2032 153 2103; x_wconf 90' lang='grc'>(46)</span> <span class='ocrx_word' id='word_1_233' title='bbox 168 2032 329 2087; x_wconf 65' lang='lat' dir='ltr'><strong>lusatiam.</strong></span> <span class='ocrx_word' id='word_1_234' title='bbox 346 2030 377 2085; x_wconf 94' lang='lat' dir='ltr'><strong>ld</strong></span> <span class='ocrx_word' id='word_1_235' title='bbox 392 2033 438 2085; x_wconf 90' lang='lat' dir='ltr'><strong>est</strong></span> <span class='ocrx_word' id='word_1_236' title='bbox 450 2031 512 2101; x_wconf 88' lang='lat' dir='ltr'><strong>jus,</strong></span> <span class='ocrx_word' id='word_1_237' title='bbox 528 2030 742 2102; x_wconf 87' lang='lat' dir='ltr'><strong>auctoritatem,</strong></span> <span class='ocrx_word' id='word_1_238' title='bbox 758 2036 922 2104; x_wconf 84' lang='lat' dir='ltr'><strong>potesta-B</strong></span> <span class='ocrx_word' id='word_1_239' title='bbox 937 2050 1003 2091; x_wconf 89' lang='lat' dir='ltr'><strong>rum</strong></span> <span class='ocrx_word' id='word_1_240' title='bbox 1018 2049 1050 2089; x_wconf 89' lang='lat' dir='ltr'><strong>se</strong></span> <span class='ocrx_word' id='word_1_241' title='bbox 1065 2030 1237 2099; x_wconf 82' lang='lat' dir='ltr'><strong>babent,tlsi</strong></span> <span class='ocrx_word' id='word_1_242' title='bbox 1254 2032 1293 2104; x_wconf 83' lang='grc' dir='ltr'><strong>μὴ</strong></span> <span class='ocrx_word' id='word_1_243' title='bbox 1310 2029 1488 2087; x_wconf 65' lang='lat' dir='ltr'><strong>&amp;moabtici</strong></span> <span class='ocrx_word' id='word_1_244' title='bbox 1503 2032 1610 2086; x_wconf 79' lang='grc' dir='ltr'>πάντων</span> <span class='ocrx_word' id='word_1_245' title='bbox 1627 2030 1677 2087; x_wconf 73' lang='grc' dir='ltr'><strong>ὅσα</strong></span> <span class='ocrx_word' id='word_1_246' title='bbox 1691 2031 1761 2087; x_wconf 82' lang='grc' dir='ltr'>ἐστιν</span> 
     </span>
     <span class='ocr_line' id='line_1_21' title="bbox 58 2100 1162 2174; baseline -0.002 -13"><span class='ocrx_word' id='word_1_247' title='bbox 58 2108 132 2161; x_wconf 90' lang='lat' dir='ltr'><strong>tem.</strong></span> <span class='ocrx_word' id='word_1_248' title='bbox 150 2102 232 2159; x_wconf 89' lang='lat' dir='ltr'><strong>Unde</strong></span> <span class='ocrx_word' id='word_1_249' title='bbox 246 2103 275 2157; x_wconf 91' lang='lat' dir='ltr'><strong>in</strong></span> <span class='ocrx_word' id='word_1_250' title='bbox 290 2117 348 2157; x_wconf 94' lang='lat' dir='ltr'><strong>uno</strong></span> <span class='ocrx_word' id='word_1_251' title='bbox 363 2101 461 2157; x_wconf 91' lang='lat' dir='ltr'><strong>codice</strong></span> <span class='ocrx_word' id='word_1_252' title='bbox 477 2100 554 2174; x_wconf 88' lang='lat' dir='ltr'><strong>regio</strong></span> <span class='ocrx_word' id='word_1_253' title='bbox 566 2102 708 2174; x_wconf 86' lang='lat' dir='ltr'><strong>scriptum</strong></span> <span class='ocrx_word' id='word_1_254' title='bbox 722 2110 782 2159; x_wconf 86' lang='lat' dir='ltr'><strong>est:</strong></span> <span class='ocrx_word' id='word_1_255' title='bbox 798 2106 883 2159; x_wconf 83' lang='lat' dir='ltr'><strong>socri-</strong></span> <span class='ocrx_word' id='word_1_256' title='bbox 940 2104 1033 2165; x_wconf 78' lang='grc' dir='ltr'><strong>αὐτοῖς</strong></span> <span class='ocrx_word' id='word_1_257' title='bbox 1055 2104 1162 2159; x_wconf 83' lang='lat' dir='ltr'><strong>ltourn.</strong></span> 
     </span>
     <span class='ocr_line' id='line_1_22' title="bbox 57 2173 1767 2258; baseline -0.001 -26"><span class='ocrx_word' id='word_1_258' title='bbox 57 2173 168 2249; x_wconf 76' lang='lat' dir='ltr'><strong>ficaadi</strong></span> <span class='ocrx_word' id='word_1_259' title='bbox 181 2175 238 2229; x_wconf 81' lang='lat' dir='ltr'><strong>sibi</strong></span> <span class='ocrx_word' id='word_1_260' title='bbox 251 2174 294 2243; x_wconf 72' lang='lat' dir='ltr'><strong>ias</strong></span> <span class='ocrx_word' id='word_1_261' title='bbox 310 2174 409 2228; x_wconf 83' lang='lat' dir='ltr'><strong>illicite</strong></span> <span class='ocrx_word' id='word_1_262' title='bbox 422 2173 643 2230; x_wconf 75' lang='lat' dir='ltr'><strong>vindicat-eruat.</strong></span> <span class='ocrx_word' id='word_1_263' title='bbox 660 2174 727 2230; x_wconf 94' lang='lat' dir='ltr'><strong>lstic</strong></span> <span class='ocrx_word' id='word_1_264' title='bbox 744 2176 842 2247; x_wconf 89' lang='lat' dir='ltr'><strong>itaque</strong></span> <span class='ocrx_word' id='word_1_265' title='bbox 853 2175 886 2230; x_wconf 94' lang='lat' dir='ltr'><strong>li·</strong></span> <span class='ocrx_word' id='word_1_266' title='bbox 977 2176 1033 2249; x_wconf 84' lang='grc'>(50)</span> <span class='ocrx_word' id='word_1_267' title='bbox 1050 2174 1129 2230; x_wconf 84' lang='lat' dir='ltr'><strong>Plebs</strong></span> <span class='ocrx_word' id='word_1_268' title='bbox 1139 2173 1297 2258; x_wconf 78' lang='lat' dir='ltr'><strong>obsequeris.</strong></span> <span class='ocrx_word' id='word_1_269' title='bbox 1314 2175 1415 2231; x_wconf 89' lang='lat' dir='ltr'><strong>Sermo</strong></span> <span class='ocrx_word' id='word_1_270' title='bbox 1440 2175 1476 2230; x_wconf 87' lang='lat' dir='ltr'><strong>de</strong></span> <span class='ocrx_word' id='word_1_271' title='bbox 1500 2174 1650 2231; x_wconf 86' lang='lat' dir='ltr'><strong>vexatione</strong></span> <span class='ocrx_word' id='word_1_272' title='bbox 1670 2174 1767 2231; x_wconf 88' lang='lat' dir='ltr'><strong>Dona·</strong></span> 
     </span>
     <span class='ocr_line' id='line_1_23' title="bbox 59 2245 1769 2318; baseline -0.002 -14"><span class='ocrx_word' id='word_1_273' title='bbox 59 2246 157 2304; x_wconf 89' lang='lat' dir='ltr'><strong>centis</strong></span> <span class='ocrx_word' id='word_1_274' title='bbox 171 2249 332 2316; x_wconf 85' lang='lat' dir='ltr'><strong>usurpatur</strong></span> <span class='ocrx_word' id='word_1_275' title='bbox 346 2245 454 2314; x_wconf 88' lang='lat' dir='ltr'><strong>optime</strong></span> <span class='ocrx_word' id='word_1_276' title='bbox 464 2246 654 2317; x_wconf 88' lang='lat' dir='ltr'><strong>prosudacia,</strong></span> <span class='ocrx_word' id='word_1_277' title='bbox 672 2252 705 2301; x_wconf 94' lang='lat' dir='ltr'><strong>ut</strong></span> <span class='ocrx_word' id='word_1_278' title='bbox 715 2247 792 2318; x_wconf 90' lang='lat' dir='ltr'><strong>apud</strong></span> <span class='ocrx_word' id='word_1_279' title='bbox 808 2247 887 2303; x_wconf 90' lang='lat' dir='ltr'><strong>Cice·</strong></span> <span class='ocrx_word' id='word_1_280' title='bbox 941 2248 1078 2303; x_wconf 89' lang='lat' dir='ltr'><strong>tistsrum</strong></span> <span class='ocrx_word' id='word_1_281' title='bbox 1094 2246 1191 2301; x_wconf 89' lang='lat' dir='ltr'><strong>editus</strong></span> <span class='ocrx_word' id='word_1_282' title='bbox 1206 2262 1236 2302; x_wconf 83' lang='lat' dir='ltr'><strong>an</strong></span> <span class='ocrx_word' id='word_1_283' title='bbox 1251 2246 1410 2317; x_wconf 90' lang='lat' dir='ltr'><strong>appendice</strong></span> <span class='ocrx_word' id='word_1_284' title='bbox 1419 2245 1544 2318; x_wconf 88' lang='lat' dir='ltr'><strong>Optatia</strong></span> <span class='ocrx_word' id='word_1_285' title='bbox 1558 2246 1620 2302; x_wconf 90' lang='lat' dir='ltr'><strong>viro</strong></span> <span class='ocrx_word' id='word_1_286' title='bbox 1636 2246 1769 2303; x_wconf 88' lang='lat' dir='ltr'><strong>deotissi-</strong></span> 
     </span>
     <span class='ocr_line' id='line_1_24' title="bbox 59 2315 1768 2390; baseline -0.001 -15"><span class='ocrx_word' id='word_1_287' title='bbox 59 2334 164 2375; x_wconf 89' lang='lat' dir='ltr'><strong>ronom</strong></span> <span class='ocrx_word' id='word_1_288' title='bbox 179 2318 209 2371; x_wconf 94' lang='lat' dir='ltr'><strong>in</strong></span> <span class='ocrx_word' id='word_1_289' title='bbox 224 2316 360 2372; x_wconf 75' lang='lat' dir='ltr'><strong>Oratione</strong></span> <span class='ocrx_word' id='word_1_290' title='bbox 398 2332 430 2371; x_wconf 92' lang='lat' dir='ltr'><strong>ro</strong></span> <span class='ocrx_word' id='word_1_291' title='bbox 443 2318 476 2381; x_wconf 89' lang='lat' dir='ltr'><strong>Q.</strong></span> <span class='ocrx_word' id='word_1_292' title='bbox 504 2315 618 2389; x_wconf 88' lang='lat' dir='ltr'><strong>Ligario</strong></span> <span class='ocrx_word' id='word_1_293' title='bbox 636 2334 643 2372; x_wconf 92' lang='lat'><strong>:</strong></span> <span class='ocrx_word' id='word_1_294' title='bbox 667 2318 730 2373; x_wconf 81' lang='lat' dir='ltr'><strong>Vide</strong></span> <span class='ocrx_word' id='word_1_295' title='bbox 757 2318 824 2390; x_wconf 82' lang='lat' dir='ltr'><strong>qaid</strong></span> <span class='ocrx_word' id='word_1_296' title='bbox 852 2320 888 2374; x_wconf 81' lang='lat' dir='ltr'><strong>a·-</strong></span> <span class='ocrx_word' id='word_1_297' title='bbox 943 2336 991 2374; x_wconf 94' lang='lat' dir='ltr'><strong>mo</strong></span> <span class='ocrx_word' id='word_1_298' title='bbox 1008 2316 1248 2374; x_wconf 77' lang='lat' dir='ltr'><strong>Ludovioollllies</strong></span> <span class='ocrx_word' id='word_1_299' title='bbox 1262 2319 1302 2373; x_wconf 92' lang='lat' dir='ltr'><strong>du</strong></span> <span class='ocrx_word' id='word_1_300' title='bbox 1319 2318 1370 2372; x_wconf 87' lang='lat' dir='ltr'><strong>Pin</strong></span> <span class='ocrx_word' id='word_1_301' title='bbox 1387 2333 1453 2389; x_wconf 83' lang='lat' dir='ltr'><strong>pag.</strong></span> <span class='ocrx_word' id='word_1_302' title='bbox 1465 2318 1553 2385; x_wconf 57' lang='lat' dir='ltr'><strong>‘etim</strong></span> <span class='ocrx_word' id='word_1_303' title='bbox 1567 2318 1585 2372; x_wconf 89' lang='lat'>3</span> <span class='ocrx_word' id='word_1_304' title='bbox 1600 2335 1607 2373; x_wconf 90' lang='lat'>:</span> <span class='ocrx_word' id='word_1_305' title='bbox 1625 2319 1696 2374; x_wconf 79' lang='lat' dir='ltr'><strong>Ante</strong></span> <span class='ocrx_word' id='word_1_306' title='bbox 1709 2318 1768 2390; x_wconf 89' lang='lat' dir='ltr'><strong>ple·</strong></span> 
     </span>
     <span class='ocr_line' id='line_1_25' title="bbox 59 2387 1590 2459; baseline -0.004 -12"><span class='ocrx_word' id='word_1_307' title='bbox 59 2392 164 2447; x_wconf 80' lang='lat' dir='ltr'><strong>ceatiae</strong></span> <span class='ocrx_word' id='word_1_308' title='bbox 178 2388 267 2443; x_wconf 77' lang='lat' dir='ltr'><strong>Caesar</strong></span> <span class='ocrx_word' id='word_1_309' title='bbox 276 2389 354 2443; x_wconf 81' lang='lat' dir='ltr'><strong>nobis</strong></span> <span class='ocrx_word' id='word_1_310' title='bbox 404 2392 423 2457; x_wconf 90' lang='lat' dir='ltr'><strong>t,</strong></span> <span class='ocrx_word' id='word_1_311' title='bbox 439 2387 484 2443; x_wconf 82' lang='lat' dir='ltr'><strong>oet</strong></span> <span class='ocrx_word' id='word_1_312' title='bbox 497 2390 587 2459; x_wconf 79' lang='lat' dir='ltr'><strong>potius</strong></span> <span class='ocrx_word' id='word_1_313' title='bbox 600 2388 666 2459; x_wconf 82' lang='lat' dir='ltr'><strong>qaid</strong></span> <span class='ocrx_word' id='word_1_314' title='bbox 679 2388 815 2447; x_wconf 75' lang='lat' dir='ltr'><strong>audaciae.</strong></span> <span class='ocrx_word' id='word_1_315' title='bbox 831 2390 887 2445; x_wconf 90' lang='lat' dir='ltr'><strong>Na·</strong></span> <span class='ocrx_word' id='word_1_316' title='bbox 944 2391 1004 2447; x_wconf 87' lang='lat' dir='ltr'><strong>bem</strong></span> <span class='ocrx_word' id='word_1_317' title='bbox 1018 2392 1103 2445; x_wconf 79' lang='lat' dir='ltr'><strong>niueis</strong></span> <span class='ocrx_word' id='word_1_318' title='bbox 1120 2390 1175 2445; x_wconf 81' lang='lat' dir='ltr'><strong>sibi</strong></span> <span class='ocrx_word' id='word_1_319' title='bbox 1187 2405 1295 2459; x_wconf 78' lang='lat' dir='ltr'><strong>semper</strong></span> <span class='ocrx_word' id='word_1_320' title='bbox 1309 2391 1475 2445; x_wconf 84' lang='lat' dir='ltr'><strong>obsecutam.</strong></span> <span class='ocrx_word' id='word_1_321' title='bbox 1492 2394 1590 2445; x_wconf 79' lang='lat' dir='ltr'><strong>Banuz.</strong></span> 
     </span>
     <span class='ocr_line' id='line_1_26' title="bbox 60 2459 1772 2542; baseline -0.001 -25"><span class='ocrx_word' id='word_1_322' title='bbox 60 2465 160 2517; x_wconf 86' lang='lat' dir='ltr'><strong>zarius</strong></span> <span class='ocrx_word' id='word_1_323' title='bbox 174 2460 202 2514; x_wconf 94' lang='lat' dir='ltr'><strong>in</strong></span> <span class='ocrx_word' id='word_1_324' title='bbox 220 2459 393 2542; x_wconf 72' lang='lat' dir='ltr'><strong>panegyrico</strong></span> <span class='ocrx_word' id='word_1_325' title='bbox 408 2475 496 2531; x_wconf 89' lang='lat' dir='ltr'><strong>quom</strong></span> <span class='ocrx_word' id='word_1_326' title='bbox 512 2459 584 2514; x_wconf 83' lang='lat' dir='ltr'><strong>dixit</strong></span> <span class='ocrx_word' id='word_1_327' title='bbox 612 2460 806 2516; x_wconf 81' lang='lat' dir='ltr'><strong>Constantino</strong></span> <span class='ocrx_word' id='word_1_328' title='bbox 829 2463 888 2516; x_wconf 83' lang='lat' dir='ltr'><strong>Au·</strong></span> <span class='ocrx_word' id='word_1_329' title='bbox 979 2462 1070 2529; x_wconf 83' lang='grc'>(51)4</span> <span class='ocrx_word' id='word_1_330' title='bbox 1092 2464 1233 2532; x_wconf 83' lang='lat' dir='ltr'><strong>peccatore</strong></span> <span class='ocrx_word' id='word_1_331' title='bbox 1246 2463 1403 2531; x_wconf 70' lang='lat' dir='ltr'><strong>praeposito.</strong></span> <span class='ocrx_word' id='word_1_332' title='bbox 1415 2461 1596 2532; x_wconf 86' lang='lat' dir='ltr'><strong>Magnaistio</strong></span> <span class='ocrx_word' id='word_1_333' title='bbox 1611 2460 1772 2516; x_wconf 87' lang='lat' dir='ltr'><strong>auctoritas</strong></span> 
     </span>
     <span class='ocr_line' id='line_1_27' title="bbox 61 2531 1774 2607; baseline -0.002 -18"><span class='ocrx_word' id='word_1_334' title='bbox 61 2538 149 2607; x_wconf 91' lang='lat' dir='ltr'><strong>gusto</strong></span> <span class='ocrx_word' id='word_1_335' title='bbox 166 2548 172 2585; x_wconf 93' lang='lat'>:</span> <span class='ocrx_word' id='word_1_336' title='bbox 189 2531 261 2602; x_wconf 79' lang='lat' dir='ltr'><strong>qaod</strong></span> <span class='ocrx_word' id='word_1_337' title='bbox 275 2547 322 2603; x_wconf 74' lang='lat' dir='ltr'><strong>aas</strong></span> <span class='ocrx_word' id='word_1_338' title='bbox 336 2532 410 2587; x_wconf 81' lang='lat' dir='ltr'><strong>tueri</strong></span> <span class='ocrx_word' id='word_1_339' title='bbox 419 2534 567 2603; x_wconf 80' lang='lat' dir='ltr'><strong>nequeant,</strong></span> <span class='ocrx_word' id='word_1_340' title='bbox 582 2533 689 2602; x_wconf 68' lang='lat' dir='ltr'><strong>faciunt</strong></span> <span class='ocrx_word' id='word_1_341' title='bbox 699 2532 841 2589; x_wconf 80' lang='lat' dir='ltr'><strong>licentiam</strong></span> <span class='ocrx_word' id='word_1_342' title='bbox 856 2532 890 2588; x_wconf 86' lang='lat' dir='ltr'><strong>de</strong></span> <span class='ocrx_word' id='word_1_343' title='bbox 944 2532 1032 2589; x_wconf 89' lang='lat' dir='ltr'><strong>detur</strong></span> <span class='ocrx_word' id='word_1_344' title='bbox 1045 2532 1134 2604; x_wconf 90' lang='lat' dir='ltr'><strong>plebi,</strong></span> <span class='ocrx_word' id='word_1_345' title='bbox 1150 2532 1230 2588; x_wconf 87' lang='lat' dir='ltr'><strong>utde</strong></span> <span class='ocrx_word' id='word_1_346' title='bbox 1244 2532 1303 2587; x_wconf 87' lang='lat' dir='ltr'><strong>vita</strong></span> <span class='ocrx_word' id='word_1_347' title='bbox 1317 2537 1346 2588; x_wconf 91' lang='lat' dir='ltr'><strong>et</strong></span> <span class='ocrx_word' id='word_1_348' title='bbox 1360 2531 1492 2588; x_wconf 90' lang='lat' dir='ltr'><strong>moribus</strong></span> <span class='ocrx_word' id='word_1_349' title='bbox 1509 2532 1637 2603; x_wconf 87' lang='lat' dir='ltr'><strong>episcopi</strong></span> <span class='ocrx_word' id='word_1_350' title='bbox 1668 2531 1714 2587; x_wconf 87' lang='lat' dir='ltr'><strong>sui</strong></span> <span class='ocrx_word' id='word_1_351' title='bbox 1727 2532 1774 2602; x_wconf 90' lang='lat' dir='ltr'><strong>ju·</strong></span> 
     </span>
     <span class='ocr_line' id='line_1_28' title="bbox 63 2602 1769 2679; baseline -0.002 -18"><span class='ocrx_word' id='word_1_352' title='bbox 63 2609 206 2679; x_wconf 76' lang='lat' dir='ltr'><strong>potestate.</strong></span> <span class='ocrx_word' id='word_1_353' title='bbox 222 2602 321 2659; x_wconf 81' lang='lat' dir='ltr'><strong>Rasna.</strong></span> <span class='ocrx_word' id='word_1_354' title='bbox 944 2605 1029 2673; x_wconf 82' lang='lat' dir='ltr'><strong>dicet,</strong></span> <span class='ocrx_word' id='word_1_355' title='bbox 1045 2604 1109 2661; x_wconf 90' lang='lat' dir='ltr'><strong>etsi</strong></span> <span class='ocrx_word' id='word_1_356' title='bbox 1122 2602 1379 2659; x_wconf 88' lang='lat' dir='ltr'><strong>constiteritillum</strong></span> <span class='ocrx_word' id='word_1_357' title='bbox 1394 2619 1492 2660; x_wconf 87' lang='lat' dir='ltr'><strong>errare</strong></span> <span class='ocrx_word' id='word_1_358' title='bbox 1513 2605 1542 2659; x_wconf 91' lang='lat' dir='ltr'><strong>in</strong></span> <span class='ocrx_word' id='word_1_359' title='bbox 1558 2603 1625 2669; x_wconf 88' lang='lat' dir='ltr'><strong>lide,</strong></span> <span class='ocrx_word' id='word_1_360' title='bbox 1650 2605 1687 2659; x_wconf 92' lang='lat' dir='ltr'><strong>ab</strong></span> <span class='ocrx_word' id='word_1_361' title='bbox 1703 2604 1769 2673; x_wconf 89' lang='lat' dir='ltr'><strong>ejas</strong></span> 
     </span>
     <span class='ocr_line' id='line_1_29' title="bbox 101 2672 1772 2758; baseline -0.001 -28"><span class='ocrx_word' id='word_1_362' title='bbox 101 2676 160 2747; x_wconf 91' lang='grc'>(47)</span> <span class='ocrx_word' id='word_1_363' title='bbox 192 2675 412 2756; x_wconf 71' lang='grc' dir='ltr'><strong>4ἰίιιιιέιιιιονιιιιῐὀ</strong></span> <span class='ocrx_word' id='word_1_364' title='bbox 443 2674 474 2727; x_wconf 93' lang='lat' dir='ltr'><strong>ln</strong></span> <span class='ocrx_word' id='word_1_365' title='bbox 503 2672 603 2728; x_wconf 83' lang='lat' dir='ltr'><strong>oodioe</strong></span> <span class='ocrx_word' id='word_1_366' title='bbox 632 2674 756 2756; x_wconf 82' lang='lat' dir='ltr'><strong>Fuscusi</strong></span> <span class='ocrx_word' id='word_1_367' title='bbox 783 2673 891 2746; x_wconf 87' lang='lat' dir='ltr'><strong>legitur</strong></span> <span class='ocrx_word' id='word_1_368' title='bbox 947 2675 1151 2758; x_wconf 84' lang='lat' dir='ltr'><strong>communione</strong></span> <span class='ocrx_word' id='word_1_369' title='bbox 1160 2673 1321 2757; x_wconf 77' lang='lat' dir='ltr'><strong>abstineat.</strong></span> <span class='ocrx_word' id='word_1_370' title='bbox 1340 2676 1489 2756; x_wconf 59' lang='lat' dir='ltr'><strong>beraeam</strong></span> <span class='ocrx_word' id='word_1_371' title='bbox 1499 2675 1561 2731; x_wconf 84' lang='lat' dir='ltr'><strong>ideo</strong></span> <span class='ocrx_word' id='word_1_372' title='bbox 1574 2676 1725 2745; x_wconf 82' lang='lat' dir='ltr'><strong>episcopas,</strong></span> <span class='ocrx_word' id='word_1_373' title='bbox 1738 2681 1772 2754; x_wconf 80' lang='lat' dir='ltr'><strong>ut</strong></span> 
     </span>
     <span class='ocr_line' id='line_1_30' title="bbox 64 2744 1771 2889; baseline -0.012 -14"><span class='ocrx_word' id='word_1_374' title='bbox 64 2744 891 2889; x_wconf 49' lang='lat' dir='ltr'><strong>ttttttttll&#39;ltlttttttiltliltbttititlt</strong></span> <span class='ocrx_word' id='word_1_375' title='bbox 945 2746 1771 2887; x_wconf 55' lang='lat' dir='ltr'><strong>ttittttlti&#39;ttttttttttittttttttttttt</strong></span> 
     </span>
     <span class='ocr_line' id='line_1_31' title="bbox 66 2887 1771 2960; baseline -0.003 -14"><span class='ocrx_word' id='word_1_376' title='bbox 66 2895 114 2947; x_wconf 85' lang='lat' dir='ltr'><strong>est</strong></span> <span class='ocrx_word' id='word_1_377' title='bbox 129 2888 280 2953; x_wconf 65' lang='lat' dir='ltr'><strong>busensis,</strong></span> <span class='ocrx_word' id='word_1_378' title='bbox 298 2903 358 2942; x_wconf 90' lang='lat' dir='ltr'><strong>una</strong></span> <span class='ocrx_word' id='word_1_379' title='bbox 371 2887 400 2942; x_wconf 96' lang='lat' dir='ltr'><strong>in</strong></span> <span class='ocrx_word' id='word_1_380' title='bbox 417 2893 563 2951; x_wconf 85' lang='lat' dir='ltr'><strong>contextu,</strong></span> <span class='ocrx_word' id='word_1_381' title='bbox 594 2887 652 2943; x_wconf 90' lang='lat' dir='ltr'><strong>alio</strong></span> <span class='ocrx_word' id='word_1_382' title='bbox 666 2905 756 2960; x_wconf 87' lang='lat' dir='ltr'><strong>supra</strong></span> <span class='ocrx_word' id='word_1_383' title='bbox 771 2887 890 2954; x_wconf 85' lang='lat' dir='ltr'><strong>lineam,</strong></span> <span class='ocrx_word' id='word_1_384' title='bbox 946 2894 1003 2945; x_wconf 80' lang='lat' dir='ltr'><strong>caat</strong></span> <span class='ocrx_word' id='word_1_385' title='bbox 1018 2891 1051 2944; x_wconf 89' lang='lat' dir='ltr'><strong>ab</strong></span> <span class='ocrx_word' id='word_1_386' title='bbox 1062 2904 1165 2957; x_wconf 75' lang='lat' dir='ltr'><strong>errore,</strong></span> <span class='ocrx_word' id='word_1_387' title='bbox 1181 2896 1300 2959; x_wconf 81' lang='lat' dir='ltr'><strong>pacatas</strong></span> <span class='ocrx_word' id='word_1_388' title='bbox 1310 2904 1388 2943; x_wconf 84' lang='lat' dir='ltr'><strong>error</strong></span> <span class='ocrx_word' id='word_1_389' title='bbox 1402 2890 1454 2942; x_wconf 87' lang='lat' dir='ltr'><strong>erit</strong></span> <span class='ocrx_word' id='word_1_390' title='bbox 1462 2890 1491 2943; x_wconf 85' lang='lat' dir='ltr'><strong>ia</strong></span> <span class='ocrx_word' id='word_1_391' title='bbox 1504 2889 1604 2959; x_wconf 67' lang='lat' dir='ltr'><strong>poplite</strong></span> <span class='ocrx_word' id='word_1_392' title='bbox 1618 2904 1681 2941; x_wconf 84' lang='lat' dir='ltr'><strong>cara</strong></span> <span class='ocrx_word' id='word_1_393' title='bbox 1695 2890 1771 2942; x_wconf 87' lang='lat' dir='ltr'><strong>errat</strong></span> 
     </span>
     <span class='ocr_line' id='line_1_32' title="bbox 67 2958 1772 3031; baseline -0.003 -14"><span class='ocrx_word' id='word_1_394' title='bbox 67 2968 101 3017; x_wconf 92' lang='lat' dir='ltr'><strong>ut</strong></span> <span class='ocrx_word' id='word_1_395' title='bbox 115 2960 186 3015; x_wconf 92' lang='lat' dir='ltr'><strong>olim</strong></span> <span class='ocrx_word' id='word_1_396' title='bbox 201 2974 279 3031; x_wconf 83' lang='lat' dir='ltr'><strong>saepe</strong></span> <span class='ocrx_word' id='word_1_397' title='bbox 292 2960 353 3014; x_wconf 85' lang='lat' dir='ltr'><strong>llari</strong></span> <span class='ocrx_word' id='word_1_398' title='bbox 369 2958 591 3014; x_wconf 81' lang='lat' dir='ltr'><strong>solabatflsaua.</strong></span> <span class='ocrx_word' id='word_1_399' title='bbox 948 2960 999 3016; x_wconf 85' lang='lat' dir='ltr'><strong>ille</strong></span> <span class='ocrx_word' id='word_1_400' title='bbox 1008 2962 1058 3031; x_wconf 83' lang='lat' dir='ltr'><strong>pai</strong></span> <span class='ocrx_word' id='word_1_401' title='bbox 1069 2960 1156 3016; x_wconf 84' lang='lat' dir='ltr'><strong>docel.</strong></span> <span class='ocrx_word' id='word_1_402' title='bbox 1169 2960 1239 3014; x_wconf 88' lang='lat' dir='ltr'><strong>ltem</strong></span> <span class='ocrx_word' id='word_1_403' title='bbox 1250 2960 1279 3013; x_wconf 86' lang='lat' dir='ltr'><strong>in</strong></span> <span class='ocrx_word' id='word_1_404' title='bbox 1289 2958 1414 3030; x_wconf 87' lang='lat' dir='ltr'><strong>epistole</strong></span> <span class='ocrx_word' id='word_1_405' title='bbox 1424 2960 1458 3013; x_wconf 91' lang='lat' dir='ltr'><strong>ad</strong></span> <span class='ocrx_word' id='word_1_406' title='bbox 1470 2958 1691 3014; x_wconf 86' lang='lat' dir='ltr'><strong>Pammachium</strong></span> <span class='ocrx_word' id='word_1_407' title='bbox 1703 2974 1772 3013; x_wconf 91' lang='lat' dir='ltr'><strong>oon·</strong></span> 
     </span>
     <span class='ocr_line' id='line_1_33' title="bbox 103 3029 1773 3103; baseline -0.001 -17"><span class='ocrx_word' id='word_1_408' title='bbox 103 3031 161 3103; x_wconf 86' lang='grc'>(18)</span> <span class='ocrx_word' id='word_1_409' title='bbox 180 3032 282 3086; x_wconf 83' lang='lat' dir='ltr'><strong>Horam</strong></span> <span class='ocrx_word' id='word_1_410' title='bbox 296 3030 440 3086; x_wconf 74' lang='lat' dir='ltr'><strong>bominum</strong></span> <span class='ocrx_word' id='word_1_411' title='bbox 467 3029 692 3086; x_wconf 70' lang='lat' dir='ltr'><strong>damssimoram.</strong></span> <span class='ocrx_word' id='word_1_412' title='bbox 709 3035 817 3087; x_wconf 80' lang='lat' dir='ltr'><strong>floram</strong></span> <span class='ocrx_word' id='word_1_413' title='bbox 843 3032 891 3087; x_wconf 79' lang='lat' dir='ltr'><strong>lio·</strong></span> <span class='ocrx_word' id='word_1_414' title='bbox 946 3037 992 3088; x_wconf 86' lang='lat' dir='ltr'><strong>tra</strong></span> <span class='ocrx_word' id='word_1_415' title='bbox 1015 3032 1157 3087; x_wconf 80' lang='lat' dir='ltr'><strong>loannem</strong></span> <span class='ocrx_word' id='word_1_416' title='bbox 1183 3030 1488 3103; x_wconf 79' lang='lat' dir='ltr'><strong>Hierosolymitsnnm.</strong></span> <span class='ocrx_word' id='word_1_417' title='bbox 1520 3030 1672 3085; x_wconf 73' lang='lat' dir='ltr'><strong>Saneuores</strong></span> <span class='ocrx_word' id='word_1_418' title='bbox 1696 3030 1773 3085; x_wconf 85' lang='lat' dir='ltr'><strong>enim</strong></span> 
     </span>
     <span class='ocr_line' id='line_1_34' title="bbox 61 3100 1771 3174; baseline -0.001 -17"><span class='ocrx_word' id='word_1_419' title='bbox 61 3104 173 3157; x_wconf 82' lang='lat' dir='ltr'><strong>micam</strong></span> <span class='ocrx_word' id='word_1_420' title='bbox 200 3103 367 3174; x_wconf 81' lang='lat' dir='ltr'><strong>injustorum</strong></span> <span class='ocrx_word' id='word_1_421' title='bbox 390 3101 613 3157; x_wconf 85' lang='lat' dir='ltr'><strong>durissimorum.</strong></span> <span class='ocrx_word' id='word_1_422' title='bbox 643 3104 685 3158; x_wconf 90' lang='lat' dir='ltr'><strong>lta</strong></span> <span class='ocrx_word' id='word_1_423' title='bbox 720 3100 815 3173; x_wconf 81' lang='lat' dir='ltr'><strong>coegit</strong></span> <span class='ocrx_word' id='word_1_424' title='bbox 845 3117 892 3156; x_wconf 92' lang='lat' dir='ltr'><strong>me</strong></span> <span class='ocrx_word' id='word_1_425' title='bbox 946 3102 1465 3174; x_wconf 79' lang='lat' dir='ltr'><strong>saataar-espopatiqaamsaeerdotis</strong></span> <span class='ocrx_word' id='word_1_426' title='bbox 1485 3104 1607 3157; x_wconf 78' lang='lat' dir='ltr'><strong>oriatur.</strong></span> <span class='ocrx_word' id='word_1_427' title='bbox 1623 3101 1695 3155; x_wconf 90' lang='lat' dir='ltr'><strong>Vide</strong></span> <span class='ocrx_word' id='word_1_428' title='bbox 1720 3117 1771 3156; x_wconf 91' lang='lat' dir='ltr'><strong>no-</strong></span> 
     </span>
     <span class='ocr_line' id='line_1_35' title="bbox 60 3172 1772 3257; baseline -0.001 -28"><span class='ocrx_word' id='word_1_429' title='bbox 60 3172 221 3230; x_wconf 87' lang='lat' dir='ltr'><strong>suotoritas</strong></span> <span class='ocrx_word' id='word_1_430' title='bbox 236 3173 363 3229; x_wconf 86' lang='lat' dir='ltr'><strong>sedecim</strong></span> <span class='ocrx_word' id='word_1_431' title='bbox 377 3178 506 3228; x_wconf 85' lang='lat' dir='ltr'><strong>veterum</strong></span> <span class='ocrx_word' id='word_1_432' title='bbox 522 3172 732 3244; x_wconf 78' lang='lat' dir='ltr'><strong>exemplarium</strong></span> <span class='ocrx_word' id='word_1_433' title='bbox 755 3178 784 3229; x_wconf 88' lang='lat' dir='ltr'><strong>et</strong></span> <span class='ocrx_word' id='word_1_434' title='bbox 798 3178 893 3229; x_wconf 88' lang='lat' dir='ltr'><strong>vetus·</strong></span> <span class='ocrx_word' id='word_1_435' title='bbox 946 3179 992 3231; x_wconf 89' lang='lat' dir='ltr'><strong>tas</strong></span> <span class='ocrx_word' id='word_1_436' title='bbox 1005 3180 1121 3230; x_wconf 90' lang='lat' dir='ltr'><strong>nostras</strong></span> <span class='ocrx_word' id='word_1_437' title='bbox 1137 3175 1171 3227; x_wconf 89' lang='lat' dir='ltr'><strong>ad</strong></span> <span class='ocrx_word' id='word_1_438' title='bbox 1183 3174 1372 3257; x_wconf 80' lang='lat' dir='ltr'><strong>agobardum</strong></span> <span class='ocrx_word' id='word_1_439' title='bbox 1389 3189 1455 3245; x_wconf 85' lang='lat' dir='ltr'><strong>pag.</strong></span> <span class='ocrx_word' id='word_1_440' title='bbox 1472 3175 1503 3227; x_wconf 82' lang='lat' dir='ltr'><strong>ol</strong></span> <span class='ocrx_word' id='word_1_441' title='bbox 1522 3179 1551 3228; x_wconf 93' lang='lat' dir='ltr'><strong>et</strong></span> <span class='ocrx_word' id='word_1_442' title='bbox 1568 3173 1623 3227; x_wconf 91' lang='lat' dir='ltr'><strong>viri</strong></span> <span class='ocrx_word' id='word_1_443' title='bbox 1637 3172 1772 3228; x_wconf 88' lang='lat' dir='ltr'><strong>doctissi-</strong></span> 
     </span>
     <span class='ocr_line' id='line_1_36' title="bbox 61 3244 1772 3317; baseline -0.001 -16"><span class='ocrx_word' id='word_1_444' title='bbox 61 3244 248 3301; x_wconf 83' lang='lat' dir='ltr'><strong>lissimsrum</strong></span> <span class='ocrx_word' id='word_1_445' title='bbox 267 3244 431 3300; x_wconf 89' lang='lat' dir='ltr'><strong>editionum</strong></span> <span class='ocrx_word' id='word_1_446' title='bbox 448 3249 480 3298; x_wconf 92' lang='lat' dir='ltr'><strong>ut</strong></span> <span class='ocrx_word' id='word_1_447' title='bbox 495 3248 639 3299; x_wconf 88' lang='lat' dir='ltr'><strong>mutarem</strong></span> <span class='ocrx_word' id='word_1_448' title='bbox 656 3244 815 3301; x_wconf 88' lang='lat' dir='ltr'><strong>editionem</strong></span> <span class='ocrx_word' id='word_1_449' title='bbox 827 3245 892 3316; x_wconf 89' lang='lat' dir='ltr'><strong>jam</strong></span> <span class='ocrx_word' id='word_1_450' title='bbox 947 3247 987 3301; x_wconf 91' lang='lat' dir='ltr'><strong>mi</strong></span> <span class='ocrx_word' id='word_1_451' title='bbox 1003 3247 1147 3317; x_wconf 89' lang='lat' dir='ltr'><strong>nobisque</strong></span> <span class='ocrx_word' id='word_1_452' title='bbox 1162 3244 1336 3300; x_wconf 80' lang='lat' dir='ltr'><strong>amicissimi</strong></span> <span class='ocrx_word' id='word_1_453' title='bbox 1351 3245 1450 3299; x_wconf 89' lang='lat' dir='ltr'><strong>domni</strong></span> <span class='ocrx_word' id='word_1_454' title='bbox 1475 3244 1613 3300; x_wconf 77' lang='lat' dir='ltr'><strong>bernardi</strong></span> <span class='ocrx_word' id='word_1_455' title='bbox 1641 3245 1676 3299; x_wconf 88' lang='lat' dir='ltr'><strong>de</strong></span> <span class='ocrx_word' id='word_1_456' title='bbox 1691 3244 1772 3299; x_wconf 81' lang='lat' dir='ltr'><strong>blon-</strong></span> 
     </span>
     <span class='ocr_line' id='line_1_37' title="bbox 60 3315 1772 3389; baseline -0.002 -17"><span class='ocrx_word' id='word_1_457' title='bbox 60 3317 130 3372; x_wconf 90' lang='lat' dir='ltr'><strong>inde</strong></span> <span class='ocrx_word' id='word_1_458' title='bbox 157 3317 193 3372; x_wconf 89' lang='lat' dir='ltr'><strong>ab</strong></span> <span class='ocrx_word' id='word_1_459' title='bbox 218 3318 339 3372; x_wconf 69' lang='lat' dir='ltr'><strong>lirasmo</strong></span> <span class='ocrx_word' id='word_1_460' title='bbox 368 3320 526 3387; x_wconf 86' lang='lat' dir='ltr'><strong>receptam.</strong></span> <span class='ocrx_word' id='word_1_461' title='bbox 557 3315 663 3371; x_wconf 84' lang='lat' dir='ltr'><strong>Omnia</strong></span> <span class='ocrx_word' id='word_1_462' title='bbox 691 3315 770 3373; x_wconf 91' lang='lat' dir='ltr'><strong>enim</strong></span> <span class='ocrx_word' id='word_1_463' title='bbox 792 3321 893 3371; x_wconf 86' lang='lat' dir='ltr'><strong>vetera</strong></span> <span class='ocrx_word' id='word_1_464' title='bbox 945 3316 1598 3389; x_wconf 80' lang='lat' dir='ltr'><strong>telaleoneprmistionemsdopusculasanoti</strong></span> <span class='ocrx_word' id='word_1_465' title='bbox 1610 3315 1772 3385; x_wconf 84' lang='lat' dir='ltr'><strong>Athanasii,</strong></span> 
     </span>
     <span class='ocr_line' id='line_1_38' title="bbox 58 3386 1772 3516; baseline -0.002 0"><span class='ocrx_word' id='word_1_466' title='bbox 58 3387 383 3516; x_wconf 62' lang='lat' dir='ltr'><strong>titttttttttt</strong></span> <span class='ocrx_word' id='word_1_467' title='bbox 409 3388 887 3514; x_wconf 56' lang='lat' dir='ltr'><strong>lt&#39;t&#39;tilttl‘t&#39;ttltttt</strong></span> <span class='ocrx_word' id='word_1_468' title='bbox 903 3402 926 3471; x_wconf 77' lang='lat'>⁰</span> <span class='ocrx_word' id='word_1_469' title='bbox 944 3386 1690 3516; x_wconf 64' lang='lat' dir='ltr'><strong>ttillitatilitttttiltlltitali·</strong></span> <span class='ocrx_word' id='word_1_470' title='bbox 1711 3386 1772 3513; x_wconf 52' lang='grc' dir='ltr'><strong>ἰῶ·</strong></span> 
     </span>
     <span class='ocr_line' id='line_1_39' title="bbox 62 3474 1771 3657; baseline -0.001 -71"><span class='ocrx_word' id='word_1_471' title='bbox 62 3531 209 3587; x_wconf 80' lang='lat' dir='ltr'><strong>bominum</strong></span> <span class='ocrx_word' id='word_1_472' title='bbox 233 3498 461 3611; x_wconf 70' lang='lat' dir='ltr'><strong>durissimorum,</strong></span> <span class='ocrx_word' id='word_1_473' title='bbox 484 3545 535 3611; x_wconf 89' lang='lat' dir='ltr'><strong>per</strong></span> <span class='ocrx_word' id='word_1_474' title='bbox 575 3474 718 3611; x_wconf 61' lang='lat' dir='ltr'><strong>incurigam</strong></span> <span class='ocrx_word' id='word_1_475' title='bbox 756 3530 891 3586; x_wconf 86' lang='lat' dir='ltr'><strong>videlicet</strong></span> <span class='ocrx_word' id='word_1_476' title='bbox 945 3532 1007 3586; x_wconf 87' lang='grc'>451.</span> <span class='ocrx_word' id='word_1_477' title='bbox 1026 3530 1196 3657; x_wconf 75' lang='lat' dir='ltr'><strong>liremplam</strong></span> <span class='ocrx_word' id='word_1_478' title='bbox 1213 3530 1304 3602; x_wconf 86' lang='lat' dir='ltr'><strong>plebis</strong></span> <span class='ocrx_word' id='word_1_479' title='bbox 1324 3530 1592 3586; x_wconf 85' lang='lat' dir='ltr'><strong>recederevolantis</strong></span> <span class='ocrx_word' id='word_1_480' title='bbox 1607 3474 1771 3600; x_wconf 51' lang='lat' dir='ltr'><strong>abspigeg:</strong></span> 
     </span>
     <span class='ocr_line' id='line_1_40' title="bbox 60 3600 1772 3673; baseline -0.002 -14"><span class='ocrx_word' id='word_1_481' title='bbox 60 3601 188 3670; x_wconf 84' lang='lat' dir='ltr'><strong>librarii,</strong></span> <span class='ocrx_word' id='word_1_482' title='bbox 213 3603 265 3672; x_wconf 85' lang='lat' dir='ltr'><strong>qui</strong></span> <span class='ocrx_word' id='word_1_483' title='bbox 291 3600 405 3672; x_wconf 81' lang='lat' dir='ltr'><strong>aliquid</strong></span> <span class='ocrx_word' id='word_1_484' title='bbox 435 3601 544 3656; x_wconf 80' lang='lat' dir='ltr'><strong>omisit.</strong></span> <span class='ocrx_word' id='word_1_485' title='bbox 576 3606 608 3655; x_wconf 91' lang='lat' dir='ltr'><strong>ln</strong></span> <span class='ocrx_word' id='word_1_486' title='bbox 637 3606 731 3671; x_wconf 82' lang='lat' dir='ltr'><strong>capite</strong></span> <span class='ocrx_word' id='word_1_487' title='bbox 759 3618 806 3657; x_wconf 82' lang='lat' dir='ltr'><strong>xvi</strong></span> <span class='ocrx_word' id='word_1_488' title='bbox 835 3602 892 3656; x_wconf 91' lang='lat' dir='ltr'><strong>Nu·</strong></span> <span class='ocrx_word' id='word_1_489' title='bbox 966 3620 1052 3659; x_wconf 90' lang='lat' dir='ltr'><strong>osuo</strong></span> <span class='ocrx_word' id='word_1_490' title='bbox 1076 3607 1164 3658; x_wconf 85' lang='lat' dir='ltr'><strong>reert</strong></span> <span class='ocrx_word' id='word_1_491' title='bbox 1190 3608 1312 3657; x_wconf 87' lang='lat' dir='ltr'><strong>sanctes</strong></span> <span class='ocrx_word' id='word_1_492' title='bbox 1331 3601 1517 3673; x_wconf 81' lang='lat' dir='ltr'><strong>Augustinus</strong></span> <span class='ocrx_word' id='word_1_493' title='bbox 1541 3602 1570 3656; x_wconf 92' lang='lat' dir='ltr'><strong>in</strong></span> <span class='ocrx_word' id='word_1_494' title='bbox 1595 3600 1772 3673; x_wconf 87' lang='lat' dir='ltr'><strong>epistolaad</strong></span> 
     </span>
     <span class='ocr_line' id='line_1_41' title="bbox 62 3621 1771 3745; baseline -0.001 -16"><span class='ocrx_word' id='word_1_495' title='bbox 62 3688 225 3729; x_wconf 88' lang='lat' dir='ltr'><strong>mororum.</strong></span> <span class='ocrx_word' id='word_1_496' title='bbox 240 3688 347 3744; x_wconf 83' lang='lat' dir='ltr'><strong>exque</strong></span> <span class='ocrx_word' id='word_1_497' title='bbox 372 3672 454 3728; x_wconf 90' lang='lat' dir='ltr'><strong>locus</strong></span> <span class='ocrx_word' id='word_1_498' title='bbox 483 3671 539 3728; x_wconf 86' lang='lat' dir='ltr'><strong>iste</strong></span> <span class='ocrx_word' id='word_1_499' title='bbox 566 3673 735 3744; x_wconf 87' lang='lat' dir='ltr'><strong>descriptus</strong></span> <span class='ocrx_word' id='word_1_500' title='bbox 763 3678 819 3739; x_wconf 82' lang='lat' dir='ltr'><strong>est,</strong></span> <span class='ocrx_word' id='word_1_501' title='bbox 850 3673 890 3728; x_wconf 91' lang='lat' dir='ltr'><strong>le·</strong></span> <span class='ocrx_word' id='word_1_502' title='bbox 945 3621 1534 3745; x_wconf 56' lang='lat' dir='ltr'><strong>Rebellionemquamvisnonageretur</strong></span> <span class='ocrx_word' id='word_1_503' title='bbox 1558 3674 1594 3728; x_wconf 89' lang='lat' dir='ltr'><strong>de</strong></span> <span class='ocrx_word' id='word_1_504' title='bbox 1622 3668 1689 3739; x_wconf 88' lang='lat' dir='ltr'><strong>lide,</strong></span> <span class='ocrx_word' id='word_1_505' title='bbox 1721 3672 1771 3727; x_wconf 85' lang='lat' dir='ltr'><strong>sed</strong></span> 
     </span>
     <span class='ocr_line' id='line_1_42' title="bbox 61 3743 1773 3817; baseline 0 -18"><span class='ocrx_word' id='word_1_506' title='bbox 61 3746 166 3817; x_wconf 79' lang='lat' dir='ltr'><strong>gitur:</strong></span> <span class='ocrx_word' id='word_1_507' title='bbox 184 3743 335 3799; x_wconf 80' lang='lat' dir='ltr'><strong>Receditea</strong></span> <span class='ocrx_word' id='word_1_508' title='bbox 359 3744 544 3800; x_wconf 71' lang='lat' dir='ltr'><strong>laboraretis</strong></span> <span class='ocrx_word' id='word_1_509' title='bbox 569 3746 713 3800; x_wconf 66' lang='lat' dir='ltr'><strong>hominum</strong></span> <span class='ocrx_word' id='word_1_510' title='bbox 731 3746 889 3815; x_wconf 88' lang='lat' dir='ltr'><strong>impiorum.</strong></span> <span class='ocrx_word' id='word_1_511' title='bbox 945 3747 981 3801; x_wconf 90' lang='lat' dir='ltr'><strong>de</strong></span> <span class='ocrx_word' id='word_1_512' title='bbox 997 3763 1070 3801; x_wconf 90' lang='lat' dir='ltr'><strong>nova</strong></span> <span class='ocrx_word' id='word_1_513' title='bbox 1092 3744 1659 3815; x_wconf 82' lang='lat' dir='ltr'><strong>translationeuniusvocabaliincapile</strong></span> <span class='ocrx_word' id='word_1_514' title='bbox 1670 3746 1773 3813; x_wconf 70' lang='lat' dir='ltr'><strong>ipanrto</strong></span> 
     </span>
     <span class='ocr_line' id='line_1_43' title="bbox 63 3814 1770 3898; baseline -0.001 -27"><span class='ocrx_word' id='word_1_515' title='bbox 63 3822 95 3871; x_wconf 90' lang='lat' dir='ltr'><strong>ln</strong></span> <span class='ocrx_word' id='word_1_516' title='bbox 109 3816 237 3887; x_wconf 71' lang='lat' dir='ltr'><strong>lipistola</strong></span> <span class='ocrx_word' id='word_1_517' title='bbox 248 3822 346 3871; x_wconf 77' lang='lat' dir='ltr'><strong>taiiien</strong></span> <span class='ocrx_word' id='word_1_518' title='bbox 360 3816 396 3869; x_wconf 89' lang='grc'><strong>76</strong></span> <span class='ocrx_word' id='word_1_519' title='bbox 410 3815 461 3886; x_wconf 83' lang='lat' dir='ltr'><strong>(sl.</strong></span> <span class='ocrx_word' id='word_1_520' title='bbox 476 3816 523 3887; x_wconf 88' lang='grc'><strong>77)</strong></span> <span class='ocrx_word' id='word_1_521' title='bbox 538 3831 604 3898; x_wconf 89' lang='lat' dir='ltr'><strong>pag.</strong></span> <span class='ocrx_word' id='word_1_522' title='bbox 623 3818 683 3884; x_wconf 82' lang='grc'>155,</span> <span class='ocrx_word' id='word_1_523' title='bbox 697 3815 746 3870; x_wconf 93' lang='lat' dir='ltr'><strong>ubi</strong></span> <span class='ocrx_word' id='word_1_524' title='bbox 760 3816 836 3870; x_wconf 86' lang='lat' dir='ltr'><strong>idem</strong></span> <span class='ocrx_word' id='word_1_525' title='bbox 846 3814 891 3869; x_wconf 94' lang='lat' dir='ltr'><strong>lo·</strong></span> <span class='ocrx_word' id='word_1_526' title='bbox 947 3817 1013 3873; x_wconf 86' lang='lat' dir='ltr'><strong>libri</strong></span> <span class='ocrx_word' id='word_1_527' title='bbox 1027 3818 1118 3872; x_wconf 76' lang='lat' dir='ltr'><strong>lona.</strong></span> <span class='ocrx_word' id='word_1_528' title='bbox 1133 3816 1192 3871; x_wconf 93' lang='lat' dir='ltr'><strong>Nos</strong></span> <span class='ocrx_word' id='word_1_529' title='bbox 1204 3816 1338 3871; x_wconf 85' lang='lat' dir='ltr'><strong>homines</strong></span> <span class='ocrx_word' id='word_1_530' title='bbox 1350 3816 1770 3885; x_wconf 79' lang='lat' dir='ltr'><strong>Romanmcommunionispu·</strong></span> 
     </span>
     <span class='ocr_line' id='line_1_44' title="bbox 62 3886 1772 3979; baseline -0.003 -36"><span class='ocrx_word' id='word_1_531' title='bbox 62 3886 524 3979; x_wconf 78' lang='lat' dir='ltr'><strong>rusreierlur‚legiturbominum</strong></span> <span class='ocrx_word' id='word_1_532' title='bbox 539 3895 656 3942; x_wconf 78' lang='lat' dir='ltr'><strong>istorum</strong></span> <span class='ocrx_word' id='word_1_533' title='bbox 668 3888 889 3942; x_wconf 70' lang='lat' dir='ltr'><strong>‹tummimoram</strong></span> <span class='ocrx_word' id='word_1_534' title='bbox 945 3893 1045 3944; x_wconf 87' lang='lat' dir='ltr'><strong>tamus</strong></span> <span class='ocrx_word' id='word_1_535' title='bbox 1059 3887 1254 3944; x_wconf 89' lang='lat' dir='ltr'><strong>recedendum</strong></span> <span class='ocrx_word' id='word_1_536' title='bbox 1271 3903 1365 3943; x_wconf 86' lang='lat' dir='ltr'><strong>essen</strong></span> <span class='ocrx_word' id='word_1_537' title='bbox 1385 3892 1462 3958; x_wconf 86' lang='lat' dir='ltr'><strong>Papa</strong></span> <span class='ocrx_word' id='word_1_538' title='bbox 1491 3888 1516 3941; x_wconf 89' lang='lat' dir='ltr'><strong>si</strong></span> <span class='ocrx_word' id='word_1_539' title='bbox 1542 3888 1581 3941; x_wconf 85' lang='lat' dir='ltr'><strong>sit</strong></span> <span class='ocrx_word' id='word_1_540' title='bbox 1605 3886 1772 3941; x_wconf 67' lang='lat' dir='ltr'><strong>hereticus.</strong></span> 
     </span>
     <span class='ocr_line' id='line_1_45' title="bbox 63 3956 1774 4029; baseline -0.003 -15"><span class='ocrx_word' id='word_1_541' title='bbox 63 3960 218 4015; x_wconf 77' lang='lat' dir='ltr'><strong>Bssusrus.</strong></span> <span class='ocrx_word' id='word_1_542' title='bbox 237 3958 466 4013; x_wconf 84' lang='lat' dir='ltr'><strong>-bxbibentin</strong></span> <span class='ocrx_word' id='word_1_543' title='bbox 483 3957 538 4013; x_wconf 88' lang='lat' dir='ltr'><strong>hoc</strong></span> <span class='ocrx_word' id='word_1_544' title='bbox 552 3974 668 4029; x_wconf 83' lang='lat' dir='ltr'><strong>qnoque</strong></span> <span class='ocrx_word' id='word_1_545' title='bbox 696 3957 759 4013; x_wconf 87' lang='lat' dir='ltr'><strong>loeo</strong></span> <span class='ocrx_word' id='word_1_546' title='bbox 783 3958 819 4013; x_wconf 91' lang='lat' dir='ltr'><strong>de</strong></span> <span class='ocrx_word' id='word_1_547' title='bbox 833 3974 891 4029; x_wconf 92' lang='lat' dir='ltr'><strong>quo</strong></span> <span class='ocrx_word' id='word_1_548' title='bbox 946 3961 1050 4016; x_wconf 74' lang='lat' dir='ltr'><strong>Bacuz.</strong></span> <span class='ocrx_word' id='word_1_549' title='bbox 1068 3962 1147 4015; x_wconf 87' lang='lat' dir='ltr'><strong>-At</strong></span> <span class='ocrx_word' id='word_1_550' title='bbox 1159 3959 1248 4013; x_wconf 85' lang='lat' dir='ltr'><strong>velim</strong></span> <span class='ocrx_word' id='word_1_551' title='bbox 1260 3964 1395 4014; x_wconf 81' lang='lat' dir='ltr'><strong>attendas</strong></span> <span class='ocrx_word' id='word_1_552' title='bbox 1412 3959 1520 4014; x_wconf 88' lang='lat' dir='ltr'><strong>nemini</strong></span> <span class='ocrx_word' id='word_1_553' title='bbox 1552 3956 1774 4027; x_wconf 87' lang='lat' dir='ltr'><strong>prorsuslicere</strong></span> 
     </span>
     <span class='ocr_line' id='line_1_46' title="bbox 61 4027 1774 4158; baseline -0.002 -1"><span class='ocrx_word' id='word_1_554' title='bbox 61 4027 892 4158; x_wconf 64' lang='lat' dir='ltr'><strong>tittittttttttttt⁰lttt¹tlltittttt‘ti</strong></span> <span class='ocrx_word' id='word_1_555' title='bbox 946 4031 1110 4157; x_wconf 58' lang='lat' dir='ltr'><strong>⁵¹¹³i¹³⁸¹⁰⁸</strong></span> <span class='ocrx_word' id='word_1_556' title='bbox 1124 4032 1302 4156; x_wconf 58' lang='lat' dir='ltr'><strong>‘¹¹¹⁰lill‘i</strong></span> <span class='ocrx_word' id='word_1_557' title='bbox 1321 4029 1774 4157; x_wconf 56' lang='lat' dir='ltr'><strong>tittillitterati-t</strong></span> 
     </span>
     <span class='ocr_line' id='line_1_47' title="bbox 66 4118 1774 4246; baseline -0.004 -17"><span class='ocrx_word' id='word_1_558' title='bbox 66 4172 199 4236; x_wconf 87' lang='lat' dir='ltr'><strong>Pamelii‚</strong></span> <span class='ocrx_word' id='word_1_559' title='bbox 213 4170 390 4244; x_wconf 83' lang='lat' dir='ltr'><strong>etRegsltii‚</strong></span> <span class='ocrx_word' id='word_1_560' title='bbox 412 4118 598 4244; x_wconf 58' lang='lat' dir='ltr'><strong>Follinagae:</strong></span> <span class='ocrx_word' id='word_1_561' title='bbox 614 4173 661 4228; x_wconf 90' lang='lat' dir='ltr'><strong>ed.</strong></span> <span class='ocrx_word' id='word_1_562' title='bbox 677 4187 744 4228; x_wconf 86' lang='lat' dir='ltr'><strong>vero</strong></span> <span class='ocrx_word' id='word_1_563' title='bbox 761 4172 893 4228; x_wconf 82' lang='lat' dir='ltr'><strong>Romana</strong></span> <span class='ocrx_word' id='word_1_564' title='bbox 946 4118 1182 4246; x_wconf 45' lang='lat' dir='ltr'><strong>{glimodfiz’ffilg</strong></span> <span class='ocrx_word' id='word_1_565' title='bbox 1196 4118 1384 4229; x_wconf 51' lang='lat' dir='ltr'><strong>inpugnslpm</strong></span> <span class='ocrx_word' id='word_1_566' title='bbox 1404 4174 1442 4228; x_wconf 92' lang='lat' dir='ltr'><strong>sit</strong></span> <span class='ocrx_word' id='word_1_567' title='bbox 1465 4120 1604 4227; x_wconf 68' lang='lat' dir='ltr'><strong>canonica</strong></span> <span class='ocrx_word' id='word_1_568' title='bbox 1618 4141 1774 4227; x_wconf 52' lang='lat' dir='ltr'><strong>sententias</strong></span> 
     </span>
     <span class='ocr_line' id='line_1_48' title="bbox 61 4242 1017 4316; baseline -0.002 -14"><span class='ocrx_word' id='word_1_569' title='bbox 61 4244 134 4302; x_wconf 86' lang='lat' dir='ltr'><strong>suni</strong></span> <span class='ocrx_word' id='word_1_570' title='bbox 150 4244 216 4299; x_wconf 86' lang='grc'>1471</span> <span class='ocrx_word' id='word_1_571' title='bbox 235 4242 369 4299; x_wconf 86' lang='lat' dir='ltr'><strong>voculam</strong></span> <span class='ocrx_word' id='word_1_572' title='bbox 385 4243 596 4300; x_wconf 81' lang='lat' dir='ltr'><strong>istorambaud</strong></span> <span class='ocrx_word' id='word_1_573' title='bbox 625 4244 768 4316; x_wconf 87' lang='lat' dir='ltr'><strong>agnoscit.</strong></span> <span class='ocrx_word' id='word_1_574' title='bbox 791 4244 893 4300; x_wconf 87' lang='lat' dir='ltr'><strong>Sedet</strong></span> <span class='ocrx_word' id='word_1_575' title='bbox 948 4251 1017 4301; x_wconf 78' lang='lat' dir='ltr'><strong>Eoo.</strong></span> 
     </span>
     <span class='ocr_line' id='line_1_49' title="bbox 61 4310 1774 4389; baseline -0.004 -17"><span class='ocrx_word' id='word_1_576' title='bbox 61 4316 258 4387; x_wconf 78' lang='lat' dir='ltr'><strong>Hieronymus</strong></span> <span class='ocrx_word' id='word_1_577' title='bbox 272 4315 334 4369; x_wconf 84' lang='lat' dir='ltr'><strong>ado.</strong></span> <span class='ocrx_word' id='word_1_578' title='bbox 350 4315 550 4388; x_wconf 71' lang='lat' dir='ltr'><strong>luciferianos,</strong></span> <span class='ocrx_word' id='word_1_579' title='bbox 563 4332 628 4388; x_wconf 87' lang='lat' dir='ltr'><strong>pag.</strong></span> <span class='ocrx_word' id='word_1_580' title='bbox 647 4317 698 4371; x_wconf 85' lang='grc'><strong>128</strong></span> <span class='ocrx_word' id='word_1_581' title='bbox 712 4315 892 4371; x_wconf 69' lang='grc' dir='ltr'>οΜίοῐιοιι.</span> <span class='ocrx_word' id='word_1_582' title='bbox 983 4318 1041 4389; x_wconf 79' lang='lat'><strong>(5⁴2)</strong></span> <span class='ocrx_word' id='word_1_583' title='bbox 1063 4317 1122 4386; x_wconf 81' lang='lat' dir='ltr'><strong>lpse</strong></span> <span class='ocrx_word' id='word_1_584' title='bbox 1147 4317 1270 4370; x_wconf 60' lang='lat' dir='ltr'><strong>miiaime</strong></span> <span class='ocrx_word' id='word_1_585' title='bbox 1297 4314 1399 4368; x_wconf 83' lang='lat' dir='ltr'><strong>babeat</strong></span> <span class='ocrx_word' id='word_1_586' title='bbox 1422 4316 1592 4384; x_wconf 81' lang='lat' dir='ltr'><strong>potestatem,</strong></span> <span class='ocrx_word' id='word_1_587' title='bbox 1626 4316 1682 4366; x_wconf 73' lang='lat' dir='ltr'><strong>etc,</strong></span> <span class='ocrx_word' id='word_1_588' title='bbox 1711 4310 1774 4365; x_wconf 91' lang='lat' dir='ltr'><strong>Non</strong></span> 
     </span>
     <span class='ocr_line' id='line_1_50' title="bbox 60 4384 1776 4467; baseline -0.003 -24"><span class='ocrx_word' id='word_1_589' title='bbox 60 4386 148 4444; x_wconf 76' lang='lat' dir='ltr'><strong>alfort</strong></span> <span class='ocrx_word' id='word_1_590' title='bbox 161 4402 196 4442; x_wconf 87' lang='lat' dir='ltr'><strong>cx</strong></span> <span class='ocrx_word' id='word_1_591' title='bbox 209 4391 239 4441; x_wconf 84' lang='lat' dir='ltr'><strong>s.</strong></span> <span class='ocrx_word' id='word_1_592' title='bbox 256 4385 417 4467; x_wconf 81' lang='lat' dir='ltr'><strong>Scriptura,</strong></span> <span class='ocrx_word' id='word_1_593' title='bbox 433 4389 550 4443; x_wconf 82' lang='lat' dir='ltr'><strong>istorum</strong></span> <span class='ocrx_word' id='word_1_594' title='bbox 565 4389 708 4443; x_wconf 80' lang='lat' dir='ltr'><strong>bominum</strong></span> <span class='ocrx_word' id='word_1_595' title='bbox 727 4388 895 4443; x_wconf 83' lang='lat' dir='ltr'><strong>durissimo·</strong></span> <span class='ocrx_word' id='word_1_596' title='bbox 948 4387 1066 4462; x_wconf 92' lang='lat' dir='ltr'><strong>proprio</strong></span> <span class='ocrx_word' id='word_1_597' title='bbox 1077 4388 1199 4441; x_wconf 89' lang='lat' dir='ltr'><strong>motnim</strong></span> <span class='ocrx_word' id='word_1_598' title='bbox 1226 4384 1300 4449; x_wconf 83' lang='lat' dir='ltr'><strong>ulca,</strong></span> <span class='ocrx_word' id='word_1_599' title='bbox 1316 4386 1365 4440; x_wconf 90' lang='lat' dir='ltr'><strong>sed</strong></span> <span class='ocrx_word' id='word_1_600' title='bbox 1383 4386 1535 4439; x_wconf 86' lang='lat' dir='ltr'><strong>admonita</strong></span> <span class='ocrx_word' id='word_1_601' title='bbox 1551 4400 1603 4455; x_wconf 88' lang='lat' dir='ltr'><strong>per</strong></span> <span class='ocrx_word' id='word_1_602' title='bbox 1612 4384 1724 4453; x_wconf 89' lang='lat' dir='ltr'><strong>justam</strong></span> <span class='ocrx_word' id='word_1_603' title='bbox 1742 4398 1776 4437; x_wconf 91' lang='lat' dir='ltr'><strong>ac</strong></span> 
     </span>
     <span class='ocr_line' id='line_1_51' title="bbox 59 4404 1778 4537; baseline -0.005 -22"><span class='ocrx_word' id='word_1_604' title='bbox 59 4475 137 4515; x_wconf 85' lang='lat' dir='ltr'><strong>ram.</strong></span> <span class='ocrx_word' id='word_1_605' title='bbox 153 4458 254 4529; x_wconf 84' lang='lat' dir='ltr'><strong>ltaque</strong></span> <span class='ocrx_word' id='word_1_606' title='bbox 268 4456 421 4513; x_wconf 82' lang='lat' dir='ltr'><strong>lectionem</strong></span> <span class='ocrx_word' id='word_1_607' title='bbox 437 4458 735 4531; x_wconf 80' lang='lat' dir='ltr'><strong>consimilem,ioram</strong></span> <span class='ocrx_word' id='word_1_608' title='bbox 750 4458 893 4514; x_wconf 81' lang='lat' dir='ltr'><strong>bominum</strong></span> <span class='ocrx_word' id='word_1_609' title='bbox 949 4458 1144 4515; x_wconf 86' lang='lat' dir='ltr'><strong>necessariam</strong></span> <span class='ocrx_word' id='word_1_610' title='bbox 1157 4404 1385 4512; x_wconf 73' lang='lat' dir='ltr'><strong>sollicitudinem</strong></span> <span class='ocrx_word' id='word_1_611' title='bbox 1402 4456 1525 4511; x_wconf 90' lang='lat' dir='ltr'><strong>aliorum</strong></span> <span class='ocrx_word' id='word_1_612' title='bbox 1542 4454 1778 4537; x_wconf 69' lang='lat' dir='ltr'><strong>prepositorum,</strong></span> 
     </span>
     <span class='ocr_line' id='line_1_52' title="bbox 62 4526 1779 4602; baseline -0.003 -17"><span class='ocrx_word' id='word_1_613' title='bbox 62 4530 292 4597; x_wconf 82' lang='lat' dir='ltr'><strong>durr&#39;ssimorum,</strong></span> <span class='ocrx_word' id='word_1_614' title='bbox 305 4545 393 4600; x_wconf 88' lang='lat' dir='ltr'><strong>quum</strong></span> <span class='ocrx_word' id='word_1_615' title='bbox 407 4530 615 4586; x_wconf 88' lang='lat' dir='ltr'><strong>Harduiunsin</strong></span> <span class='ocrx_word' id='word_1_616' title='bbox 632 4529 817 4586; x_wconf 79' lang='lat' dir='ltr'><strong>Consiliorum</strong></span> <span class='ocrx_word' id='word_1_617' title='bbox 832 4530 893 4585; x_wconf 92' lang='lat' dir='ltr'><strong>edi·</strong></span> <span class='ocrx_word' id='word_1_618' title='bbox 949 4527 1332 4602; x_wconf 85' lang='lat' dir='ltr'><strong>persliarumeoolesiarum</strong></span> <span class='ocrx_word' id='word_1_619' title='bbox 1343 4527 1439 4598; x_wconf 86' lang='lat' dir='ltr'><strong>episro</strong></span> <span class='ocrx_word' id='word_1_620' title='bbox 1462 4544 1505 4595; x_wconf 88' lang='lat' dir='ltr'><strong>os,</strong></span> <span class='ocrx_word' id='word_1_621' title='bbox 1519 4544 1644 4597; x_wconf 76' lang='lat' dir='ltr'><strong>ariorum</strong></span> <span class='ocrx_word' id='word_1_622' title='bbox 1655 4526 1779 4582; x_wconf 81' lang='lat' dir='ltr'><strong>consilia</strong></span> 
     </span>
     <span class='ocr_line' id='line_1_53' title="bbox 62 4600 1563 4673; baseline -0.003 -16"><span class='ocrx_word' id='word_1_623' title='bbox 62 4602 145 4657; x_wconf 88' lang='lat' dir='ltr'><strong>tione</strong></span> <span class='ocrx_word' id='word_1_624' title='bbox 161 4600 272 4673; x_wconf 84' lang='lat' dir='ltr'><strong>aliique</strong></span> <span class='ocrx_word' id='word_1_625' title='bbox 282 4602 551 4673; x_wconf 80' lang='lat' dir='ltr'><strong>praestant‚reposui</strong></span> <span class='ocrx_word' id='word_1_626' title='bbox 567 4618 652 4669; x_wconf 82' lang='lat' dir='ltr'><strong>3nam</strong></span> <span class='ocrx_word' id='word_1_627' title='bbox 664 4616 764 4657; x_wconf 87' lang='lat' dir='ltr'><strong>vocem</strong></span> <span class='ocrx_word' id='word_1_628' title='bbox 780 4602 895 4666; x_wconf 79' lang='lat' dir='ltr'><strong>iniusta·</strong></span> <span class='ocrx_word' id='word_1_629' title='bbox 950 4602 1059 4658; x_wconf 82' lang='lat' dir='ltr'><strong>divinis</strong></span> <span class='ocrx_word' id='word_1_630' title='bbox 1076 4600 1228 4672; x_wconf 72' lang='lat' dir='ltr'><strong>praeceptis</strong></span> <span class='ocrx_word' id='word_1_631' title='bbox 1243 4600 1430 4669; x_wconf 84' lang='lat' dir='ltr'><strong>respondent.</strong></span> <span class='ocrx_word' id='word_1_632' title='bbox 1474 4615 1563 4654; x_wconf 76' lang='lat' dir='ltr'><strong>auser.</strong></span> 
     </span>
     <span class='ocr_line' id='line_1_54' title="bbox 64 4666 1776 4745; baseline -0.005 -16"><span class='ocrx_word' id='word_1_633' title='bbox 64 4688 132 4729; x_wconf 75' lang='lat' dir='ltr'><strong>ram</strong></span> <span class='ocrx_word' id='word_1_634' title='bbox 143 4688 177 4737; x_wconf 86' lang='lat' dir='ltr'><strong>eo</strong></span> <span class='ocrx_word' id='word_1_635' title='bbox 193 4671 396 4744; x_wconf 83' lang='lat' dir='ltr'><strong>negligendam</strong></span> <span class='ocrx_word' id='word_1_636' title='bbox 407 4675 596 4745; x_wconf 85' lang='lat' dir='ltr'><strong>putavi,quod</strong></span> <span class='ocrx_word' id='word_1_637' title='bbox 611 4671 813 4743; x_wconf 89' lang='lat' dir='ltr'><strong>lectioduplex</strong></span> <span class='ocrx_word' id='word_1_638' title='bbox 829 4678 893 4727; x_wconf 86' lang='lat' dir='ltr'><strong>tan·</strong></span> <span class='ocrx_word' id='word_1_639' title='bbox 986 4674 1042 4743; x_wconf 88' lang='grc'>(53)</span> <span class='ocrx_word' id='word_1_640' title='bbox 1059 4676 1091 4727; x_wconf 82' lang='lat' dir='ltr'><strong>at</strong></span> <span class='ocrx_word' id='word_1_641' title='bbox 1106 4672 1196 4727; x_wconf 78' lang='lat' dir='ltr'><strong>Aaron</strong></span> <span class='ocrx_word' id='word_1_642' title='bbox 1208 4673 1356 4742; x_wconf 77' lang='lat' dir='ltr'><strong>appositas.</strong></span> <span class='ocrx_word' id='word_1_643' title='bbox 1381 4688 1435 4725; x_wconf 75' lang='lat' dir='ltr'><strong>axx</strong></span> <span class='ocrx_word' id='word_1_644' title='bbox 1462 4667 1618 4741; x_wconf 69' lang='grc' dir='ltr'>προστιθεὶς</span> <span class='ocrx_word' id='word_1_645' title='bbox 1645 4666 1776 4722; x_wconf 71' lang='lat' dir='ltr'><strong>iratast-</strong></span> 
     </span>
     <span class='ocr_line' id='line_1_55' title="bbox 65 4740 1774 4817; baseline -0.004 -17"><span class='ocrx_word' id='word_1_646' title='bbox 65 4750 133 4800; x_wconf 90' lang='lat' dir='ltr'><strong>tum</strong></span> <span class='ocrx_word' id='word_1_647' title='bbox 168 4743 219 4809; x_wconf 66' lang='lat' dir='ltr'><strong>sit,</strong></span> <span class='ocrx_word' id='word_1_648' title='bbox 246 4759 313 4799; x_wconf 90' lang='lat' dir='ltr'><strong>cum</strong></span> <span class='ocrx_word' id='word_1_649' title='bbox 351 4740 481 4817; x_wconf 80' lang='grc' dir='ltr'>σκληρῶν</span> <span class='ocrx_word' id='word_1_650' title='bbox 510 4743 685 4802; x_wconf 87' lang='lat' dir='ltr'><strong>vocabulum</strong></span> <span class='ocrx_word' id='word_1_651' title='bbox 715 4746 768 4796; x_wconf 82' lang='grc' dir='ltr'><strong>τῶν</strong></span> <span class='ocrx_word' id='word_1_652' title='bbox 798 4741 894 4803; x_wconf 82' lang='lat' dir='ltr'><strong>0&#39;.slii</strong></span> <span class='ocrx_word' id='word_1_653' title='bbox 949 4741 1070 4797; x_wconf 78' lang='grc' dir='ltr'><strong>τῶὲκεὶ.</strong></span> <span class='ocrx_word' id='word_1_654' title='bbox 1087 4742 1220 4815; x_wconf 82' lang='lat' dir='ltr'><strong>Vulgata,</strong></span> <span class='ocrx_word' id='word_1_655' title='bbox 1247 4742 1398 4810; x_wconf 82' lang='lat' dir='ltr'><strong>Cottipetar</strong></span> <span class='ocrx_word' id='word_1_656' title='bbox 1418 4750 1447 4797; x_wconf 85' lang='lat' dir='ltr'><strong>et</strong></span> <span class='ocrx_word' id='word_1_657' title='bbox 1474 4744 1608 4798; x_wconf 79' lang='lat' dir='ltr'><strong>morietur</strong></span> <span class='ocrx_word' id='word_1_658' title='bbox 1627 4742 1678 4801; x_wconf 78' lang='lat' dir='ltr'><strong>ibi,</strong></span> <span class='ocrx_word' id='word_1_659' title='bbox 1698 4741 1727 4795; x_wconf 92' lang='lat' dir='ltr'><strong>h.</strong></span> <span class='ocrx_word' id='word_1_660' title='bbox 1748 4756 1774 4795; x_wconf 86' lang='lat' dir='ltr'><strong>e.</strong></span> 
     </span>
     <span class='ocr_line' id='line_1_56' title="bbox 62 4779 933 4888; baseline -0.005 -17"><span class='ocrx_word' id='word_1_661' title='bbox 62 4815 123 4871; x_wconf 89' lang='lat' dir='ltr'><strong>alio</strong></span> <span class='ocrx_word' id='word_1_662' title='bbox 138 4816 224 4871; x_wconf 86' lang='lat' dir='ltr'><strong>mode</strong></span> <span class='ocrx_word' id='word_1_663' title='bbox 240 4819 368 4871; x_wconf 86' lang='lat' dir='ltr'><strong>vertunt.</strong></span> <span class='ocrx_word' id='word_1_664' title='bbox 386 4815 483 4871; x_wconf 79' lang='lat' dir='ltr'><strong>Multa</strong></span> <span class='ocrx_word' id='word_1_665' title='bbox 511 4832 597 4887; x_wconf 85' lang='lat' dir='ltr'><strong>porro</strong></span> <span class='ocrx_word' id='word_1_666' title='bbox 627 4815 704 4887; x_wconf 87' lang='lat' dir='ltr'><strong>apud</strong></span> <span class='ocrx_word' id='word_1_667' title='bbox 722 4779 933 4888; x_wconf 68' lang='lat' dir='ltr'><strong>CapriandasD</strong></span> 
     </span>
     <span class='ocr_line' id='line_1_57' title="bbox 61 4884 1778 4958; baseline -0.003 -15"><span class='ocrx_word' id='word_1_668' title='bbox 61 4886 238 4958; x_wconf 84' lang='lat' dir='ltr'><strong>hujusmodi</strong></span> <span class='ocrx_word' id='word_1_669' title='bbox 250 4891 321 4943; x_wconf 89' lang='lat' dir='ltr'><strong>sunt</strong></span> <span class='ocrx_word' id='word_1_670' title='bbox 336 4886 485 4944; x_wconf 91' lang='lat' dir='ltr'><strong>lectiones.</strong></span> <span class='ocrx_word' id='word_1_671' title='bbox 496 4889 681 4953; x_wconf 83' lang='lat' dir='ltr'><strong>Ouodnutsm</strong></span> <span class='ocrx_word' id='word_1_672' title='bbox 699 4890 895 4943; x_wconf 87' lang='lat' dir='ltr'><strong>censentoum</strong></span> <span class='ocrx_word' id='word_1_673' title='bbox 951 4887 1027 4943; x_wconf 83' lang='lat' dir='ltr'><strong>lunio</strong></span> <span class='ocrx_word' id='word_1_674' title='bbox 1043 4890 1223 4941; x_wconf 85' lang='lat' dir='ltr'><strong>memoratus</strong></span> <span class='ocrx_word' id='word_1_675' title='bbox 1238 4885 1325 4941; x_wconf 88' lang='lat' dir='ltr'><strong>babet</strong></span> <span class='ocrx_word' id='word_1_676' title='bbox 1342 4889 1368 4940; x_wconf 77' lang='lat' dir='ltr'><strong>et</strong></span> <span class='ocrx_word' id='word_1_677' title='bbox 1385 4886 1475 4941; x_wconf 79' lang='lat' dir='ltr'><strong>Aureo</strong></span> <span class='ocrx_word' id='word_1_678' title='bbox 1488 4887 1628 4957; x_wconf 68' lang='lat' dir='ltr'><strong>apprositas</strong></span> <span class='ocrx_word' id='word_1_679' title='bbox 1642 4884 1677 4939; x_wconf 82' lang='lat' dir='ltr'><strong>ori</strong></span> <span class='ocrx_word' id='word_1_680' title='bbox 1686 4886 1778 4954; x_wconf 83' lang='lat' dir='ltr'><strong>potres</strong></span> 
     </span>
     <span class='ocr_line' id='line_1_58' title="bbox 60 4956 1777 5032; baseline -0.004 -17"><span class='ocrx_word' id='word_1_681' title='bbox 60 4958 92 5015; x_wconf 89' lang='lat' dir='ltr'><strong>in</strong></span> <span class='ocrx_word' id='word_1_682' title='bbox 109 4957 187 5013; x_wconf 89' lang='lat' dir='ltr'><strong>notis</strong></span> <span class='ocrx_word' id='word_1_683' title='bbox 202 4957 265 5014; x_wconf 91' lang='lat' dir='ltr'><strong>suis</strong></span> <span class='ocrx_word' id='word_1_684' title='bbox 280 4958 425 5031; x_wconf 81' lang='lat' dir='ltr'><strong>Rigaltius</strong></span> <span class='ocrx_word' id='word_1_685' title='bbox 439 4963 504 5014; x_wconf 87' lang='lat' dir='ltr'><strong>tum</strong></span> <span class='ocrx_word' id='word_1_686' title='bbox 519 4959 660 5032; x_wconf 84' lang='lat' dir='ltr'><strong>Anglicus</strong></span> <span class='ocrx_word' id='word_1_687' title='bbox 675 4958 752 5015; x_wconf 89' lang='lat' dir='ltr'><strong>inter</strong></span> <span class='ocrx_word' id='word_1_688' title='bbox 774 4974 829 5027; x_wconf 88' lang='lat' dir='ltr'><strong>res,</strong></span> <span class='ocrx_word' id='word_1_689' title='bbox 842 4974 893 5029; x_wconf 89' lang='lat' dir='ltr'><strong>per</strong></span> <span class='ocrx_word' id='word_1_690' title='bbox 947 4974 1009 5015; x_wconf 84' lang='lat' dir='ltr'><strong>suos</strong></span> <span class='ocrx_word' id='word_1_691' title='bbox 1023 4960 1167 5015; x_wconf 86' lang='lat' dir='ltr'><strong>moriatur.</strong></span> <span class='ocrx_word' id='word_1_692' title='bbox 1182 4957 1304 5029; x_wconf 76' lang='lat' dir='ltr'><strong>anglica</strong></span> <span class='ocrx_word' id='word_1_693' title='bbox 1323 4956 1483 5012; x_wconf 78' lang='lat' dir='ltr'><strong>bibliorum</strong></span> <span class='ocrx_word' id='word_1_694' title='bbox 1499 4958 1603 5026; x_wconf 80' lang='lat' dir='ltr'><strong>versio,</strong></span> <span class='ocrx_word' id='word_1_695' title='bbox 1625 4957 1664 5011; x_wconf 86' lang='lat' dir='ltr'><strong>ad</strong></span> <span class='ocrx_word' id='word_1_696' title='bbox 1690 4969 1777 5025; x_wconf 84' lang='lat' dir='ltr'><strong>popa-</strong></span> 
     </span>
     <span class='ocr_line' id='line_1_59' title="bbox 62 4976 1620 5108; baseline -0.002 -22"><span class='ocrx_word' id='word_1_697' title='bbox 62 5044 167 5086; x_wconf 84' lang='lat' dir='ltr'><strong>rocem</strong></span> <span class='ocrx_word' id='word_1_698' title='bbox 177 5030 393 5086; x_wconf 76' lang='lat' dir='ltr'><strong>durissimorum</strong></span> <span class='ocrx_word' id='word_1_699' title='bbox 402 5030 565 5102; x_wconf 89' lang='lat' dir='ltr'><strong>signillcnri</strong></span> <span class='ocrx_word' id='word_1_700' title='bbox 580 4976 893 5103; x_wconf 67' lang='lat' dir='ltr'><strong>acyprianoltovaua-</strong></span> <span class='ocrx_word' id='word_1_701' title='bbox 948 5032 1008 5086; x_wconf 85' lang='lat' dir='ltr'><strong>lam</strong></span> <span class='ocrx_word' id='word_1_702' title='bbox 1022 5046 1113 5085; x_wconf 74' lang='lat' dir='ltr'><strong>mam.</strong></span> <span class='ocrx_word' id='word_1_703' title='bbox 1125 5030 1236 5085; x_wconf 83' lang='lat' dir='ltr'><strong>Rourn.</strong></span> <span class='ocrx_word' id='word_1_704' title='bbox 1615 5098 1620 5108; x_wconf 26' lang='grc' dir='ltr'>ι</span> 
     </span>
     <span class='ocr_line' id='line_1_60' title="bbox 66 5092 1780 5177; baseline -0.006 -20"><span class='ocrx_word' id='word_1_705' title='bbox 66 5116 133 5169; x_wconf 89' lang='lat' dir='ltr'><strong>nos,</strong></span> <span class='ocrx_word' id='word_1_706' title='bbox 149 5101 200 5172; x_wconf 89' lang='lat' dir='ltr'><strong>qui</strong></span> <span class='ocrx_word' id='word_1_707' title='bbox 217 5101 309 5174; x_wconf 86' lang='lat' dir='ltr'><strong>lapsis</strong></span> <span class='ocrx_word' id='word_1_708' title='bbox 323 5101 526 5174; x_wconf 70' lang='lat' dir='ltr'><strong>paenitentiam</strong></span> <span class='ocrx_word' id='word_1_709' title='bbox 536 5103 694 5175; x_wconf 88' lang='lat' dir='ltr'><strong>negabant,</strong></span> <span class='ocrx_word' id='word_1_710' title='bbox 704 5102 731 5156; x_wconf 94' lang='lat' dir='ltr'><strong>id</strong></span> <span class='ocrx_word' id='word_1_711' title='bbox 749 5100 822 5157; x_wconf 88' lang='lat' dir='ltr'><strong>mibi</strong></span> <span class='ocrx_word' id='word_1_712' title='bbox 836 5100 891 5156; x_wconf 93' lang='lat' dir='ltr'><strong>mi·</strong></span> <span class='ocrx_word' id='word_1_713' title='bbox 984 5102 1041 5172; x_wconf 87' lang='grc'>(54)</span> <span class='ocrx_word' id='word_1_714' title='bbox 1055 5101 1258 5159; x_wconf 80' lang='lat' dir='ltr'><strong>Ordinationes</strong></span> <span class='ocrx_word' id='word_1_715' title='bbox 1274 5098 1453 5155; x_wconf 79' lang='lat' dir='ltr'><strong>sacerdotales</strong></span> <span class='ocrx_word' id='word_1_716' title='bbox 1476 5116 1532 5155; x_wconf 83' lang='lat' dir='ltr'><strong>noa</strong></span> <span class='ocrx_word' id='word_1_717' title='bbox 1564 5099 1630 5160; x_wconf 76' lang='lat' dir='ltr'><strong>aisa,</strong></span> <span class='ocrx_word' id='word_1_718' title='bbox 1645 5099 1700 5177; x_wconf 79' lang='lat' dir='ltr'><strong>etc.</strong></span> <span class='ocrx_word' id='word_1_719' title='bbox 1718 5092 1780 5173; x_wconf 85' lang='lat' dir='ltr'><strong>Hoc</strong></span> 
     </span>
     <span class='ocr_line' id='line_1_61' title="bbox 63 5167 1778 5245; baseline -0.006 -16"><span class='ocrx_word' id='word_1_720' title='bbox 63 5188 123 5229; x_wconf 91' lang='lat' dir='ltr'><strong>nus</strong></span> <span class='ocrx_word' id='word_1_721' title='bbox 138 5177 251 5228; x_wconf 82' lang='lat' dir='ltr'><strong>oertmn</strong></span> <span class='ocrx_word' id='word_1_722' title='bbox 266 5178 355 5244; x_wconf 89' lang='lat' dir='ltr'><strong>atque</strong></span> <span class='ocrx_word' id='word_1_723' title='bbox 371 5172 490 5230; x_wconf 81' lang='lat' dir='ltr'><strong>evidens</strong></span> <span class='ocrx_word' id='word_1_724' title='bbox 503 5175 629 5229; x_wconf 90' lang='lat' dir='ltr'><strong>videtur.</strong></span> <span class='ocrx_word' id='word_1_725' title='bbox 650 5173 762 5228; x_wconf 87' lang='lat' dir='ltr'><strong>Rouru.</strong></span> <span class='ocrx_word' id='word_1_726' title='bbox 948 5173 1080 5245; x_wconf 87' lang='lat' dir='ltr'><strong>exemplo</strong></span> <span class='ocrx_word' id='word_1_727' title='bbox 1092 5173 1325 5228; x_wconf 83' lang='lat' dir='ltr'><strong>Christianorum</strong></span> <span class='ocrx_word' id='word_1_728' title='bbox 1342 5170 1637 5225; x_wconf 75' lang='lat' dir='ltr'><strong>Alexanderseverus</strong></span> <span class='ocrx_word' id='word_1_729' title='bbox 1654 5167 1778 5233; x_wconf 80' lang='lat' dir='ltr'><strong>disposi-</strong></span> 
     </span>
     <span class='ocr_line' id='line_1_62' title="bbox 99 5236 1778 5325; baseline -0.005 -26"><span class='ocrx_word' id='word_1_730' title='bbox 99 5244 159 5325; x_wconf 86' lang='grc'>(49)</span> <span class='ocrx_word' id='word_1_731' title='bbox 177 5245 298 5315; x_wconf 72' lang='lat' dir='ltr'><strong>inopere</strong></span> <span class='ocrx_word' id='word_1_732' title='bbox 319 5260 355 5300; x_wconf 87' lang='lat' dir='ltr'><strong>eo</strong></span> <span class='ocrx_word' id='word_1_733' title='bbox 382 5260 444 5315; x_wconf 68' lang='lat' dir='ltr'><strong>piac</strong></span> <span class='ocrx_word' id='word_1_734' title='bbox 471 5245 507 5300; x_wconf 82' lang='lat' dir='ltr'><strong>art</strong></span> <span class='ocrx_word' id='word_1_735' title='bbox 530 5262 573 5301; x_wconf 87' lang='lat' dir='ltr'><strong>eos</strong></span> <span class='ocrx_word' id='word_1_736' title='bbox 599 5246 748 5317; x_wconf 82' lang='lat' dir='ltr'><strong>pertineat.</strong></span> <span class='ocrx_word' id='word_1_737' title='bbox 775 5246 894 5298; x_wconf 89' lang='lat' dir='ltr'><strong>Veteres</strong></span> <span class='ocrx_word' id='word_1_738' title='bbox 949 5246 1045 5301; x_wconf 88' lang='lat' dir='ltr'><strong>tiones</strong></span> <span class='ocrx_word' id='word_1_739' title='bbox 1060 5260 1129 5300; x_wconf 89' lang='lat' dir='ltr'><strong>suas</strong></span> <span class='ocrx_word' id='word_1_740' title='bbox 1140 5242 1319 5315; x_wconf 81' lang='lat' dir='ltr'><strong>publicabat,</strong></span> <span class='ocrx_word' id='word_1_741' title='bbox 1335 5242 1384 5298; x_wconf 93' lang='lat' dir='ltr'><strong>ubi</strong></span> <span class='ocrx_word' id='word_1_742' title='bbox 1400 5241 1515 5313; x_wconf 88' lang='lat' dir='ltr'><strong>aliquos</strong></span> <span class='ocrx_word' id='word_1_743' title='bbox 1526 5240 1641 5295; x_wconf 84' lang='lat' dir='ltr'><strong>volebat</strong></span> <span class='ocrx_word' id='word_1_744' title='bbox 1655 5236 1699 5291; x_wconf 88' lang='lat' dir='ltr'><strong>vel</strong></span> <span class='ocrx_word' id='word_1_745' title='bbox 1715 5250 1778 5291; x_wconf 87' lang='lat' dir='ltr'><strong>reo·</strong></span> 
     </span>
     <span class='ocr_line' id='line_1_63' title="bbox 63 5307 1778 5389; baseline -0.006 -17"><span class='ocrx_word' id='word_1_746' title='bbox 63 5314 210 5372; x_wconf 79' lang='lat' dir='ltr'><strong>editiones</strong></span> <span class='ocrx_word' id='word_1_747' title='bbox 224 5321 255 5372; x_wconf 90' lang='lat' dir='ltr'><strong>et</strong></span> <span class='ocrx_word' id='word_1_748' title='bbox 269 5315 407 5371; x_wconf 87' lang='lat' dir='ltr'><strong>undecim</strong></span> <span class='ocrx_word' id='word_1_749' title='bbox 435 5316 503 5371; x_wconf 92' lang='lat' dir='ltr'><strong>libri</strong></span> <span class='ocrx_word' id='word_1_750' title='bbox 531 5321 644 5373; x_wconf 79' lang='lat' dir='ltr'><strong>veteres</strong></span> <span class='ocrx_word' id='word_1_751' title='bbox 672 5316 791 5380; x_wconf 89' lang='lat' dir='ltr'><strong>babent,</strong></span> <span class='ocrx_word' id='word_1_752' title='bbox 807 5312 895 5369; x_wconf 82' lang='lat' dir='ltr'><strong>Nolite</strong></span> <span class='ocrx_word' id='word_1_753' title='bbox 949 5322 1028 5373; x_wconf 89' lang='lat' dir='ltr'><strong>tores</strong></span> <span class='ocrx_word' id='word_1_754' title='bbox 1039 5316 1197 5389; x_wconf 83' lang='lat' dir='ltr'><strong>provinciis</strong></span> <span class='ocrx_word' id='word_1_755' title='bbox 1211 5315 1291 5375; x_wconf 85' lang='lat' dir='ltr'><strong>dare,</strong></span> <span class='ocrx_word' id='word_1_756' title='bbox 1307 5312 1351 5368; x_wconf 85' lang='lat' dir='ltr'><strong>rel</strong></span> <span class='ocrx_word' id='word_1_757' title='bbox 1369 5314 1538 5385; x_wconf 76' lang='lat' dir='ltr'><strong>praepositos</strong></span> <span class='ocrx_word' id='word_1_758' title='bbox 1551 5307 1700 5375; x_wconf 70' lang='lat' dir='ltr'><strong>laceraret</strong></span> <span class='ocrx_word' id='word_1_759' title='bbox 1712 5322 1778 5379; x_wconf 94' lang='lat' dir='ltr'><strong>pro·</strong></span> 
     </span>
     <span class='ocr_line' id='line_1_64' title="bbox 63 5381 1778 5460; baseline -0.005 -17"><span class='ocrx_word' id='word_1_760' title='bbox 63 5390 180 5458; x_wconf 75' lang='lat' dir='ltr'><strong>tanam</strong></span> <span class='ocrx_word' id='word_1_761' title='bbox 201 5388 457 5460; x_wconf 72' lang='lat' dir='ltr'><strong>aromatumque</strong></span> <span class='ocrx_word' id='word_1_762' title='bbox 470 5394 536 5444; x_wconf 78' lang='lat' dir='ltr'><strong>sent</strong></span> <span class='ocrx_word' id='word_1_763' title='bbox 559 5391 609 5445; x_wconf 83' lang='lat' dir='ltr'><strong>eie.</strong></span> <span class='ocrx_word' id='word_1_764' title='bbox 639 5387 721 5451; x_wconf 82' lang='lat' dir='ltr'><strong>Quod</strong></span> <span class='ocrx_word' id='word_1_765' title='bbox 745 5388 894 5441; x_wconf 85' lang='lat' dir='ltr'><strong>mutatam</strong></span> <span class='ocrx_word' id='word_1_766' title='bbox 950 5393 1109 5455; x_wconf 85' lang='lat' dir='ltr'><strong>curatores,</strong></span> <span class='ocrx_word' id='word_1_767' title='bbox 1127 5388 1213 5442; x_wconf 90' lang='lat' dir='ltr'><strong>idest</strong></span> <span class='ocrx_word' id='word_1_768' title='bbox 1238 5383 1405 5453; x_wconf 84' lang='lat' dir='ltr'><strong>rationales,</strong></span> <span class='ocrx_word' id='word_1_769' title='bbox 1423 5386 1579 5439; x_wconf 85' lang='lat' dir='ltr'><strong>ordinare:</strong></span> <span class='ocrx_word' id='word_1_770' title='bbox 1596 5381 1778 5438; x_wconf 86' lang='lat' dir='ltr'><strong>nomineco-</strong></span> 
     </span>
     <span class='ocr_line' id='line_1_65' title="bbox 63 5451 1776 5532; baseline -0.006 -17"><span class='ocrx_word' id='word_1_771' title='bbox 63 5458 216 5515; x_wconf 84' lang='lat' dir='ltr'><strong>videtura</strong></span> <span class='ocrx_word' id='word_1_772' title='bbox 232 5458 444 5531; x_wconf 88' lang='lat' dir='ltr'><strong>posterioribus</strong></span> <span class='ocrx_word' id='word_1_773' title='bbox 467 5459 596 5516; x_wconf 89' lang='lat' dir='ltr'><strong>librariis</strong></span> <span class='ocrx_word' id='word_1_774' title='bbox 611 5460 709 5515; x_wconf 90' lang='lat' dir='ltr'><strong>studio</strong></span> <span class='ocrx_word' id='word_1_775' title='bbox 728 5456 895 5514; x_wconf 78' lang='lat' dir='ltr'><strong>revocanda</strong></span> <span class='ocrx_word' id='word_1_776' title='bbox 950 5476 1017 5516; x_wconf 91' lang='lat' dir='ltr'><strong>rum</strong></span> <span class='ocrx_word' id='word_1_777' title='bbox 1034 5460 1224 5532; x_wconf 84' lang='lat' dir='ltr'><strong>proponebat,</strong></span> <span class='ocrx_word' id='word_1_778' title='bbox 1249 5456 1423 5526; x_wconf 79' lang='lat' dir='ltr'><strong>dicebatque</strong></span> <span class='ocrx_word' id='word_1_779' title='bbox 1448 5472 1533 5523; x_wconf 85' lang='lat' dir='ltr'><strong>grave</strong></span> <span class='ocrx_word' id='word_1_780' title='bbox 1563 5470 1628 5511; x_wconf 88' lang='lat' dir='ltr'><strong>esse</strong></span> <span class='ocrx_word' id='word_1_781' title='bbox 1653 5468 1720 5509; x_wconf 92' lang='lat' dir='ltr'><strong>cum</strong></span> <span class='ocrx_word' id='word_1_782' title='bbox 1747 5451 1776 5506; x_wconf 94' lang='lat' dir='ltr'><strong>id</strong></span> 
     </span>
     <span class='ocr_line' id='line_1_66' title="bbox 65 5522 1781 5603; baseline -0.005 -17"><span class='ocrx_word' id='word_1_783' title='bbox 65 5527 205 5586; x_wconf 88' lang='lat' dir='ltr'><strong>lectionis</strong></span> <span class='ocrx_word' id='word_1_784' title='bbox 215 5529 557 5602; x_wconf 81' lang='lat' dir='ltr'><strong>quaexststineditione</strong></span> <span class='ocrx_word' id='word_1_785' title='bbox 572 5531 690 5603; x_wconf 81' lang='lat' dir='ltr'><strong>vulgata</strong></span> <span class='ocrx_word' id='word_1_786' title='bbox 701 5546 789 5586; x_wconf 76' lang='lat' dir='ltr'><strong>sacre</strong></span> <span class='ocrx_word' id='word_1_787' title='bbox 800 5527 897 5599; x_wconf 82' lang='lat' dir='ltr'><strong>Scrip·</strong></span> <span class='ocrx_word' id='word_1_788' title='bbox 951 5530 1108 5587; x_wconf 84' lang='lat' dir='ltr'><strong>Christiani</strong></span> <span class='ocrx_word' id='word_1_789' title='bbox 1122 5534 1151 5585; x_wconf 93' lang='lat' dir='ltr'><strong>et</strong></span> <span class='ocrx_word' id='word_1_790' title='bbox 1164 5527 1429 5585; x_wconf 77' lang='lat' dir='ltr'><strong>Judaeilacerentin</strong></span> <span class='ocrx_word' id='word_1_791' title='bbox 1438 5527 1611 5583; x_wconf 89' lang='lat' dir='ltr'><strong>ordinandis</strong></span> <span class='ocrx_word' id='word_1_792' title='bbox 1624 5522 1781 5581; x_wconf 88' lang='lat' dir='ltr'><strong>sacerdoti·</strong></span> 
     </span>
     <span class='ocr_line' id='line_1_67' title="bbox 65 5598 1782 5674; baseline -0.005 -15"><span class='ocrx_word' id='word_1_793' title='bbox 65 5600 582 5660; x_wconf 74' lang='lat' dir='ltr'><strong>turo.ttaanz.-a1‹¹ellosdducti</strong></span> <span class='ocrx_word' id='word_1_794' title='bbox 612 5604 732 5659; x_wconf 84' lang='lat' dir='ltr'><strong>luerunt</strong></span> <span class='ocrx_word' id='word_1_795' title='bbox 758 5598 897 5656; x_wconf 90' lang='lat' dir='ltr'><strong>undecim</strong></span> <span class='ocrx_word' id='word_1_796' title='bbox 953 5602 1088 5674; x_wconf 91' lang='lat' dir='ltr'><strong>bus,nou</strong></span> <span class='ocrx_word' id='word_1_797' title='bbox 1103 5600 1207 5656; x_wconf 84' lang='lat' dir='ltr'><strong>ilariin</strong></span> <span class='ocrx_word' id='word_1_798' title='bbox 1222 5599 1442 5671; x_wconf 84' lang='lat' dir='ltr'><strong>provinciarum</strong></span> <span class='ocrx_word' id='word_1_799' title='bbox 1456 5599 1629 5665; x_wconf 90' lang='lat' dir='ltr'><strong>rectoribus,</strong></span> <span class='ocrx_word' id='word_1_800' title='bbox 1643 5600 1700 5667; x_wconf 86' lang='lat' dir='ltr'><strong>etc,</strong></span> <span class='ocrx_word' id='word_1_801' title='bbox 1717 5610 1782 5668; x_wconf 83' lang='lat' dir='ltr'><strong>qua</strong></span> 
     </span>
     <span class='ocr_line' id='line_1_68' title="bbox 66 5670 1393 5748; baseline 0 -19"><span class='ocrx_word' id='word_1_802' title='bbox 66 5672 112 5730; x_wconf 89' lang='lat' dir='ltr'><strong>illi</strong></span> <span class='ocrx_word' id='word_1_803' title='bbox 127 5672 195 5730; x_wconf 84' lang='lat' dir='ltr'><strong>libri</strong></span> <span class='ocrx_word' id='word_1_804' title='bbox 210 5678 322 5731; x_wconf 72' lang='lat' dir='ltr'><strong>votens</strong></span> <span class='ocrx_word' id='word_1_805' title='bbox 345 5688 422 5745; x_wconf 87' lang='lat' dir='ltr'><strong>quos</strong></span> <span class='ocrx_word' id='word_1_806' title='bbox 450 5678 596 5733; x_wconf 83' lang='lat' dir='ltr'><strong>memorat</strong></span> <span class='ocrx_word' id='word_1_807' title='bbox 622 5673 778 5741; x_wconf 77' lang='lat' dir='ltr'><strong>lenzias3</strong></span> <span class='ocrx_word' id='word_1_808' title='bbox 793 5671 898 5728; x_wconf 79' lang='lat' dir='ltr'><strong>iissre</strong></span> <span class='ocrx_word' id='word_1_809' title='bbox 953 5676 1035 5748; x_wconf 87' lang='lat' dir='ltr'><strong>apud</strong></span> <span class='ocrx_word' id='word_1_810' title='bbox 1052 5670 1257 5745; x_wconf 84' lang='lat' dir='ltr'><strong>Lampridium</strong></span> <span class='ocrx_word' id='word_1_811' title='bbox 1272 5672 1393 5730; x_wconf 69' lang='lat' dir='ltr'><strong>araim.</strong></span> 
     </span>
     <span class='ocr_line' id='line_1_69' title="bbox 65 5741 898 5819; baseline 0.002 -20"><span class='ocrx_word' id='word_1_812' title='bbox 65 5762 133 5807; x_wconf 74' lang='lat' dir='ltr'><strong>seue</strong></span> <span class='ocrx_word' id='word_1_813' title='bbox 146 5742 180 5803; x_wconf 89' lang='lat'><strong>0’</strong></span> <span class='ocrx_word' id='word_1_814' title='bbox 192 5745 232 5803; x_wconf 83' lang='lat' dir='ltr'><strong>sd</strong></span> <span class='ocrx_word' id='word_1_815' title='bbox 244 5744 373 5805; x_wconf 76' lang='lat' dir='ltr'><strong>tittsrm</strong></span> <span class='ocrx_word' id='word_1_816' title='bbox 386 5744 568 5819; x_wconf 83' lang='lat' dir='ltr'><strong>exprimunt,</strong></span> <span class='ocrx_word' id='word_1_817' title='bbox 583 5745 625 5804; x_wconf 84' lang='lat' dir='ltr'><strong>lta</strong></span> <span class='ocrx_word' id='word_1_818' title='bbox 638 5744 718 5805; x_wconf 85' lang='lat' dir='ltr'><strong>enlm</strong></span> <span class='ocrx_word' id='word_1_819' title='bbox 733 5744 831 5801; x_wconf 69' lang='lat' dir='ltr'><strong>Gneo</strong></span> <span class='ocrx_word' id='word_1_820' title='bbox 844 5741 898 5801; x_wconf 91' lang='lat' dir='ltr'><strong>bo·</strong></span> 
     </span>
    </p>
   </div>
   <div class='ocr_carea' id='block_1_7' title="bbox 950 4812 1776 4887">
    <p class='ocr_par' dir='ltr' id='par_1_7' title="bbox 950 4812 1776 4887">
     <span class='ocr_line' id='line_1_70' title="bbox 950 4812 1776 4887; baseline -0.007 -16"><span class='ocrx_word' id='word_1_821' title='bbox 950 4816 1097 4887; x_wconf 74' lang='lat' dir='ltr'><strong>cottipetar</strong></span> <span class='ocrx_word' id='word_1_822' title='bbox 1111 4816 1146 4870; x_wconf 86' lang='lat' dir='ltr'><strong>ad</strong></span> <span class='ocrx_word' id='word_1_823' title='bbox 1165 4816 1263 4885; x_wconf 88' lang='lat' dir='ltr'><strong>patres</strong></span> <span class='ocrx_word' id='word_1_824' title='bbox 1278 4830 1356 4869; x_wconf 93' lang='lat' dir='ltr'><strong>suos.</strong></span> <span class='ocrx_word' id='word_1_825' title='bbox 1371 4815 1413 4869; x_wconf 85' lang='lat' dir='ltr'><strong>lta</strong></span> <span class='ocrx_word' id='word_1_826' title='bbox 1429 4815 1518 4869; x_wconf 87' lang='lat' dir='ltr'><strong>codex</strong></span> <span class='ocrx_word' id='word_1_827' title='bbox 1533 4812 1672 4868; x_wconf 80' lang='lat' dir='ltr'><strong>Forensis</strong></span> <span class='ocrx_word' id='word_1_828' title='bbox 1688 4829 1704 4866; x_wconf 84' lang='lat' dir='ltr'><strong>a</strong></span> <span class='ocrx_word' id='word_1_829' title='bbox 1719 4812 1776 4865; x_wconf 87' lang='lat' dir='ltr'><strong>Ba-</strong></span> 
     </span>
    </p>
   </div>
   <div class='ocr_carea' id='block_1_8' title="bbox 0 0 1968 6112">
    <p class='ocr_par' dir='ltr' id='par_1_8' title="bbox 0 0 1968 6112">
     <span class='ocr_line' id='line_1_71' title="bbox 0 0 1968 6112; baseline 0 0"><span class='ocrx_word' id='word_1_830' title='bbox 0 0 1968 6112; x_wconf 95' lang='lat' dir='ltr'><strong> </strong></span> 
     </span>
    </p>
   </div>
  </div>
 </body>
</html>
