3892 6104
67 286 146 348 1353
542 282 646 345 PARS
666 279 1060 347 11.-sacarir10ntltt
1081 282 1301 349 EXCURSUS.
1691 290 1773 353 {SM
1853 330 1863 344 -
1913 356 1920 368 ,

65 416 167 490 inquit
183 414 341 489 Dionysius
350 414 490 471 Alexand.
502 416 579 488 apud
589 415 709 481 Erech„
728 414 749 471 i.
771 432 809 471 vn
824 416 893 471 ilict.
906 416 932 483 Α
949 414 1088 471 munione
1098 386 1309 482 discessurum,
1321 438 1336 467 u
1361 420 1438 475 recto
1453 416 1581 476 scribit«
1596 420 1771 497 gravissime

66 523 93 566 c.
108 508 139 577 5,
155 529 170 557 ιι
188 505 302 561 litteras
316 504 474 576 scripserat
489 504 678 577 (Stephanus)
694 505 729 561 de
744 503 852 561 Heleno
862 508 892 559 et
946 504 1043 575 ipsum
1061 503 1174 575 tulisse,
1190 526 1204 556 a
1216 504 1329 577 aliquid
1343 523 1361 562 a
1374 505 1528 579 Cypriane,
1544 506 1669 581 aliisque
1693 510 1770 569 ciros

66 596 104 653 de
119 594 317 653 i'irmilianoz
336 593 462 665 aliisque
476 593 676 651 Orientalibus
690 616 705 645 ι
720 610 785 652 sese
804 598 840 649 ab
856 592 890 648 il·
946 592 1148 651 hereticorum
1164 594 1345 666 baptismum
1359 594 1503 654 innovari.
1517 599 1555 653 At
1582 598 1692 654 nedum
1707 600 1772 657 Ste-

64 685 162 742 lorum
187 682 395 740 communione
423 683 634 751 discessurum,
667 683 745 755 quod
775 682 891 738 heroti·
946 681 1769 762 phanumaliqualonusreprehendatquodid«gravis-

65 792 116 833 cos
127 773 351 845 rebaptizarent.
376 774 413 827 nt
426 771 503 838 vide,
520 788 629 843 quaeso,
650 774 822 845 gravitatem
838 788 892 828 ne·
945 769 1019 826 sime
1032 770 1166 841 tulerit„
1184 788 1249 828 eam
1263 774 1348 829 alieri
1363 772 1487 845 hujusce
1498 774 1639 848 Stephani
1662 776 1769 851 agendi
1885 770 1905 817 -’

65 861 395 937 gotii3reverueninrin
408 860 556 929 maximis,
572 867 605 916 ut
624 861 722 925 audio,
739 861 891 933 episcopo·
944 858 1068 915 rationis
1089 876 1220 929 causam,
1246 877 1311 933 que
1334 861 1416 918 illius
1440 863 1606 935 equitatem
1634 866 1769 939 apprime

65 969 133 1009 rum
148 950 291 1017 conciliis,
307 950 456 1006 decretum
471 953 527 1016 est,
554 954 587 1005 ut
610 949 661 1021 qni
686 950 722 1005 ab
746 948 891 1005 hereticis
944 946 1142 1017 demonstret;
1159 949 1326 1022 Stephanus
1342 951 1421 1007 enim
1441 952 1526 1023 juxta
1548 954 1710 1013 Eusebium
1735 956 1766 1014 id

65 1038 889 1111 adcathoiicamEcclesiamacceduntprimumcateohu-
944 1038 1117 1110 gravissime
1141 1038 1218 1107 tulit,
1243 1039 1313 1111 quia
1337 1043 1418 1096 ratus
1442 1040 1537 1098 luerat
1560 1043 1602 1100 nil
1625 1045 1767 1105 adversus

42 1130 145 1187 *meni
163 1131 274 1194 tierent,
290 1145 324 1185 ac
340 1128 444 1184 deinde
458 1128 564 1183 veleris
575 1134 603 1183 et
618 1128 726 1199 impuri
754 1127 890 1184 fermenti
944 1128 1095 1197 antiquam
1111 1127 1244 1185 Ecclesiae
1259 1128 1448 1185 traditionem
1464 1146 1528 1187 essa
1549 1131 1766 1207 innovandum

64 1220 204 1277 sordibus
217 1235 268 1290 per
278 1217 457 1289 baptismum
470 1222 675 1289 pungerentur.
688 1217 780 1273 Dahis
794 1216 890 1298 onmi7
947 1239 957 1266 ι
975 1217 1147 1289 Cyprianus,
1163 1216 1271 1289 inquit,
1287 1216 1307 1273 l.
1323 1236 1363 1274 vn
1379 1220 1461 1288 illst,
1478 1236 1503 1277 o.
1519 1220 1547 1289 3,
1571 1222 1690 1281 nonnisi
1716 1240 1769 1297 par

65 1310 123 1365 bus
138 1324 192 1381 ego
206 1309 243 1364 ed
259 1305 343 1362 illum
359 1305 512 1377 epistolam
529 1305 595 1361 nriei
610 1322 715 1377 rogans
731 1312 819 1379 atque
839 1307 890 1363 ob·
945 1305 1124 1378 baptismum
1136 1307 1277 1364 aborrore
1287 1308 1554 1380 priusemundatos
1568 1311 1768 1373 admittendos

65 1403 189 1463 testans,
206 1396 257 1453 sed
274 1401 303 1452 et
317 1395 512 1460 charissimis,
529 1394 635 1468 inquit,
650 1395 789 1451 iratribus
807 1412 891 1452 com·
943 1412 1008 1452 esse
1023 1398 1147 1453 censuit.
1163 1397 1270 1453 Verum
1286 1397 1454 1470 Stephanus
1470 1398 1543 1456 nihil
1558 1401 1766 1461 adversustra·

67 1485 246 1562 presbyteris
261 1484 370 1541 nostris
382 1484 518 1557 Dionysio
528 1489 558 1539 et
571 1483 734 1541 Philemoni
746 1486 795 1556 qui
808 1486 890 1557 prius
943 1484 1084 1541 ditionem
1096 1486 1232 1558 quaejam
1243 1486 1311 1542 inde
1322 1487 1359 1543 ab
1370 1487 1484 1543 ultimis
1493 1490 1675 1562 temporibus
1693 1491 1767 1549 obti-
1834 1510 1838 1518 ·

65 1577 144 1633 idern
159 1592 226 1632 oum
241 1574 388 1645 Stephano
404 1574 578 1644 sentiebant,
595 1575 688 1647 deque
717 1574 820 1631 iisdem
845 1591 890 1631 re·
944 1579 1047 1629 nuerat
1068 1574 1268 1631 innovandum
1295 1581 1387 1644 ratus,
1411 1577 1585 1649 gravissima
1605 1577 1634 1634 id
1660 1578 1765 1638 tulit.»

65 1665 174 1721 bused
191 1680 237 1719 me
265 1664 455 1735 scripserunt,
488 1662 633 1734 scripsi.»
668 1662 836 1735 Dionysium
861 1666 891 1720 at
943 1663 1018 1727 Ouid
1036 1664 1298 1735 porroaequiussc
1316 1664 1480 1738 sapientius
1502 1667 1663 1724 novitatem
1688 1671 1766 1726 anti·

66 1752 266 1809 Philemonem
283 1750 430 1823 Stephano
447 1750 697 1823 rebaptizantibus
718 1768 1006 1860 excomm-Bryne
1032 1752 1164 1809 Ecclesiae
1200 1752 1351 1810 traditioni
1381 1754 1558 1812 contrariam
1592 1758 1765 1831 gravissime

65 1842 243 1899 nicationem
259 1839 407 1897 minitanti
425 1860 436 1888 ι
453 1840 663 1912 suifragatores
681 1840 795 1897 aluisse
807 1840 889 1897 testi·
945 1840 1028 1897 icrre.

65 1931 165 1987 monio
178 1929 308 2003 Dionysii
325 1928 465 1984 Alexand.
483 1929 570 1984 relert
593 1929 680 1983 etium
708 1929 889 2001 Nicephorus
979 1930 1027 1984 lx.
1041 1929 1212 1994 Quidetiem
1225 1931 1553 2005 daStephanosonaerit
1571 1934 1602 1991 S.
1624 1934 1765 2011 Hierony·

64 2019 204 2077 Callistus
219 2020 276 2091 (5):
293 2017 397 2090 quanti
414 2022 512 2073 autem
528 2017 665 2090 ponderis
680 2017 718 2074 sit
746 2018 890 2075 Philemo·
944 2034 1011 2075 mus
1022 2018 1183 2091 percipitur
1196 2038 1230 2077 ex
1244 2037 1298 2077 suo
1314 2022 1454 2079 adversus
1473 2022 1672 2081 Luciferianos
1697 2024 1766 2082 Dia·

65 2110 113 2167 nis
128 2118 158 2166 et
179 2107 341 2181 presertim
366 2106 495 2177 Dionysii
521 2107 645 2163 Romani
669 2124 721 2179 pro
744 2107 889 2179 Stephano
943 2106 1020 2181 logo,
1036 2108 1066 2163 in
1082 2124 1139 2180 quo
1155 2126 1213 2165 non
1234 2110 1325 2167 senrel
1347 2110 1383 2168 da
1406 2120 1505 2168 exorta
1527 2112 1557 2169 S.
1580 2112 1765 2186 Stephanum

65 2198 241 2269 suffragium
252 2196 325 2253 satis
335 2196 504 2264 ostendunt,
518 2212 580 2266 qum
590 2196 638 2253 SS.
659 2197 758 2253 Patres
769 2212 802 2251 ac
816 2212 889 2268 pras·
943 2196 1056 2252 iuteret
1066 2197 1094 2253 S.
1107 2197 1282 2269 cyprianum
1298 2198 1329 2256 in
1344 2215 1433 2257 causa
1455 2200 1595 2273 baptismi
1616 2201 1765 2261 haeretios·

65 2288 152 2359 cipue
167 2287 197 2343 S.
214 2286 340 2343 Dasilius
355 2285 394 2358 (u)
423 2292 451 2341 el
478 2284 656 2341 Athanasius
679 2287 718 2353 (7)
744 2301 794 2358 ρι·ο
818 2283 890 2341 cele·
944 2302 1009 2341 rum
1024 2287 1237 2343 concertatione
1248 2288 1394 2345 meminit.
1410 2288 1452 2345 lbi
1467 2305 1535 2363 ergo
1551 2312 1567 2343 ιι
1582 2291 1765 2365 Stephanum

64 2376 180 2433 branda
196 2374 324 2448 Dionysii
345 2375 468 2430 Romani
496 2396 511 2425 ιι
528 2375 594 2431 lidei
620 2374 795 2447 integritate,
819 2375 889 2429 doc·
942 2391 959 2430 a
973 2375 1116 2447 Cypriane
1127 2374 1287 2432 laceratum
1300 2399 1315 2427 n
1326 2376 1417 2434 tuisse
1427 2378 1540 2448 scribit,
1548 2384 1578 2437 at
1586 2380 1765 2455 Cyprianum

63 2466 154 2533 trina,
170 2464 347 2530 eruditione,
371 2463 518 2536 snpientia
545 2461 670 2536 aliisque
692 2462 886 2529 virtutihus·
943 2463 1117 2535 aStaphano
1127 2465 1227 2522 minus
1239 2465 1314 2523 bane
1325 2465 1460 2524 habitum
1472 2467 1559 2526 sicuti
1568 2486 1627 2533 non
1638 2471 1766 2545 censuit,

63 2554 253 2611 cumularunt
267 2552 371 2625 elogia,
387 2552 459 2609 satis
473 2552 633 2609 ostendunt
656 2569 720 2624 que
745 2552 888 2608 Eusebius
942 2554 983 2608 ita
1007 2568 1060 2609 neo
1089 2553 1225 2622 tradidit;
1264 2554 1324 2610 imo
1355 2554 1495 2630 Stephani
1528 2559 1699 2617 constantie
1731 2576 1767 2619 aa

64 2640 317 2717 postDionysinm
331 2640 778 2697 Alexandrinumdeillonobis
796 2638 888 2695 tradi·
941 2639 1001 2697 zelo
1026 2641 1156 2709 ascribit,
1191 2642 1269 2715 qnod
1303 2642 1379 2699 irriti
1411 2644 1521 2701 fuerint
1546 2645 1680 2719 Cypriani
1711 2666 1765 2721 pro

63 2732 110 2789 dit
123 2730 175 2788 lib.
192 2748 232 2785 vn
248 2733 328 2798 ilict,
341 2747 404 2802 cap.
420 2732 448 2795 7,
464 2730 511 2786 his
526 2730 673 2787 verbis:«
689 2734 773 2786 Hunc
788 2732 887 2801 ipsum
942 2732 1084 2786 mutanda
1112 2731 1235 2802 antiqua
1266 2730 1399 2788 Ecclesia
1441 2733 1599 2792 traditione
1641 2742 1765 2796 conatus

63 2820 237 2893 Dionysium
253 2820 417 2876 Romanum
433 2818 667 2875 eruditissimum
695 2817 803 2891 (adhuc
826 2834 888 2890 pre-
942 2840 956 2869 ιι
972 2816 1100 2874 Conatus
1113 2824 1167 2885 est,
1184 2818 1290 2891 inquit,
1307 2821 1412 2877 beatus
1427 2821 1590 2895 Cyprianus
1618 2824 1764 2883 contritos

63 2910 227 2984 sbyterum)
244 2907 718 2982 planequeadnrirandumvirum
735 2908 824 2963 tuisse
842 2911 886 2961 to·
941 2905 1443 2983 lucusiugereacbiberedeaqus
1472 2910 1576 2980 aliena,
1601 2911 1763 2971 etidcirco

62 2998 202 3057 stimonio
215 2996 835 3071 Dionysiirtiexandrinilicetcognosccrc,·
835 3012 887 3053 reo
942 2994 1145 3051 hereticorum
1167 2996 1316 3069 baptisma
1337 2998 1497 3071 reprobans
1519 3000 1555 3056 ad
1580 3000 1765 3075 Stephanum

60 3089 279 3146 tendemexeo
307 3088 437 3160 dignosci
465 3087 554 3142 etiam
580 3090 685 3158 potest,
711 3086 786 3157 quod
810 3085 953 3142 Petrit
941 3089 1012 3140 unc
1026 3089 1163 3141 nomana
1175 3086 1257 3142 urbis
1272 3102 1443 3161 episcopum
1463 3104 1553 3161 super
1567 3090 1666 3148 heere
1686 3090 1765 3149 atri·

63 3178 232 3237 cathedram
248 3179 315 3250 post
329 3180 453 3250 xystum
470 3176 493 3232 ll
507 3191 648 3248 oocirpara
664 3176 812 3232 meruerit.
901 3158 1046 3229 Coenam
1062 3176 1206 3246 synodum
1221 3174 1336 3241 direxit,
1351 3177 1404 3235 sed
1418 3181 1541 3235 conatus
1564 3180 1628 3251 ejus
1652 3180 1764 3239 frustra
1882 3224 1885 3229 .

99 3268 163 3323 vti
178 3266 336 3339 Dionysius
352 3264 562 3321 Alexandrinus
580 3266 617 3321 ad
631 3265 810 3338 Stephanum
836 3284 887 3340 por
940 3262 1005 3318 luit.
1016 3283 1030 3313 a

62 3356 179 3414 litteras
194 3360 346 3427 sequester
361 3354 617 3427 accessitquidem
639 3376 653 3405 ιι
668 3370 775 3427 rogans
799 3360 888 3429 atque
976 3353 1070 3424 Atque
1092 3352 1164 3410 adeo
1195 3352 1304 3410 trustra
1338 3354 1554 3427 rebaptizantes
1582 3356 1764 3429 Stephanum

63 3446 216 3503 obtestans
231 3467 245 3496 ιι
263 3449 295 3500 ut
310 3462 328 3501 a
343 3443 462 3500 serenda
484 3444 798 3501 excommunicationis
821 3462 888 3501 son·
942 3444 1095 3513 rogarunt,
1108 3440 1268 3512 uty'uxtaS.
1281 3441 1434 3499 Ductorem
1444 3460 1533 3501 auum
1543 3460 1671 3501 errorem
1682 3445 1769 3519 depo-

63 3534 158 3593 tentia
172 3534 342 3605 abstineret,
358 3534 484 3605 ideoque
499 3534 707 3606 nequodipsis
719 3533 889 3591 intermina·
944 3529 1059 3585 suerint
1073 3534 1102 3585 et
1125 3530 1279 3604 antiquato
1298 3530 1389 3588 veteri
1411 3548 1519 3591 norum
1542 3532 1696 3592 emiserint
1719 3535 1771 3593 ds·

63 3628 115 3683 tus
139 3624 246 3696 iuerat,
271 3646 287 3675 ιι
302 3640 367 3680 sesa
388 3622 529 3679 nimirum
553 3623 588 3679 ab
615 3622 732 3679 illorum
757 3640 890 3681 cominu·
946 3624 1076 3685 oretum;
1107 3620 1200 3693 pergit
1227 3620 1326 3677 anime
1356 3642 1371 3673 ιι
1397 3622 1524 3695 Denique
1562 3621 1605 3679 illi
1637 3622 1773 3698 episcopi

64 3712 395 3785 aionediscessurum,»
406 3713 585 3770 exsecutioni
596 3712 891 3772 demandaretl’usas
946 3706 1097 3782 (Africani)
1125 3709 1177 3781 qui
1200 3709 1427 3785 rebaptizandos
1450 3711 1601 3770 hereticos
1637 3728 1706 3770 cum
1738 3729 1774 3771 eo

65 3820 84 3860 a
106 3802 246 3875 Dionysio
271 3819 371 3874 preces
399 3800 539 3874 Stephani
570 3801 711 3859 voluntati
747 3820 891 3860 consonas
946 3797 1111 3870 (Cypriane)
1127 3803 1291 3855 statuerant
1305 3800 1507 3873 adanthuam
1529 3802 1772 3860 consuetudinem

65 3890 161 3949 tuisse
172 3895 288 3948 constat
302 3907 338 3947 ex
365 3890 540 3963 Augustino,
563 3891 613 3964 qui
638 3891 745 3963 sepius
769 3896 893 3949 testatur
946 3885 1069 3943 revoluti
1081 3904 1189 3944 norum
1203 3888 1327 3945 emisero
1335 3888 1495 3946 decretum.
1508 3914 1520 3944 ι
1535 3890 1577 3946 En
1587 3890 1772 3963 quidluorati

67 3980 251 4051 Stephanum
275 3996 343 4035 oum
370 3980 512 4052 Cypriane
536 3995 638 4052 pacem
667 3988 696 4035 et
719 3980 892 4037 charitatem
947 3975 1772 4053 aintalrieenisusceptionumconfugientes.rin,quaso,

68 4086 268 4139 conservasse,
280 4073 309 4125 et
320 4073 532 4141 consequenter
543 4068 622 4126 intra
637 4069 714 4127 solas
724 4087 892 4127 excommu·
947 4064 1087 4137 Stephani
1116 4065 1146 4120 in
1160 4065 1313 4121 Africanos
1327 4066 1436 4139 agendi
1452 4067 1594 4123 rationem
1607 4068 1773 4141 vituperare

68 4157 226 4215 nicationis
242 4158 338 4213 minas
354 4157 471 4213 stetisse
486 4174 538 4214 noc
554 4157 676 4214 ulterius
705 4175 894 4232 progressum
948 4154 1094 4225 potuisset
1107 4154 1310 4227 Hieronymum
1325 4170 1360 4211 0¹
1375 4171 1435 4226 (11¹²
1456 4159 1571 4212 iunium
1587 4156 1716 4213 Afrisstni
1739 4172 1775 4214 ⁸0

68 4246 161 4304 luisse
178 4248 229 4319 (8).
256 4250 290 4302 tt
316 4246 539 4319 intempestivus
565 4247 656 4305 inisse
679 4248 733 4304 has
755 4248 895 4320 Stephani
950 4242 1087 4299 univorsa
1111 4242 1239 4299 Ecclesia
1261 4242 1376 4299 luorum
1401 4244 1624 4317 percepissent?
1642 4244 1774 4302 'Pandam

67 4336 167 4394 minas
183 4334 354 4392 nullatenus
369 4336 475 4392 asserit
490 4336 658 4410 Dionysius,
675 4342 703 4393 et
718 4338 846 4410 prolecto
870 4336 896 4395 si
950 4330 1102 4388 concludit
1116 4336 1144 4387 S·
1165 4332 1271 4389 Doctus
1286 4335 1351 4404 post
1362 4332 1450 4389 verba
1460 4333 1547 4389 modo
1558 4334 1664 4390 citata:
1678 4334 1776 4400 «Quid

67 4423 142 4482 tales
154 4423 219 4481 illas
235 4424 444 4495 existimasset,
460 4425 563 4481 eadem
589 4425 733 4493 libertato,
759 4442 818 4498 qua
838 4424 895 4498 ipsi
952 4420 1100 4477 iacimus?
1116 4422 1159 4477 lta
1174 4426 1203 4475 et
1217 4420 1303 4477 nobis
1319 4422 1445 4493 majores
1462 4421 1565 4488 nostri,
1590 4425 1619 4480 et
1642 4422 1701 4481 illis
1730 4422 1778 4481 sul

69 4512 256 4587 significahat
266 4513 445 4571 exsecutioni
457 4530 515 4571 nou
526 4530 591 4572 osse
601 4514 897 4589 demandanilas,ipsi
912 4526 936 4591 Ι)
952 4508 1099 4565 tradidere
1110 4509 1248 4581 majores.
1263 4530 1277 4559 a
1288 4510 1327 4565 Ex
1342 4508 1451 4581 quibus
1479 4508 1648 4585 Hieronymi
1671 4510 1778 4585 verbis,

68 4602 181 4676 pariter
208 4604 373 4675 aperuisset
401 4603 576 4661 immaturas
600 4620 633 4659 ac
670 4604 768 4660 1801
799 4604 898 4662 minua
954 4596 1095 4671 intelligis
1109 4598 1285 4655 imitandum
1301 4597 1338 4654 eb
1354 4598 1418 4670 ipso
1434 4597 1626 4656 Luciferianis
1654 4600 1779 4675 proponi

68 4690 440 4765 equasluisse,idqueeo
457 4693 561 4766 magis,
578 4693 697 4765 quodsi
723 4693 898 4751 adversariis
953 4684 1094 4759 Stephani
1116 4684 1212 4742 zelum
1235 4702 1269 4742 ac
1290 4686 1423 4742 studium
1452 4685 1483 4743 in
1512 4690 1721 4748 conservandis
1743 4706 1779 4747 ao

71 4780 182 4838 nostris
195 4778 354 4849 oredimus,
371 4780 622 4853 rebaptizantibus
638 4782 700 4855 ipse
714 4782 899 4855 auliragaba·
952 4774 1118 4849 posteritati
1135 4774 1381 4845 transmittendis,
1397 4790 1461 4846 qus
1476 4776 1540 4849 ipsa
1554 4794 1571 4833 a
1586 4778 1649 4835 suis
1659 4778 1778 4851 majori·

69 4868 327 4940 tur;imoy'uslas
347 4886 429 4942 inqua
448 4886 481 4926 uo
508 4871 643 4943 providas
668 4871 734 4927 illes
757 4870 896 4945 Stephani
953 4866 1009 4921 bus
1033 4868 1202 4937 acceparat;
1227 4880 1261 4921 cx
1290 4881 1349 4937 quo
1373 4881 1478 4922 rursus
1511 4866 1660 4940 colligitur
1688 4884 1777 4941 quam

71 4956 781 5029 minassihivisesessosutisindicat,cumsolis
801 4961 899 5033 preci·
953 4955 1040 5011 luerit
1065 4954 1179 5011 alienus
1206 4954 1236 5010 S.
1266 4954 1372 5011 Ductor
1397 4954 1433 5011 sb
1467 4953 1584 5011 iliorum
1620 4956 1775 5028 sententia,

70 5046 126 5103 bus
141 5046 262 5104 illarum
278 5048 494 5105 exsecutionem
510 5054 638 5105 avertere
654 5048 817 5106 tentaverit.
952 5045 1004 5117 qui
1015 5044 1153 5117 Stephani
1165 5043 1260 5101 zelum
1285 5044 1455 5111 traducunt,
1472 5049 1505 5101 ut
1527 5044 1717 5120 precipitem,
1741 5062 1776 5104 ac

108 5135 183 5192 Vllt.
195 5135 339 5193 Eusebius
349 5138 548 5209 Cesarieusts,
564 5138 614 5210 qui
627 5152 661 5193 ex
682 5138 817 5211 Dionysio
835 5154 898 5210 por-
953 5134 988 5191 ad
1004 5134 1102 5190 omnio
1116 5134 1296 5191 devastanda
1308 5133 1395 5190 unice
1405 5133 1553 5191 idoneum.

71 5228 192 5298 ceperat
206 5229 235 5281 et
250 5226 280 5281 in
299 5242 353 5282 sua
374 5226 502 5283 ilistoria
526 5227 689 5284 inseruerat
714 5227 896 5299 Stephanum
986 5226 1019 5281 il.
1035 5224 1090 5281 Pro
1104 5223 1247 5297 Cypriane
1262 5222 1446 5279 defendendo
1461 5238 1495 5280 ec
1521 5224 1690 5281 excusando
1711 5240 1779 5298 pro·

75 5312 330 5385 rebaptizantibus
345 5314 526 5389 significasse
543 5336 554 5365 ι
571 5316 677 5373 seseab
687 5314 804 5373 illorum
815 5332 898 5374 oom-
952 5314 1064 5371 niorem
1080 5314 1184 5370 18⁰2
1199 5329 1233 5371 ae
1248 5312 1438 5370 illustriorem
1448 5312 1615 5385 Augustino
1627 5313 1779 5373 neminem
1886 5372 1889 5377 .

72 5470 152 5601 39ἓ5)
167 5474 282 5545 lieston,
299 5473 319 5531 l.
335 5492 373 5544 vr,
398 5490 424 5547 c,
439 5476 467 5549 7,
494 5476 571 5550 opud
599 5477 735 5533 Fronton.
759 5480 829 5535 Duc.
854 5493 895 5551 p.,
987 5474 1190 5631 ῧζῐίιδψωά.
1202 5489 1274 5601 pag
1290 5472 1355 5530 sta.

129 5584 137 5599 ,
1061 5546 1099 5601 ib.
1112 5564 1139 5601 v.
1155 5492 1225 5602 seb
1226 5563 1270 5629 cp.
1298 5554 1388 5603 coner.
1412 5545 1511 5603 Donat.
1536 5562 1562 5603 o
1584 5546 1632 5617 25,
1653 5552 1683 5606 et
1709 5546 1776 5611 aliis

107 5616 149 5689 (6)
164 5614 256 5689 Epist.
271 5618 334 5677 220.
951 5618 983 5675 in
987 5554 1070 5677 (louis
1084 5633 1174 5693 supra
1187 5616 1294 5677 citatis

231 5744 364 5811 canor.
386 5744 441 5813 ln.
672 5729 675 5734 ’
1573 5748 1619 5821 aa
