3900 6112
87 39 182 99 μη.-
200 46 262 95 .-Ι·-·.“.
278 41 345 93 ,11141Ιῖ
364 39 399 77 'T
425 45 440 59 ¹·
466 40 471 49 ¹
504 44 507 49 ·
550 46 586 93 -ἱ

87 118 118 141 ἰ
148 104 218 156 5⁸4?
258 132 263 139 .
306 108 343 161 -.“Ι·
390 120 417 166 ί.
660 148 664 155 .

129 184 141 203 ·
182 192 189 203 Ι
286 174 293 181 .
337 168 356 181 ..

128 236 194 311 aar
456 206 459 211 ’
571 198 579 209 ’
865 240 1103 311 aurasicen.
1774 256 1836 321 era

130 382 236 441 Latine
251 380 380 439 redditos
393 378 591 438 inllcctantur.
604 380 698 437 Velim
714 380 822 453 patius,
839 384 872 436 ut
885 396 920 437 ex
934 380 991 435 llde
1005 376 1838 463 hujuscanonisllippolyteicorriganturpneudascripto·
1938 440 1941 453 .

129 488 199 529 rum
214 470 359 529 codicum.
377 469 471 528 Facile
484 470 564 527 enim
579 468 754 543 intelligitur
767 470 870 527 deesse
880 484 1018 526 numeros
1028 470 1059 525 in
1075 470 1193 543 scriptis
1208 470 1358 527 Chronicis
1372 474 1466 545 capite
1484 490 1552 531 xvm
1577 476 1734 533 canisiano
1758 480 1836 537 inter
1940 474 1944 481 '

130 560 266 635 lipacbas
280 560 369 617 Exodi
385 565 415 617 et
428 559 566 617 llaecbie.
583 560 718 616 Fortasse
732 558 907 615 intermedia
921 558 1021 631 aliqua
1030 559 1150 630 jacebat
1168 559 1284 633 Epocha
1299 562 1336 616 ab
1351 560 1491 618 Exodond
1508 564 1625 621 initium
1642 567 1728 622 David
1747 584 1754 623 :
1770 574 1834 625 tum
1913 566 1926 635 ’,-

130 650 185 709 illa
198 650 436 723 subsequebatur
451 650 486 705 ab
499 648 584 705 initio
601 648 689 705 David
703 649 740 704 ad
756 648 918 717 Ezechiam,
935 664 1001 720 quae
1015 648 1160 721 corruptis
1176 649 1307 705 numeris
1323 666 1378 705 non
1403 652 1460 706 sibi
1487 658 1612 710 constat.
1637 654 1746 713 Omitto
1762 656 1836 715 alios
1937 684 1940 689 ·

131 740 383 797 antichronismos
403 754 554 795 recensere
575 755 610 796 ex
623 738 743 794 variatis
758 737 934 794 lectionibus
949 736 1097 793 Canisiani
1126 745 1155 794 et
1171 738 1314 795 labbeani
1330 740 1436 797 codicis
1454 759 1461 809 ;
1477 758 1551 815 quas
1561 743 1698 817 colligent
1713 746 1841 804 chrono-

129 829 249 903 graphi,
264 828 314 902 qui
329 828 481 885 conterant
499 844 633 885 summas
647 844 791 883 annorum
807 826 1059 883 aMundiconditu
1071 832 1240 899 putatorum
1251 844 1438 901 exuncuymo
1451 847 1457 885 :
1471 832 1547 887 unde
1561 833 1714 906 apparebit
1723 835 1839 891 distan-

129 915 173 974 tia
187 934 206 974 a
218 920 287 975 lesu
302 917 380 974 Nave
393 918 430 973 ad
445 918 564 974 Doridis
577 917 696 973 initium
706 918 792 989 juxta
806 916 994 973 canisianum
1008 916 1156 988 exemplar
1171 933 1239 973 ann.
1255 918 1318 985 555,
1331 918 1414 988 juata
1432 920 1615 977 labbeanum
1631 923 1694 989 1195,
1711 940 1839 997 quorum

129 1012 239 1064 neutra
254 1007 411 1080 respondet
425 1006 511 1063 annis
528 1008 557 1062 in
571 1006 710 1063 iudicum
730 1010 760 1062 et
774 1006 885 1077 Regum
902 1021 1024 1063 numero
1049 1006 1209 1063 recensitis.
1226 1006 1416 1063 Commendat
1428 1008 1841 1081 igiturmaximenostrimar-

129 1096 224 1152 moris
245 1096 345 1163 iidem,
360 1099 389 1151 et
404 1095 601 1168 praestantiam
616 1096 712 1168 operis
722 1094 895 1168 Hippolytsi,
907 1093 1085 1168 comparatio
1102 1111 1168 1151 cum
1184 1096 1334 1152 codicibus
1352 1095 1504 1155 instituta:
1515 1104 1541 1155 et
1558 1100 1736 1159 desiderium
1751 1104 1838 1161 ueba-

129 1184 263 1243 mentius
278 1185 404 1241 intendit
419 1201 541 1258 operum
557 1184 631 1241 tanti
647 1184 742 1241 Patris
755 1188 784 1241 at
797 1184 933 1257 Martyris
948 1199 955 1241 :
972 1200 1035 1255 quse
1050 1182 1164 1257 integra
1183 1184 1392 1251 concidissent,
1409 1184 1465 1241 nisi
1483 1187 1694 1258 perennitatem
1708 1189 1838 1265 aliquam

130 1274 267 1344 mandem
283 1274 421 1330 doctrino
434 1273 568 1345 reliquiis
584 1274 756 1345 praclarum
772 1273 894 1344 hujusce
909 1272 1092 1329 monumenti
1111 1272 1267 1344 vestigium
1282 1277 1492 1345 comparasset.
1510 1275 1660 1333 Hactenus
1674 1276 1710 1332 V.
1727 1276 1758 1333 C.

166 1362 245 1419 vttl.
261 1362 321 1417 lloc
331 1361 430 1434 itaque
445 1360 757 1434 Anonymichronicon
768 1361 919 1435 llippolyto
930 1360 1181 1433 synchroni,quod
1189 1362 1317 1433 primum
1327 1361 1472 1419 Caninius.
1481 1364 1642 1437 (btdeinda
1652 1365 1841 1441 Labbausid),

133 1455 282 1522 pestremo
296 1451 423 1523 Congius
438 1452 476 1523 (7)
491 1450 674 1523 evulgarunt,
691 1451 738 1506 hic
752 1450 1087 1507 edendumcuravimus.
1098 1450 1259 1507 Editienom
1275 1456 1406 1509 nostram
1415 1453 1450 1508 ad
1458 1453 1643 1513 labbeanam
1649 1455 1838 1529 potissimum

133 1541 285 1613 exegimus
302 1539 435 1596 :collatis
449 1537 566 1595 interim
580 1538 686 1595 alicubi
702 1538 811 1602 Canisii
825 1544 854 1595 ct
864 1537 964 1610 Gangii
973 1538 1199 1611 exemplaribus,
1210 1540 1288 1597 uodo
1297 1540 1454 1598 nonnullas
1468 1542 1681 1617 descripsimus
1691 1544 1838 1603 variantes
1912 1590 1918 1607 ,-

134 1623 284 1697 lectiones,
301 1644 365 1700 quae
381 1628 507 1699 alicujus
521 1627 606 1700 prelii
621 1643 686 1684 asse
701 1628 884 1685 videbantur.
901 1627 972 1693 Quis
987 1627 1079 1697 enim,
1094 1633 1128 1684 ut
1143 1644 1210 1684 cum
1224 1628 1335 1686 labbeo
1349 1630 1462 1703 loquar,
1484 1631 1556 1688 illud
1571 1633 1672 1706 Augiae
1686 1634 1836 1691 stabulum
1937 1684 1940 1689 .

139 1730 262 1790 purgare
277 1717 395 1791 possit?

172 1844 206 1915 (5)
224 1845 321 1900 denir.
338 1846 406 1910 ant,
424 1842 500 1899 Lect.
518 1846 539 1897 t.
556 1841 592 1905 ll,
606 1842 675 1899 edit.
693 1857 759 1899 nov.
775 1846 848 1898 tom.
864 1843 887 1898 l.
1045 1843 1084 1916 (7)
1104 1842 1191 1914 daug.
1208 1843 1237 1901 in
1253 1843 1356 1902 Select.
1372 1844 1409 1901 ad
1426 1845 1530 1903 chron.
1555 1846 1662 1904 Pasch.
1693 1864 1759 1922 pag.
1777 1848 1840 1909 tte.
1925 1834 1928 1839 ¹

172 1917 207 1987 (6)
223 1916 307 1973 tait.
324 1914 393 1970 Nov.
409 1913 483 1969 Bibl.
502 1930 573 1970 mss.
590 1913 660 1971 libr.
676 1918 749 1971 tom.
774 1915 797 1983 l,
812 1930 879 1988 pag.
896 1914 960 1971 298.

146 2066 549 2089 m

447 2250 994 2411 CHRONlCON
1079 2252 1526 2411 ANONYMl

364 2507 425 2575 QUI
440 2508 507 2566 SUB
522 2508 741 2566 ALEXANDRO
760 2508 847 2577 IMR,
865 2509 964 2568 ANNO
978 2508 1121 2567 CHRISTI
1135 2509 1200 2577 236,
1216 2508 1352 2567 VleSSd
1370 2508 1608 2571 PlilllllBli‘l'Ull.

332 2786 414 2825 clena
432 2785 634 2825 undenariorum
653 2785 687 2825 ΑΒ
706 2784 784 2825 ΔΒΛΜ
808 2784 902 2833 USQUE
922 2784 958 2824 ΔΙ)
977 2784 1108 2827 cantuum
1125 2774 1133 2807 ¹
1150 2787 1215 2833 QUAE
1229 2786 1408 2827 CONTlNE'l'UR
1424 2787 1454 2828 lli
1474 2787 1529 2827 HOC
1549 2788 1643 2828 trena.

152 2912 362 2970 Dinumeratia
375 2922 526 2985 teutparum
546 2919 572 2969 at
600 2928 750 2969 unaarum.
767 2914 962 2970 dramaticum
1052 2914 1135 2985 lieper
1148 2914 1325 2971 llacedanum
1338 2914 1373 2969 ab
1386 2913 1553 2982 Alexandra,
1568 2920 1595 2971 et
1610 2915 1744 2988 quicquat
1757 2932 1841 2975 enata

89 3003 233 3057 aaecatr'
248 3017 333 3074 usque
347 3003 377 3057 ia
390 3008 463 3058 nuuc
476 3004 561 3058 diern.
578 3003 665 3059 Terras
677 3002 778 3058 divisio
791 3002 879 3057 tribua
890 3000 961 3071 filiis
1014 3005 1150 3075 repararit.

88 3074 201 3148 Noe.
1052 3094 1230 3165 imperatores
1246 3093 1433 3149 ltamnaarum
1455 3092 1493 3149 ab
1508 3092 1637 3165 laquata,
1658 3095 1685 3149 et
1699 3096 1762 3167 quia
1776 3098 1841 3168 quat

157 3181 326 3237 Declaratia
336 3182 470 3252 pestium,
490 3197 549 3252 quaa
565 3196 603 3235 eu
625 3180 723 3252 quibua
748 3180 833 3253 sactae
847 3183 921 3248 cunt,
936 3188 964 3237 et
1017 3184 1103 3239 uariis
1114 3184 1271 3254 imperarit.

90 3268 204 3327 tuor
217 3270 324 3340 singuli
337 3273 430 3326 terras
443 3275 470 3325 et
491 3271 613 3325 civitates
627 3272 719 3327 sortiti
744 3272 828 3325 ruat:
851 3272 963 3342 quorum
1053 3272 1185 3343 Tempora
1200 3271 1397 3344 Olympiadem
1414 3271 1450 3328 ub
1472 3272 1543 3343 lfita,
1566 3287 1653 3344 usque
1671 3274 1702 3329 iu
1715 3288 1841 3345 pressea·

92 3344 238 3415 inaura
252 3360 358 3415 clarae:
369 3359 430 3431 qui,
446 3374 481 3414 ec
495 3359 593 3430 quibus
606 3360 736 3429 pentibus
744 3362 961 3428 narramipruae·
1017 3368 1071 3416 tem
1083 3360 1285 3433 Olympiadem.

94 3444 224 3504 l'¹⁴22t:
240 3450 304 3520 quat
316 3449 604 3519 controuersiarum:
617 3448 687 3520 quad
697 3448 961 3506 mauteenaminacl.
1052 3450 1130 3504 uec
1144 3448 1261 3506 Nomina
1275 3450 1512 3508 Putriarclturum
1527 3466 1560 3505 aa
1572 3452 1773 3522 generationes.

163 3540 242 3605 Quat
255 3537 379 3594 iudicer:
407 3545 433 3594 et
455 3539 516 3609 quia
540 3545 604 3610 quat
627 3540 708 3593 annis
730 3539 861 3609 papulum
882 3539 962 3611 judi·
1052 3539 1170 3595 Nomine
1184 3538 1532 3610 Prophetarumltotierer
1543 3540 1733 3611 propterera.

102 3622 217 3683 etluit.
1052 3628 1168 3685 Nursiae
1185 3628 1285 3699 ltepum
1300 3628 1476 3685 Hebraeorum
1490 3632 1519 3683 et
1548 3629 1650 3697 liepum
1677 3628 1729 3701 qur*
1746 3628 1777 3685 ia
1790 3628 1843 3685 Sa·

165 3716 240 3785 Quat
252 3719 338 3785 lieres
352 3732 383 3771 m
399 3715 483 3771 Trita
496 3714 571 3772 iuda
587 3730 594 3771 ε
610 3718 712 3787 etquis
734 3719 798 3786 quat
819 3718 909 3772 onnia
924 3732 965 3772 re·
1017 3719 1110 3773 maria
1123 3719 1305 3787 ”equaaeruat
1319 3733 1404 3790 supro
1418 3716 1511 3774 decem
1531 3716 1648 3773 l'ribua:
1665 3718 1764 3791 etquis
1779 3724 1846 3791 quat

113 3806 242 3863 sanavit.
1016 3808 1100 3863 annia
1110 3807 1248 3878 regnauit.

170 3896 250 3954 259
265 3896 418 3952 Declarutia
431 3896 557 3962 Paratae,
582 3898 609 3951 et
634 3898 696 3967 quir
720 3896 829 3968 querula
843 3899 965 3955 seruauit
1052 3898 1174 3953 Nomina
1186 3894 1374 3951 Sacerdotem.

127 3988 168 4037 ec
182 3986 354 4058 temporibus
368 3986 454 4057 llapri
468 3986 498 4039 in
513 3986 585 4040 tuuc
598 3984 681 4041 diem.
1054 3986 1174 4041 Nomina
1186 3986 1380 4057 Episcoparum
1401 3989 1507 4054 Raram,
1537 3991 1564 4041 et
1587 3986 1647 4057 quia
1674 3988 1737 4057 quat
1759 3984 1845 4041 annia

169 4076 256 4148 Beper
271 4075 419 4131 Persarum
434 4090 452 4131 a
466 4075 714 4146 Cpra,etquirquat
728 4078 809 4131 carris
825 4080 962 4148 repuam't.
1017 4077 1144 4147 praefuit.

822 4216 1166 4315 PRAEFATIO.

173 4368 418 4442 Quandoquidem
433 4369 564 4443 apartet¹
574 4368 751 4425 instructum
762 4372 964 4438 assaveritata,
1020 4370 1168 4426 industria
1182 4368 1339 4441 previdere
1353 4369 1504 4441 cupientes
1528 4368 1614 4439 juxta
1628 4364 1780 4422 veritatem
1795 4380 1845 4421 aa·

143 4458 338 4515 ammianum
354 4457 527 4525 existimavi,
540 4458 643 4514 iratres
656 4457 919 4525 charissimi,lrunc
933 4460 963 4516 ln
1019 4460 1190 4533 gnascimus
1204 4459 1340 4515 Gentium
1355 4458 1538 4521 divisionem,
1548 4460 1576 4509 ct
1593 4459 1744 4527 parentum
1759 4454 1845 4510 dinu-

140 4546 841 4621 brevidesanctisscripturisiaceresermonem
857 4550 962 4606 adcor·
1019 4553 1161 4605 moratam
1196 4546 1425 4619 generationem.
1457 4543 1846 4616 inhalatutorumtquoqus

140 4637 334 4695 roborandam
360 4636 532 4704 doctrinam,
549 4643 581 4692 ut
605 4652 657 4709 per
684 4654 791 4709 paucus
805 4639 962 4696 enarratio·
1017 4633 1311 4709 tempora,ballorum
1320 4633 1551 4701 commissiones,
1565 4631 1738 4691 etludicum
1752 4632 1848 4688 ‘tem-

139 4744 201 4793 nes,
218 4742 277 4783 non
292 4727 356 4782 sine
384 4742 473 4782 causo
498 4725 655 4798 inquisitas
682 4726 805 4783 virtutes
833 4727 964 4784 veritatis
1018 4742 1099 4799 pora,
1115 4724 1360 4797 dispensationes,
1377 4728 1406 4779 et
1428 4724 1537 4795 liegum
1555 4739 1659 4793 annos,
1675 4725 1704 4779 et
1718 4720 1846 4794 Prophe·

138 4815 227 4873 citius
241 4832 447 4889 agnoscamus,
463 4814 666 4871 abscindentes
682 4816 763 4887 prius
778 4816 962 4872 indoctorum
1017 4820 1112 4870 tarum
1129 4818 1261 4885 tempora
1276 4812 1325 4884 qui
1341 4818 1366 4865 ot
1383 4830 1417 4867 ex
1433 4812 1541 4883 quibus
1556 4811 1673 4879 regibus
1688 4810 1750 4866 nati
1764 4814 1844 4879 eunt,

136 4909 309 4979 generatam
322 4904 562 4960 contentionsm³
585 4920 649 4975 qum
663 4903 819 4961 obumbrat
847 4922 964 4971 sanstae,
1018 4902 1179 4978 qualesque
1195 4900 1378 4973 captivitates
1407 4900 1641 4974 populi‚quibus
1671 4897 1801 4970 regibus,
1816 4902 1846 4953 st

135 4994 345 5069 hujuscemodi
358 4993 508 5050 indoctum
521 4994 649 5051 edoceat.
660 4998 963 5053 Summaaulemcum
1019 4992 1127 5067 quibus
1141 4990 1292 5062 judicibus
1313 4990 1489 5063 contigerint
1505 5013 1513 5058 ς
1529 4990 1639 5063 quique
1667 4984 1844 5055 sacerdotes,

849 5120 951 5183 Variae
966 5120 1126 5183 lectiones.

175 5232 185 5266 ¹
200 5226 246 5284 Ad
261 5226 468 5300 ordinemque
483 5225 657 5283 continetur.
674 5226 719 5281 Sic
733 5243 787 5283 ma.
806 5227 877 5284 uait.
891 5228 984 5285 Casu.
994 5226 1065 5283 ad...
1082 5226 1184 5283 ordine
1195 5241 1260 5297 quse
1270 5223 1438 5280 continetur
1453 5222 1482 5277 in
1497 5220 1587 5291 hujus
1603 5215 1751 5299 volumine
1765 5212 1844 5299 libri.

130 5300 342 5357 ’Instructum
356 5299 561 5357 assaveritate.
577 5298 649 5354 Edit.
665 5298 751 5354 tata.
768 5299 945 5355 instructum
971 5314 1036 5355 asae
1057 5297 1189 5355 veritatis
1213 5296 1385 5352 Diaconum.
1411 5296 1444 5350 Et
1465 5308 1540 5363 crau,
1562 5291 1652 5346 irater
1673 5288 1847 5345 charissime

130 5371 487 5427 ·-adcorroborandam
516 5370 677 5425 doctrinam
702 5372 897 5436 tuam.³Quae
926 5370 1082 5428 obumbrat
1110 5384 1226 5426 sensus.
1258 5367 1330 5423 Edit.
1362 5366 1442 5422 terat.
1469 5361 1751 5491 qucobumbrant.
1784 5363 1849 5413 Part

129 5442 443 5513 recenseremus
459 5446 572 5514 prsetert
601 5442 762 5497 secundum
779 5445 869 5513 :farte
892 5444 1044 5515 Scriptura
1067 5458 1158 5506 anim,
1184 5440 1276 5511 iuquit
1288 5439 1376 5494 editor
1394 5457 1405 5493 .·
1419 5453 1471 5509 qua
1509 5450 1602 5489 manus
1624 5432 1745 5518 palaest*
1761 5427 1846 5512 luha·

130 5516 301 5581 bitatarum
315 5514 602 5588 -dispansationes
616 5512 699 5579 labb,
714 5513 938 5571 lnhnbitationis
953 5528 1070 5589 quaque
1095 5518 1238 5584 tempora.
1255 5510 1491 5583 dispensationes
1508 5507 1707 5575 3intermedru
1729 5515 1846 5588 araucas.

192 5584 357 5649 'lodicum
369 5591 513 5664 tempora,
531 5584 772 5658 dispensationes,
782 5586 853 5645 Edit.
880 5586 977 5647 deuia
998 5584 1139 5649 iudicum
1154 5586 1288 5659 tempere
1310 5580 1557 5661 dispensationes.
1587 5572 1848 5649 flectamordetur.
