3900 6112
87 348 146 413 9⁷⁷
724 356 841 419 einen
863 356 913 417 ou
934 354 1164 417 ruruourn.
1742 352 1804 413 oro
1910 316 1915 327 ’

87 484 317 555 retorquendum
334 482 364 542 io
390 485 446 544 isto
466 487 516 561 qui
540 488 666 546 duorum
692 491 776 547 notris
794 498 917 546 Deorum
932 493 960 557 Α
975 494 1031 557 tor,
1043 486 1124 543 solus
1135 486 1278 559 originem
1291 488 1435 553 nesciens,
1447 482 1614 552 invisibilis,
1630 482 1803 543 immensus

88 572 916 653 eontroversiomteoerepraesumunt.Scriptumestquod
973 578 1161 651 immortntis,
1188 582 1324 644 aeternus,
1356 594 1433 633 unus
1462 582 1556 643 Deus;
1595 576 1681 648 cujus
1709 593 1806 651 neque

88 676 195 734 negare
220 678 278 719 neu
303 670 438 736 possunt,
464 667 601 737 quoniam
626 685 698 724 unos
723 672 763 724 eet
787 670 919 725 Dominus
974 668 1181 742 magnitudini,
1199 684 1293 741 nequo
1309 668 1466 739 majestati,
1484 682 1579 739 neque
1602 665 1701 723 virtuti
1717 666 1805 739 quid·
1904 659 1909 671 ¹

87 750 177 822 (Dent.
193 766 231 819 ιι,
248 752 284 820 4;
309 754 408 825 Epiros.
434 772 471 825 iv,
495 756 532 825 5).
558 761 596 811 De
620 756 734 813 Christo
758 773 825 830 ergo
847 757 917 828 quid
973 774 1060 831 quom
1075 774 1131 813 non
1147 756 1269 813 dixerim
1284 756 1423 830 proferri,
1440 756 1491 811 sed
1507 770 1559 811 nee
1574 756 1736 829 comparari
1752 772 1803 831 po·
1917 808 1921 815 .

88 837 414 897 sentiunttDominum
437 859 511 912 esse,
538 850 588 900 aut
612 844 696 901 ittum
720 847 839 902 omnino
860 862 918 901 non
971 852 1028 903 test
1043 848 1110 921 (47).
1126 847 1166 902 Er
1191 863 1259 919 quo,
1285 846 1402 919 quondo
1424 846 1486 918 ipse
1510 844 1611 917 votuit,
1639 846 1804 903 SermoFi-

87 941 153 982 esse
167 928 221 998 (41)
236 931 247 983 ?
260 928 316 985 Sed
340 931 497 987 Dominum
512 932 595 989 itlum
622 936 741 990 omnino
757 952 814 991 non
831 936 919 991 dubi·
971 936 1029 993 iius
1044 940 1132 992 notus
1147 942 1210 994 est:
1227 935 1278 1008 qui
1294 952 1352 992 non
1368 925 1397 991 in
1413 950 1485 991 sono
1498 934 1631 1007 percussi
1650 935 1737 1003 aeris,
1752 940 1804 993 eut
1908 974 1912 981 -

87 1018 171 1071 tant:
197 1032 265 1089 ergo
289 1018 314 1073 si
338 1035 407 1075 vero
431 1025 475 1076 est
499 1020 616 1078 illorum
648 1024 841 1095 ratiocinatio,
854 1025 917 1095 jam
972 1026 1213 1083 tonoeoaetode
1237 1024 1398 1081 visceribus
1424 1023 1502 1079 vocis
1528 1022 1802 1096 oeoipitur3sedin
1860 1084 1863 1089 ,
1894 1062 1898 1069 -

87 1103 145 1159 dno
161 1108 232 1160 sunt
248 1107 372 1163 Domini.
401 1111 550 1175 Quomodo
566 1112 655 1184 igitur
674 1113 738 1183 jum
755 1114 917 1170 seeundum
973 1111 1804 1186 substantiaprolotreatteovirtutisagnoseitur:enjus
1893 1124 1899 1145 ⁸
1933 1096 1938 1137 Ἰ

86 1192 263 1266 Scripturas,
286 1212 364 1253 unns
384 1202 429 1255 est
454 1198 598 1256 Dominus
623 1202 700 1273 (dett
723 1202 776 1257 Et:
793 1202 920 1273 Magister
972 1221 1061 1260 soerae
1076 1208 1105 1260 et
1129 1203 1232 1259 divinae
1256 1202 1417 1258 notiritutis
1441 1218 1547 1257 areuna
1571 1217 1623 1257 nee
1647 1200 1804 1273 Apostolus

86 1297 160 1337 unus
173 1282 285 1344 (uario.
302 1302 383 1353 rxur,
399 1288 427 1353 8,
444 1288 485 1357 10)
502 1288 634 1345 Christus
658 1294 703 1347 est
716 1291 825 1359 dietus,
842 1296 917 1347 otto·
973 1292 1142 1361 didieit‚noe
1159 1292 1315 1365 Prophetes
1330 1291 1481 1363 corruperit,
1496 1307 1549 1347 neo
1564 1290 1693 1363 Angelus
1708 1291 1805 1349 seivit»

87 1386 156 1427 men
171 1370 308 1445 legimus,
333 1376 411 1446 quod
437 1377 577 1450 Magister
596 1379 636 1435 sit
658 1379 746 1435 etiam
769 1378 918 1453 apostolus
973 1397 1026 1437 nee
1041 1387 1175 1437 ereatura
1190 1380 1344 1453 eognovit3
1363 1379 1434 1435 Filio
1449 1376 1503 1435 soli
1517 1382 1587 1433 noto
1601 1382 1673 1434 sunt
1688 1378 1739 1450 qui
1754 1382 1806 1435 Pe·

89 1458 199 1517 Penius
214 1461 250 1533 (11
276 1464 343 1520 tim.
360 1482 379 1536 1,
402 1466 456 1537 11).
473 1466 535 1522 Non
554 1484 623 1539 ergo
643 1470 706 1540 jem
731 1486 809 1525 unus
828 1469 920 1543 Mogi·
974 1471 1027 1527 tris
1043 1476 1156 1527 secreto
1168 1469 1324 1543 eognovit3
1342 1468 1394 1525 llio
1411 1484 1490 1541 ergo,
1517 1484 1585 1523 eum
1601 1468 1640 1523 sit
1654 1467 1774 1539 genitus
1789 1485 1807 1527 o
1905 1504 1908 1509 -

89 1554 169 1605 ster:
186 1550 259 1607 duos
278 1552 358 1608 enim
373 1554 527 1628 Magistros
549 1559 710 1613 seeundum
736 1558 792 1615 ieta
806 1557 921 1631 ooltigi·
973 1564 1069 1631 Putre,
1085 1575 1201 1631 semper
1216 1563 1261 1615 est
1276 1559 1306 1614 in
1322 1558 1415 1614 Putre.
1427 1556 1548 1629 Semper
1562 1561 1661 1613 autem
1674 1556 1717 1615 sio
1728 1556 1805 1627 dieo,

89 1654 165 1694 mus.
184 1640 335 1704 Quomodo
360 1642 451 1715 igitur
473 1647 637 1701 seeundum
661 1647 826 1719 Scripturas
847 1664 920 1703 ιιιιιιι
975 1653 1078 1705 utnon
1096 1648 1242 1714 innatum,
1259 1648 1310 1705 sed
1331 1650 1433 1703 notum
1458 1646 1588 1719 probem.
1604 1646 1659 1702 Sed
1675 1645 1807 1718 quiante

90 1726 218 1799 dapieter
233 1729 380 1788 Christus?
405 1734 479 1791 dous
499 1734 529 1789 in
554 1735 712 1807 Soripturis
728 1736 813 1793 torius
826 1738 921 1794 dietus
975 1754 1061 1794 omno
1076 1742 1193 1809 tempus
1208 1742 1263 1805 est,
1281 1752 1397 1808 semper
1412 1736 1442 1791 in
1458 1739 1543 1791 Patre
1557 1735 1648 1791 tuisse
1663 1734 1806 1792 dioendue
1899 1738 1902 1745 '
1924 1720 1933 1759 ¹*

88 1823 132 1874 est
160 1822 233 1875 Deus
261 1820 365 1891 (uoto.
403 1840 461 1891 xix,
494 1824 545 1891 173
585 1828 675 1881 Marc.
713 1843 740 1896 x,
771 1826 823 1897 183
854 1828 918 1883 Luc·
975 1831 1106 1884 estznee
1120 1828 1199 1883 euim
1216 1830 1331 1898 tempus
1346 1824 1389 1879 iili
1404 1824 1549 1896 assignari
1561 1826 1665 1895 potest,
1681 1822 1732 1895 qui
1752 1839 1804 1880 en·
1913 1872 1919 1881 .

87 1922 168 1975 xviii,
194 1908 257 1980 19);
287 1910 338 1966 sed
367 1909 469 1967 iisdem
501 1914 554 1983 (43)
581 1912 611 1968 in
640 1913 799 1987 seripturis
823 1914 917 1972 bonus
973 1922 1001 1973 te
1016 1920 1133 1988 tempus
1148 1918 1202 1970 est.
1213 1918 1333 1985 Semper
1347 1912 1426 1969 enirn
1437 1912 1467 1967 io
1482 1916 1636 1969 Patrezne
1648 1912 1732 1969 Pater
1744 1928 1805 1969 non
1890 1924 1893 1931 '
1921 1914 1937 1989 Ἰ

86 1994 175 2051 etiam
202 1995 335 2055 Christus
364 1998 477 2071 positus
506 2005 559 2057 est.
585 2000 648 2057 Non
676 2001 776 2076 igitur,
793 2002 817 2058 si
841 2009 918 2059 reete
973 2022 1089 2079 semper
1103 2004 1142 2061 eit
1164 2005 1267 2060 Potor:
1293 2005 1349 2076 (18)
1364 2002 1434 2075 quin
1459 2008 1488 2059 et
1507 2001 1591 2058 Pater
1614 2000 1699 2059 illum
1715 2003 1802 2060 etism
1868 2020 1871 2025 ·

88 2082 240 2159 eolligunt,
257 2102 335 2143 nnus
360 2089 465 2158 bonus,
483 2090 533 2145 sed
558 2091 646 2147 etiam
662 2091 719 2147 duo
746 2092 823 2148 boni.
839 2094 917 2159 Quo·
973 2096 1114 2169 (quadam
1130 2094 1251 2165 rotione)
1271 2092 1417 2166 procedit,
1443 2092 1521 2163 quod
1547 2106 1665 2147 neeesse
1688 2094 1733 2147 est
1748 2092 1805 2163 (49)
1911 2090 1914 2095 '

89 2174 176 2230 modo
192 2174 283 2248 igitur
300 2178 461 2233 secundum
486 2178 703 2251 seripturarum
718 2181 816 2252 fidem,
842 2198 919 2237 unus
974 2182 1213 2257 (quodammodo)
1249 2182 1329 2253 prior
1360 2180 1400 2236 sit
1436 2196 1494 2251 quo
1532 2184 1616 2235 Pater
1652 2179 1700 2236 sit.
1728 2180 1806 2245 Ouo·

89 2262 476 2322 bonusosaerererturtm
498 2268 521 2323 si
543 2270 597 2341 (44)
622 2286 680 2326 non
704 2270 920 2343 potentatiqua
975 2273 1053 2329 niom
1070 2271 1180 2345 (otique
1196 2270 1291 2343 paeto)
1306 2270 1591 2326 onteoedotneeesee
1613 2272 1739 2325 osteum
1754 2274 1807 2341 qui
1855 2264 1862 2315 ἶ

90 2352 204 2409 rstione
219 2354 295 2411 offici
312 2372 397 2427 posse
409 2358 434 2412 ei
449 2359 525 2429 quod
542 2375 620 2415 unus
644 2359 786 2418 Dominus
798 2366 853 2432 est,
870 2378 921 2434 per
974 2361 1063 2417 habet
1077 2360 1231 2432 originem,
1247 2359 1296 2414 itte
1311 2358 1362 2431 qui
1381 2357 1525 2430 originem
1541 2357 1643 2413 nescit.
1665 2356 1760 2413 Simul
1775 2354 1809 2415 ut
1936 2404 1938 2417 .

90 2440 119 2497 id
138 2444 216 2515 quod
232 2448 276 2499 est
290 2444 434 2501 Dominus
449 2452 477 2502 et
501 2446 653 2517 Christus;
679 2465 774 2521 neque
797 2450 823 2506 ei
842 2450 920 2522 quod
975 2450 1023 2507 hie
1035 2450 1131 2505 minor
1143 2448 1192 2515 sit,
1204 2447 1370 2503 duminitio
1381 2462 1445 2503 esse
1457 2446 1641 2517 seit,hahens
1652 2444 1807 2519 originem,
1816 2446 1827 2537 (
1935 2434 1938 2445 ’

91 2549 171 2587 unus
187 2536 230 2588 est
245 2532 392 2607 Magister,
419 2552 469 2607 per
484 2534 555 2592 iliud
582 2538 659 2610 qood
675 2542 719 2593 est
744 2540 879 2612 ttogister
894 2542 923 2596 et
976 2538 1045 2611 quio
1066 2538 1196 2594 nosoitur
1219 2536 1296 2609 (59);
1322 2540 1351 2592 ot
1378 2552 1428 2607 per
1451 2536 1565 2591 Putrem
1590 2535 1808 2607 quodammode
1882 2546 1886 2555 '
1924 2572 1930 2607 ς

92 2621 221 2678 Paulus:
238 2627 289 2679 out
312 2623 354 2680 itti
379 2626 432 2697 (45)
452 2627 529 2699 quod
553 2644 629 2683 unus
653 2628 730 2684 919
755 2634 800 2685 est
814 2630 920 2701 bonus,
976 2626 1208 2701 (quemvistt)
1223 2626 1366 2699 originem
1388 2624 1476 2681 nubet
1497 2642 1555 2696 quo
1580 2625 1720 2697 noscitur)
1735 2625 1807 2681 rioi-
1921 2640 1925 2649 ·

92 2729 144 2784 per
157 2710 229 2767 iilud
245 2714 322 2786 quod
344 2714 439 2770 bonus
463 2716 501 2771 eit
516 2722 702 2789 nuncupatus
725 2722 754 2773 et
767 2718 920 2775 Christus:
976 2734 1032 2772 nus
1056 2715 1112 2788 (51)
1128 2715 1157 2770 in
1173 2715 1334 2779 nativitate,
1350 2714 1420 2769 dum
1446 2729 1480 2768 ex
1494 2730 1527 2769 eo
1546 2717 1631 2769 Patre
1652 2712 1702 2785 qui
1717 2714 1806 2786 origi·
1904 2718 1934 2763 ·.·“

91 2802 193 2857 eodem
212 2801 323 2858 ratione
348 2801 513 2877 intelligant
536 2806 612 2862 ostrei
639 2822 695 2862 non
721 2822 806 2880 posse
821 2808 857 2863 eb
872 2806 921 2865 itte
977 2822 1042 2861 nem
1054 2804 1134 2860 sotus
1152 2820 1208 2859 non
1219 2802 1316 2869 habet,
1327 2801 1468 2859 noscitur.
1483 2802 1610 2875 ttieergo
1626 2802 1822 2874 queudoPe·!

92 2890 171 2964 quod
187 2907 264 2946 unus
280 2895 325 2946 est
339 2891 416 2948 Deus
429 2893 455 2965 (t
476 2896 495 2965 ),
512 2896 540 2950 et
555 2896 633 2967 quod
655 2900 732 2952 Deus
746 2897 921 2969 pronuntio·
975 2899 1020 2951 ter
1034 2892 1133 2961 voluit,
1149 2890 1293 2965 processit
1307 2907 1342 2947 ex
1365 2891 1465 2947 Patre:
1490 2890 1581 2962 etqui
1596 2890 1722 2947 inPotre
1736 2890 1803 2961 tuit,
1912 2882 1915 2889 ’

90 2984 141 3036 tus
154 2983 198 3036 est
213 2983 243 3036 et
261 2979 404 3037 Christus.
975 2982 1117 3057 prooessit
1129 2998 1163 3038 ex
1178 2981 1279 3037 Putre:
1296 2979 1383 3053 etqui
1399 2980 1428 3035 in
1443 2983 1528 3036 Patre
1544 2979 1607 3047 fuit,
1624 2978 1804 3052 quisexPs·

388 3070 502 3129 CAPUT
523 3072 619 3129 tirou.
974 3078 1018 3129 tre
1030 3071 1096 3143 tuit,
1113 3087 1180 3126 oum
1196 3072 1279 3126 Putre
1294 3070 1482 3142 postmodum
1497 3067 1561 3140 fuit,
1587 3068 1656 3141 quio
1669 3085 1704 3125 ox
1718 3069 1802 3127 Patre

91 3154 143 3211 Sed
172 3156 220 3212 Dei
246 3156 348 3213 retiam
375 3158 471 3227 Deo-m,
501 3176 535 3216 eo
562 3163 614 3218 Deo
640 3164 724 3219 Putre
752 3166 786 3219 ot
818 3173 920 3222 aeterno
977 3161 1138 3236 prooessit:
1155 3159 1322 3217 substantio
1336 3157 1448 3215 scilieet
1462 3156 1514 3214 illo
1532 3158 1640 3227 divino,
1653 3160 1739 3231 eujus
1754 3175 1807 3217 no·
1920 3228 1923 3233 Ι

124 3232 234 3294 mmm»
249 3231 298 3299 tui
320 3246 425 3300 3949944
447 3233 478 3287 in
491 3237 586 3319 ,Ρῐξῗξθ
608 3235 676 3305 stit·
696 3236 847 3320 3944949494,
859 3225 958 3308 We
978 3268 1043 3307 men
1061 3253 1104 3306 est
1119 3248 1258 3315 Verbum,
1275 3265 1326 3321 per
1341 3248 1505 3319 quodfacto
1521 3247 1711 3320 suntomuio,
1726 3252 1756 3304 et
1770 3247 1810 3305 si.
1899 3296 1905 3305 .

124 3315 223 3355 sortem
236 3315 294 3357 esee
307 3316 325 3355 a
337 3303 431 3371 Porro,
447 3320 495 3374 oue
508 3304 583 3361 notet
604 3316 669 3375 opat
692 3324 753 3363 erne
766 3309 859 3363 Patria
872 3326 921 3365 or·

129 3370 219 3434 tirio:
243 3372 367 3429 eumdem
387 3377 412 3430 et
435 3376 592 3442 Dominum,
616 3382 642 3432 et
665 3378 803 3451 Angelum
825 3382 921 3452 moeni

978 3357 1084 3412 nequo
1100 3338 1269 3395 factumest
1293 3335 1376 3391 nihii.
1399 3335 1504 3393 Omnis
1527 3335 1605 3391 enim
1629 3337 1809 3410 posttpsum

128 3443 180 3499 Dei
193 3445 313 3512 consilii,
328 3446 452 3516 inquom
466 3448 558 3503 Putris
578 3447 711 3505 divinitas
727 3466 778 3523 per
791 3452 923 3508 substan·
979 3432 1059 3498 9995
1076 3427 1145 3500 (49ῑῦ
1160 3443 1210 3500 994
1228 3426 1327 3500 ipssum
1343 3432 1422 3482 flunt·
1438 3426 1473 3481 Et
1488 3424 1593 3482 merim
1608 3424 1670 3499 ἱ999
1685 3426 1812 3523 mnam
1834 3445 1842 3495 t
1929 3407 1938 3479 s

129 3516 586 3574 ιιι]οιιιιιιιιιιιίοιιιιιιιιιινοιίίια.
979 3518 1088 3587 οιιιοίι,
1113 3516 1165 3573 sed
1190 3521 1257 3587 post
1280 3516 1396 3571 Putrem
1421 3515 1489 3587 (52),
1511 3513 1629 3587 quondo
1654 3511 1814 3587 perillum

129 3604 264 3677 Detergo
280 3607 354 3660 Deus
371 3608 455 3662 Pater
476 3607 609 3664 omnium
633 3608 786 3666 institutor
798 3614 827 3666 et
842 3626 924 3667 ores·
978 3607 1054 3664 foeta
1068 3609 1139 3663 sunt
1163 3604 1280 3674 omnia;
1306 3603 1356 3677 qui
1381 3603 1524 3676 prooessit
1547 3620 1581 3661 ex
1605 3618 1649 3676 so,
1671 3618 1705 3659 ex
1726 3602 1813 3677 outo·
1903 3614 1920 3693 Ἰ

734 3736 892 3798 Gallondii
904 3732 1160 3797 commentarius.

93 3842 320 3902 Wetehmonus.
345 3846 401 3903 Sed
418 3864 473 3919 oue
496 3852 541 3904 est
561 3847 646 3905 leotio
670 3866 727 3906 ms.
743 3850 894 3923 Angtioani
911 3866 928 3907 o
982 3864 1050 3903 nem
1067 3846 1210 3919 expressit
1222 3850 1344 3918 uterque
1358 3845 1453 3902 editor
1464 3842 1654 3915 Anglieonus.
1668 3843 1813 3901 Pometios

95 3916 225 3975 Pumeiio
241 3918 388 3989 restituta,
404 3923 433 3974 st
446 3919 520 3976 hene
541 3921 677 3991 congruit
691 3938 758 3977 oum
772 3938 927 3995 praeump-
983 3937 1018 3976 ex
1033 3936 1088 3974 ms.
1106 3918 1171 3974 eod.
1187 3918 1318 3973 Britaon.
1334 3917 1483 3989 rescripsit
1496 3918 1573 3987 quio.
1788 3984 1795 3997 .

92 3992 179 4060 tione,
197 3992 230 4043 ut
245 3988 299 4046 rite
314 3991 438 4046 advertit
449 3991 625 4048 Jaeksonus.
1018 3990 1077 4059 (49)
1101 3994 1184 4046 Peter
1187 4030 1241 4044 .....
1268 3989 1410 4045 antecedat
1433 4003 1540 4045 necesse
1562 3989 1612 4042 est.
1638 3984 1704 4048 Quae
1729 4000 1813 4041 unere

129 4060 188 4133 (41)
203 4060 358 4117 Dominum.
371 4062 526 4119 Existimat
537 4062 747 4119 Wetehmunus
760 4062 926 4137 tegendum.
983 4060 1169 4125 inclusimus,
1185 4064 1310 4117 testatur
1323 4059 1470 4116 Pometios
1494 4058 1625 4115 abfuisse
1645 4072 1662 4111 a
1677 4056 1740 4112 eod.
1756 4072 1812 4113 ms.

94 4130 252 4188 Dominum
278 4149 336 4189 erse
357 4134 451 4202 ittom,
475 4140 526 4190 out
550 4137 662 4191 omoi'oo
687 4152 742 4191 uon
757 4136 926 4208 esae‚·quod
982 4132 1212 4204 domicilioque
1223 4131 1512 4205 primumoddidisse
1522 4130 1680 4201 Gognoum
1690 4126 1815 4199 expliea·
1922 4174 1925 4181 .

94 4203 216 4276 quidem
233 4205 375 4273 probatur
389 4207 476 4261 etiam
491 4207 645 4261 tooksono.
983 4205 1072 4261 tionis
1093 4221 1192 4267 eausa,
1219 4221 1255 4259 no
1278 4203 1393 4259 Arionis
1417 4203 1564 4257 rideretur
1588 4200 1682 4255 t'overe
1701 4206 1813 4256 suetor.
1907 4222 1910 4227 ·

131 4276 186 4343 (12)
204 4276 362 4331 Dominus?
376 4278 409 4331 m
420 4278 630 4345 diopreterunua
642 4278 766 4335 Christus
778 4284 818 4334 est
828 4278 927 4335 dietus.
983 4278 1089 4331 Eodem
1106 4276 1194 4331 etiam
1212 4276 1357 4330 habentur
1368 4275 1397 4329 in
1409 4273 1536 4327 editione
1551 4270 1695 4337 Frobenii‚
1712 4271 1816 4327 tortas-
1927 4308 1930 4313 -

93 4344 256 4418 ltotegunt
278 4364 312 4402 ιο
336 4347 523 4420 distinguunt
548 4351 674 4406 editores
697 4350 860 4422 Aogticuni.
883 4351 927 4407 itt.
983 4365 1014 4403 se
1039 4365 1073 4404 ex
1103 4348 1236 4419 Gognaeo.
1276 4349 1458 4417 Quapropter
1492 4360 1526 4399 eo
1554 4358 1670 4413 quoque
1694 4340 1816 4397 retinuit

95 4419 230 4474 Dominus
243 4420 269 4471 et
284 4420 415 4491 Mopirter
429 4436 500 4475 unua
516 4421 759 4477 christodorus.
981 4418 1205 4474 Wetohmanus.
1222 4418 1322 4488 Neque
1337 4416 1421 4472 otiter
1435 4416 1574 4471 Maranus
1589 4414 1679 4468 Diuin.
1697 4413 1727 4467 D.
1743 4414 1777 4469 N.
1788 4414 1814 4471 1.

132 4489 186 4559 (43)
211 4488 319 4545 iisdem.
344 4491 391 4549 Sic
417 4495 493 4547 reete
516 4492 728 4548 Welehmanus
753 4509 818 4548 oum
842 4493 928 4549 Joek-
984 4491 1012 4545 C.
1031 4490 1081 4545 tib.
1100 4508 1139 4555 rr,
1157 4506 1220 4561 cap.
1241 4490 1282 4553 49,
1297 4492 1311 4555 ξ
1325 4488 1352 4557 2,
1367 4503 1433 4560 pag.
1453 4487 1517 4541 518.
1533 4491 1570 4541 At
1590 4484 1816 4555 Βο14οιῡι)ιιι.

95 4575 178 4615 sono.
190 4559 235 4617 ΑΙ.
250 4560 335 4617 idem.
982 4562 1031 4632 fid.
1048 4563 1105 4616 Nir.
1128 4577 1185 4616 see.
1202 4576 1244 4629 ιιι,
1268 4562 1283 4627 p'
1307 4560 1334 4628 7,
1352 4575 1418 4631 pag.
1448 4560 1512 4628 22⁷2,
1538 4561 1567 4612 et
1587 4556 1752 4613 toeksouus
1766 4554 1818 4613 iilo

94 4630 244 4758 wttliLrtt
267 4634 302 4688 si.
332 4630 374 4688 Ito
403 4637 513 4689 veteres
541 4632 622 4702 editi,
653 4634 760 4706 quibus
788 4600 968 4691 aoeeduutD
983 4631 1234 4689 omniaomisero.

135 4718 179 4760 ee

131 4774 190 4845 (45)
206 4774 259 4830 Aut
283 4776 337 4831 itti.
363 4774 429 4833 Hae
452 4781 496 4831 est
521 4776 604 4832 leetio
632 4776 741 4833 Gelenii
764 4780 794 4833 et
809 4776 930 4833 Pometii
984 4776 1067 4829 citur.
1082 4774 1144 4829 Non
1162 4774 1311 4845 potuimus
1331 4789 1388 4827 non
1413 4770 1551 4844 supplere
1574 4786 1678 4827 exms.
1695 4767 1811 4841 Angtto.

94 4860 131 4899 ex
155 4861 212 4902 ms.
242 4846 374 4903 Britaun.
405 4862 493 4918 quom
533 4848 669 4920 sequitur
693 4848 867 4905 tooksonus.
898 4850 931 4903 ot
984 4842 1813 4921 haneperiodumosteodesidsratom:qustsmeueom

95 4915 307 4974 Wetetimonus
335 4934 370 4973 ex
398 4918 438 4974 Ga
463 4935 535 4984 nano,
564 4920 722 4990 neoreeilti.
752 4919 841 4976 Psuto
865 4922 931 4991 post
984 4922 1012 4973 te
1034 4918 1165 4985 tegendo.
1193 4918 1298 4973 Paniai..
1325 4914 1513 4969 -Eamdem
1538 4913 1690 4985 periodum
1716 4910 1817 4967 omisit

93 4986 261 5070 Jooksonus
276 4988 371 5061 legere
388 4935 489 5045 mafiet
504 4999 544 5047 est
556 5000 756 5063 ιιιιιιιιροιιιιιι,
773 4997 806 5047 nt
821 4992 850 5047 iu
866 4991 931 5046 reti·
984 4988 1202 5056 Welehmanus,
1216 4988 1343 5043 restituit
1365 4986 1530 5042 Jaoksonus
1552 4982 1714 5040 Pamelium
1730 4997 1815 5039 seeu-

95 5075 164 5131 qure
179 5059 267 5117 habet
280 5060 473 5117 Novationus.
985 5066 1043 5117 tus.
1771 5124 1777 5139 ⁸
1798 5124 1804 5136 ,

130 5130 188 5201 (46)
203 5132 241 5188 At
263 5132 313 5189 uo
327 5134 397 5203 quod
415 5136 541 5189 uetuerat
565 5134 644 5189 Deua.
662 5133 708 5190 Sio
729 5150 831 5190 omnes
846 5134 928 5201 editi,
1020 5130 1076 5204 (51)
1093 5132 1214 5188 Vicinos.
1232 5129 1278 5186 Sis
1292 5128 1439 5184 Pometios
1455 5143 1490 5183 ex
1512 5131 1649 5198 corrupta
1663 5139 1732 5181 vooe
1748 5138 1817 5181 oece-

94 5206 202 5273 proter
217 5220 310 5259 unum
326 5204 612 5268 Welebmonionum,
626 5206 676 5261 nbi
692 5204 807 5277 iegitur,
819 5208 845 5260 ei
859 5205 931 5279 quod
983 5206 1038 5271 oie,
1054 5220 1143 5275 quam
1165 5201 1282 5257 exbibet
1306 5216 1362 5255 ms.
1386 5197 1498 5270 Anglio.
1526 5196 1624 5252 Minus
1638 5194 1733 5277 placet
1747 5210 1816 5252 eon-

94 5289 168 5329 unus
183 5278 222 5329 ot
237 5279 313 5331 Deru
326 5292 375 5346 per
388 5275 438 5331 too
450 5276 523 5347 qood
538 5281 622 5332 Deos.
980 5276 1095 5346 Jeeturo
1120 5274 1173 5331 viri
1202 5273 1277 5329 desti
1303 5271 1380 5344 opud
1405 5269 1597 5334 toeksonum,
1623 5267 1746 5340 legentis
1769 5268 1815 5324 dt·

130 5344 189 5417 (47)
206 5346 248 5403 De
261 5362 313 5419 quo
346 5346 437 5404 ιιαιιιιο
462 5350 518 5419 ipre
533 5349 628 5403 notuit.
651 5348 733 5403 Hune
755 5346 851 5403 loeum
868 5347 928 5419 ple·
983 5349 1073 5402 ιιιιιιι.

95 5414 166 5471 nius
180 5417 316 5473 edisserit
328 5364 359 5474 ἓ.
386 5418 559 5490 Hippolytus
581 5426 678 5475 contro
697 5420 819 5483 iterium,
836 5436 863 5475 e.
886 5420 928 5487 tt,
1019 5417 1075 5489 (52)
1091 5416 1145 5473 Sed
1157 5424 1215 5486 poet
1239 5418 1363 5469 Putrem.
1380 5412 1446 5467 Hae
1466 5417 1495 5468 et
1514 5426 1577 5483 quae
1603 5426 1669 5465 mox
1683 5414 1750 5480 post
1764 5424 1815 5493 yo-

95 5488 176 5543 unde
192 5488 264 5545 torte
278 5490 336 5545 ista
359 5494 512 5546 mutuatus
536 5494 582 5545 est
605 5492 792 5546 Novationus.
814 5490 929 5545 videsis
984 5504 1044 5544 eoin
1070 5489 1191 5558 eteriano
1216 5488 1394 5557 sequuntur,
1419 5488 1477 5554 post
1500 5484 1614 5538 Patrem
1637 5497 1691 5553 ouo
1716 5482 1814 5549 Fateor,

95 5564 170 5615 tom.
188 5558 211 5615 11
227 5566 334 5616 nostrae
359 5560 494 5618 Biblioth.
518 5560 571 5617 PP.
591 5578 658 5634 pag.
683 5564 746 5631 460,
770 5564 804 5627 Α,
819 5566 848 5618 ot
863 5577 928 5635 quae
984 5560 1012 5615 iu
1030 5577 1085 5615 ms.
1103 5558 1214 5625 Aogtie.
1228 5561 1342 5613 exstare
1352 5560 1479 5611 testatur
1488 5551 1644 5609 Pometios.
1662 5574 1677 5603 «
1692 5553 1815 5615 Verum,

94 5630 138 5687 i'oi
152 5630 233 5688 fuere
247 5635 396 5689 snnotsto.
985 5631 1092 5703 inquit,
1107 5628 1269 5687 metuimus
1284 5628 1315 5683 in
1330 5630 1469 5685 eontertu
1490 5624 1665 5697 relinquere,
1679 5630 1715 5681 ut
1729 5636 1817 5677 nemo

203 4719 309 4759 manus
324 4710 352 4759 et
365 4704 540 4761 tooksonus.
1020 4704 1076 4773 (59)
1092 4702 1241 4757 Sirnot.....
1258 4702 1306 4773 oei
1327 4701 1463 4770 originem
1477 4700 1551 4755 sotus
1571 4715 1626 4755 ooo
1645 4699 1736 4766 tutet,
1750 4714 1816 4753 ιιοι-
1920 4742 1925 4749 .

134 5702 193 5775 (48)
206 5704 291 5776 Quin.
306 5702 351 5761 lta
367 5702 469 5779 tegunt
482 5707 551 5762 vett.
576 5703 657 5762 editt.
682 5716 806 5774 sortique
825 5702 931 5765 teetio-
986 5703 1055 5761 trine
1081 5700 1197 5758 errandi
1225 5714 1331 5761 ensem
1364 5702 1472 5761 sumat.
1499 5700 1672 5767 Quanquom
1700 5691 1823 5755 interim
1931 5698 1935 5705 '
