3892 6104
119 299 183 375 ιιι
697 299 958 380 noeaoeane.
975 300 1274 379 remuneras.
1688 260 1699 273 “
1762 306 1828 371 ιιι

115 431 263 506 piraticum
279 432 380 504 lausa,
397 455 412 485 a
427 433 494 492 inde
509 434 702 501 demonstrat,
718 435 799 507 quod
813 457 828 486 «
850 435 980 519 omaeA¹
991 438 1042 493 tus
1055 433 1825 509 leopardumexperttetiamsnperpulpitumeburno

114 522 246 589 verbum,
262 523 339 593 quod
356 537 389 578 ex
404 538 454 578 nro
469 539 523 578 sun
538 523 647 592 emisit,
664 527 715 580 ant
725 522 878 595 impletum
894 539 937 581 aa
984 523 1086 580 ¹vexati
1102 528 1181 581 sunt.
1197 528 1321 582 Saturus
1335 528 1434 582 summ
1451 523 1524 580 nihil
1540 524 1636 597 magia
1659 541 1749 598 quam
1769 543 1824 583 ur-

115 612 169 676 eet,
186 614 237 665 aut
250 613 466 682 exspectaretur
480 610 674 683 implendum.
692 634 707 662 »ι
722 611 830 668 Eodem
841 615 870 667 et
886 627 938 666 nos
993 629 1062 670 enm
1079 611 1325 671 abominabatur:
1342 614 1395 671 sed
1419 629 1477 678 uno
1492 629 1594 671 morsu
1608 612 1738 686 leopardi
1751 631 1824 672 non-

114 703 285 770 argumentn
301 702 443 772 martyres
468 702 585 757 nostroe
609 700 776 773 prophetico
805 700 938 771 perfusos
993 699 1040 759 ilci
1055 717 1087 761 se
1099 702 1160 774 jam
1176 702 1382 775 presumebat.
1404 702 1506 776 ltaque
1521 719 1589 759 oum
1613 719 1684 776 aper
1707 704 1823 761 submi·

114 787 209 844 luisse
218 786 324 860 spiritu
334 788 612 845 demonstrabimus.
630 788 782 861 Siquidem
794 788 940 861 quidquid
992 791 1178 859 nistraretur,
1189 795 1310 849 venator
1323 791 1422 863 potius
1434 790 1484 864 qui
1494 790 1580 848 illum
1592 808 1696 865 aprum
1708 793 1825 850 submi·

114 875 158 934 eis
172 874 332 931 revelatum
347 879 402 944 est,
416 883 444 933 ct
454 877 672 934 omneverbum
687 877 765 950 quod
777 893 812 933 ex
824 893 873 934 ore
884 893 937 934 auo
992 878 1176 949 niatraverat,
1197 880 1353 937 subfossus
1368 881 1520 939 abendam
1535 881 1641 951 bestia,
1668 885 1735 953 post
1757 881 1822 940 dies

115 964 277 1022 emiserunt
299 961 459 1035 ἐτελειώθη,
480 966 623 1038 impletam
643 973 690 1040 est,
709 981 879 1040 quanquam
903 980 939 1037 ex
992 968 1124 1031 muneris
1139 968 1221 1026 obiit.
1237 968 1361 1027 Saturus
1375 968 1562 1027 antummodo
1583 974 1698 1027 tractus
1714 975 1771 1028 eat.
1787 972 1824 1029 lit

114 1069 332 1127 eorumgenere
348 1058 456 1124 essent,
472 1070 597 1128 quorum
609 1054 794 1127 praenotinsd
809 1055 937 1112 divinam
992 1073 1060 1127 epm
1074 1058 1112 1114 ad
1128 1073 1230 1115 ursum
1245 1058 1422 1117 substrictus
1438 1059 1556 1117 oscetin
1566 1063 1666 1132 ponto,
1684 1075 1775 1117 urana
1785 1061 1824 1118 de

113 1146 228 1201 mutum
243 1142 417 1215 sapientiam
428 1143 565 1216 pertinet,
578 1143 746 1216 eujusmodi
759 1147 829 1200 sunt
839 1142 938 1200 lutura
992 1161 1079 1217 cavea
1090 1145 1206 1218 prodire
1221 1145 1325 1204 noluit.
1341 1149 1443 1219 ltaque
1456 1147 1584 1205 seeundo
1606 1149 1732 1206 Saturna
1746 1147 1824 1205 ille-

113 1231 323 1305 contingentiu,
339 1248 373 1289 ea
387 1232 550 1304 presertim
561 1249 624 1306 qua
636 1230 937 1305 exliberaipaiuallei
991 1251 1043 1300 aua
1058 1237 1246 1292 revocatur.»
1266 1233 1332 1292 Hac
1346 1237 1444 1293 autem
1457 1239 1622 1308 martyrum
1633 1251 1691 1293 non
1707 1236 1822 1307 qualia·

113 1326 166 1379 aut
179 1319 333 1378 hominum
346 1319 495 1378 voluntate
509 1321 684 1395 dependant.
699 1319 774 1378 (lum
789 1320 886 1377 adhuc
906 1318 937 1377 in
991 1338 1108 1394 cunque
1122 1321 1213 1380 inisse
1227 1325 1305 1392 vota,
1321 1322 1373 1380 sed
1396 1327 1473 1393 ιοῑιι,
1489 1326 1523 1381 ut
1536 1323 1578 1381 ita
1603 1323 1736 1391 dixerim,
1752 1341 1822 1397 prn-

112 1408 224 1476 lncerto
239 1424 285 1465 rea
298 1413 464 1464 versaretur
478 1424 516 1465 an
541 1409 640 1482 passio
667 1408 768 1466 sutura
793 1410 882 1477 esset,
899 1423 936 1464 an
991 1410 1117 1485 piratica,
1148 1426 1211 1483 qua
1239 1426 1298 1468 non
1320 1411 1414 1470 multo
1435 1416 1503 1485 post
1526 1412 1692 1485 sublungit,
1719 1413 1822 1470 Saturi

113 1500 305 1566 commeatus,
332 1496 499 1571 passionem
533 1513 598 1554 ease
626 1497 756 1555 suturam
795 1497 938 1570 Perpetua
989 1499 1418 1572 verbaapertedemoustrant:
1435 1522 1449 1552 ιι
1465 1502 1538 1558 Item
1563 1500 1688 1560 Saturna
1712 1501 1742 1558 in
1762 1501 1823 1561 alia

113 1586 282 1661 prienaeus
297 1585 470 1647 revelatione
484 1584 644 1655 intellexit,
661 1589 690 1643 et
712 1584 812 1660 passio
836 1601 937 1657 reapse
990 1592 1074 1662 porta
1083 1587 1208 1647 militem
1220 1589 1381 1648 Pudentem
1399 1589 1609 1649 exhortabatur
1622 1588 1724 1648 dicans
1738 1607 1746 1646 ι
1760 1591 1821 1647 Ad·

113 1678 214 1733 scema
223 1679 278 1734 em.
293 1675 351 1732 Nec
366 1675 462 1732 solum
476 1675 558 1748 paeni
578 1678 649 1733 sunt
666 1678 820 1748 martyrae,
836 1675 886 1732 ead
901 1688 936 1731 en
990 1692 1069 1748 aum,
1082 1681 1160 1736 certe
1173 1677 1251 1735 sicut
1272 1677 1394 1752 promisi
1407 1681 1436 1736 et
1461 1677 1602 1752 predixi:
1627 1676 1741 1737 nullam
1768 1695 1821 1736 ne·

113 1764 203 1831 etiam
217 1763 395 1836 ordinequn
407 1763 474 1821 illos
484 1756 627 1837 Perpetua
637 1779 851 1838 pnasurosesse
861 1778 935 1836 pree·
950 1799 976 1875 Η
991 1781 1047 1839 que
1062 1766 1158 1825 adhuc
1172 1767 1298 1825 bestiam
1314 1767 1414 1836 aensi;
1440 1771 1469 1827 et
1482 1783 1562 1824 nuno
1585 1766 1622 1825 de
1646 1770 1706 1825 toto
1730 1768 1822 1826 corde

111 1851 203 1909 vidit:
218 1850 357 1909 Saturum
381 1851 458 1922 enim
482 1851 609 1927 priorem
637 1851 749 1910 scalam
777 1852 936 1933 menodoro
990 1854 1102 1912 credas.
1117 1855 1190 1919 bane
1205 1855 1313 1927 prodeo
1328 1854 1391 1924 illo,
1405 1859 1436 1911 et
1449 1855 1486 1913 ab
1498 1872 1556 1913 uun
1571 1870 1673 1913 morsu
1681 1855 1821 1928 leopardi

113 1940 256 2014 Perpetua
270 1939 422 2014 conspexit
434 1965 441 2011 3
455 1940 535 2014 prior
548 1952 647 1999 autem
663 1941 770 2014 reipsa,
783 1947 815 1999 ut
826 1940 937 2014 passio·
990 1959 1186 2011 consumor.»
1203 1943 1348 2002 vaticinio
1367 1943 1518 2016 respondit
1531 1947 1672 2012 aventus;
1689 1949 1722 2000 ut
1735 1945 1820 2002 enim

114 2030 161 2088 nis
175 2032 276 2088 auotnr
289 2029 435 2098 observat,
451 2031 625 2103 martyrium
644 2031 769 2089 Saturne
795 2045 937 2087 nonsum-
991 2031 1138 2105 passlome
1153 2034 1255 2090 auctor
1269 2032 1442 2106 subjungit:
1467 2054 1482 2084 ιι
1498 2032 1605 2090 Statim
1627 2031 1658 2089 in
1673 2033 1732 2089 linc
1746 2049 1818 2106 apc-

113 2118 222 2176 mavlt:
239 2140 254 2173 «
268 2121 402 2192 Saturus,
419 2119 469 2192 qui
499 2122 529 2176 et
544 2119 624 2193 prior
632 2119 743 2177 eoelum
754 2116 935 2189 ascenderat,
991 2119 1098 2185 cuculi
1110 2120 1248 2194 leopardo
1259 2121 1400 2194 objectus,
1418 2121 1454 2177 dc
1468 2137 1526 2179 uno
1541 2137 1640 2178 morsu
1657 2122 1722 2193 ejus
1736 2124 1821 2178 tanto

113 2207 194 2282 prior
205 2206 335 2265 reddidit
349 2206 575 2281 spiritumNam
585 2210 614 2264 et
625 2207 799 2282 Perpetuam
811 2205 938 2264 sustine·
991 2210 1129 2284 perinane
1145 2214 1190 2267 est
1205 2209 1360 2284 anaguina,
1373 2213 1407 2266 ut
1416 2208 1544 2283 populus
1556 2210 1710 2267 revertenti
1719 2209 1765 2266 illi
1774 2225 1821 2267 ee·

114 2297 175 2357 bat.
192 2318 204 2348 ι
221 2294 938 2370 Hilarianusprncuratoruniversosjampronun·
992 2297 1483 2371 cundibaptismatistestimonium
1490 2297 1821 2356 reclamaverit:Salvum

113 2385 235 2443 tlaverat
254 2389 283 2441 et
295 2385 451 2443 damnarat
465 2386 500 2441 ad
517 2384 638 2452 bestiae,
651 2402 719 2442 cum
732 2386 938 2454 alteraaannta
991 2385 1101 2445 intumi
1118 2386 1232 2445 salvum
1255 2385 1369 2444 lotuml
1386 2386 1475 2444 Plane
1497 2386 1599 2459 utique
1625 2385 1724 2443 salvus
1746 2390 1821 2458 erat,

114 2475 217 2537 eadem
231 2474 387 2548 Perpetua,
403 2474 576 2531 revelatione
603 2473 800 2548 cognovitne
832 2489 888 2531 non
902 2473 938 2543 ed
993 2476 1043 2549 qul
1059 2476 1113 2533 hon
1128 2478 1297 2548 spectaculo
1318 2474 1535 2535 inclaruerat.»
1560 2475 1617 2532 Sed
1633 2481 1662 2532 et
1684 2475 1822 2548 quamvis

115 2564 227 2634 latins,
239 2566 272 2623 ut
285 2562 337 2636 ait,
352 2563 403 2620 sed
414 2571 510 2620 contra
523 2562 665 2623 diabolum
685 2570 892 2636 pennatorum
908 2561 937 2620 id
993 2564 1066 2623 nibil
1077 2564 1336 2638 bioprophetioum
1346 2563 1562 2630 intervenisset,
1584 2563 1654 2637 quid
1667 2566 1768 2621 mmen
1783 2564 1821 2621 ed

115 2654 161 2719 cat
174 2665 345 2723 supremum
372 2650 428 2707 sibi
453 2650 695 2724 durissimumque
717 2656 865 2716 certamen
887 2650 938 2707 ad·
993 2652 1099 2719 miram
1115 2652 1274 2724 illamorga
1285 2655 1439 2725 martyres,
1449 2655 1478 2710 et
1487 2651 1524 2710 ad
1535 2667 1637 2709 eorum
1647 2654 1715 2708 vota
1724 2651 1820 2710 susci·

115 2739 338 2799 versuabestiaa
358 2756 417 2797 non
442 2740 512 2811 iore,
543 2741 595 2797 sed
624 2740 765 2797 adversus
788 2738 940 2798 diabolum
993 2741 1100 2817 pianda
1114 2741 1165 2799 Dei
1184 2739 1397 2813 providentiam
1418 2740 1551 2798 animum
1576 2741 1741 2809 advertens,
1759 2755 1818 2796 non

117 2845 245 2904 quocum
261 2828 531 2886 sibivisaiuaratin
542 2827 939 2902 arenaluctarillesutprae·
993 2829 1339 2905 stadmintelligitquam
1350 2829 1408 2887 Deo
1420 2828 1527 2902 placita
1537 2828 1736 2886 lueriteorum
1752 2844 1821 2885 non·

53 2962 56 2967 .
115 2918 301 2988 visaeat,ita
316 2917 430 2978 evenit:
446 2918 550 2976 bestiis
565 2919 689 2990 objecta,
706 2917 821 2976 nullum
836 2919 873 2976 ab
896 2919 941 2977 eie
994 2921 1093 2988 lmaio,
1108 2919 1397 2993 adeoqueeteorum
1412 2918 1508 2975 tides?
1526 2933 1605 2985 eum,
1623 2917 1709 2974 nteit
1724 2920 1821 2991 Apos-

117 3007 247 3066 dnlnrem
262 3011 459 3080 experisset:
474 3007 525 3064 sed
540 3008 764 3076 acerbissimum
786 3007 939 3077 sustinuit,
993 3009 1082 3078 tolus,
1097 3010 1157 3067 aare
1170 3007 1224 3080 fide
1239 3007 1409 3080 impossibile
1418 3007 1457 3064 eil
1469 3004 1580 3080 placere
1594 3007 1657 3064 Deo.

117 3114 184 3155 num
213 3114 231 3154 a
259 3096 416 3169 gladiatore
444 3099 518 3154 inter
530 3105 617 3156 ecstor
637 3102 741 3170 puncto
760 3097 939 3155 natatoria:
1031 3095 1821 3170 llbstetaliudmagnisaneponderisargumentum,

118 3185 166 3245 oui
180 3188 281 3258 postea
296 3184 431 3258 jugulum
446 3185 577 3259 praebens
591 3186 629 3242 de
643 3186 761 3244 diabolo
778 3169 979 3259 triumpha-tl
996 3203 1031 3245 ex
1045 3203 1102 3259 quo
1117 3185 1268 3259 prophetis
1288 3184 1416 3243 maxima
1429 3183 1541 3241 ecceffit
1557 3183 1727 3252 auctoritas,
1744 3187 1774 3239 ct
1787 3199 1824 3240 ex

117 3273 170 3344 vit,
187 3273 238 3348 qui
253 3290 318 3331 eam
331 3274 427 3331 suerat
435 3274 607 3348 gladiatoria
616 3290 706 3348 opera
716 3274 942 3333 adortua.Nunc
995 3273 1146 3332 miraculis
1161 3274 1327 3341 conficitur,
1341 3290 1406 3347 que
1428 3271 1472 3330 vel
1485 3289 1537 3346 per
1551 3271 1631 3344 ipsos
1647 3274 1698 3330 aut
1712 3287 1765 3344 pro
1779 3270 1824 3344 ip-

117 3363 191 3421 lllud
212 3379 321 3438 quero,
334 3380 371 3421 an
381 3363 546 3437 anuugiua
560 3362 648 3421 hasce
668 3362 861 3421 revelationne
875 3366 941 3420 Per·
995 3363 1037 3425 sie
1051 3363 1181 3436 ipseper
1195 3379 1227 3421 sc
1249 3361 1349 3419 divina
1365 3360 1579 3434 omnipotentia
1597 3360 1822 3418 demonstravit.

117 3456 249 3526 petuam,
264 3458 297 3510 ut
311 3453 340 3509 in
356 3452 437 3511 dctis
451 3452 569 3522 dicitur,
586 3468 675 3510 manu
704 3468 760 3510 sua
787 3450 942 3524 aoripxieee
995 3452 1061 3511 Haeo
1074 3455 1186 3518 autem,
1201 3450 1309 3524 quibua
1324 3449 1486 3510 nullasunt
1500 3452 1664 3522 martyrum
1674 3451 1823 3521 Actaque

118 3542 268 3610 concedat,
284 3559 320 3599 an
336 3558 457 3614 prorsus
472 3540 582 3614 negoti
595 3540 624 3599 Si
646 3541 724 3598 enim
753 3557 771 3598 a
800 3540 944 3613 Perpetua
995 3556 1055 3599 nun
1070 3539 1231 3608 abundent,
1246 3538 1356 3597 nostris
1372 3553 1489 3610 quoque
1504 3536 1683 3610 martyribus
1699 3553 1759 3594 non
1773 3537 1827 3595 de·.

118 3630 243 3703 scriptas
259 3629 351 3687 iubae
363 3646 422 3687 non
436 3629 617 3701 creditque
633 3645 722 3687 nausa
736 3633 782 3686 est
807 3645 861 3686 nur
883 3645 942 3685 nnn
996 3629 1124 3698 suerunt,
1140 3632 1174 3686 ut
1197 3627 1242 3687 vel
1256 3644 1291 3685 ex
1314 3627 1401 3684 modo
1423 3627 1509 3685 dictis
1528 3626 1593 3697 jem
1616 3629 1742 3683 constat.
1758 3626 1826 3684 Non

117 3718 149 3776 in
164 3721 312 3775 auomrcm
322 3717 560 3791 passionis,velut
569 3719 600 3775 in
611 3717 846 3790 impostorem,id
856 3731 949 3783 omne,
995 3718 1075 3776 euim
1091 3719 1203 3791 absque
1214 3716 1356 3776 miraculo
1369 3715 1479 3775 lantum
1493 3720 1547 3785 ent,
1560 3719 1593 3771 nt
1607 3731 1675 3786 aper
1689 3715 1721 3771 in
1737 3715 1827 3773 Satu-

118 3806 241 3879 rajieiat,
258 3807 336 3879 quod
349 3807 414 3880 ejus
430 3807 562 3867 animum
584 3805 727 3864 offendit?
754 3805 819 3864 Non
844 3810 942 3865 autem
996 3823 1063 3865 rum
1078 3805 1242 3871 immissus,
1258 3806 1289 3863 in
1303 3805 1403 3879 ipsum
1424 3805 1523 3877 potius
1537 3809 1703 3863 venatorem
1717 3804 1778 3861 irae
1792 3807 1825 3861 et

119 3900 237 3954 sanctos
249 3895 329 3969 ipaoa
342 3896 531 3969 martyresob
542 3911 655 3968 eaque
665 3895 724 3952 illia
735 3893 829 3954 alienu
843 3895 945 3955 tranen
997 3896 1139 3969 impetum
1155 3899 1278 3955 verteret
1288 3911 1296 3952 r
1308 3898 1336 3953 et
1345 3893 1423 3968 quod
1435 3910 1522 3951 ursus
1532 3893 1563 3951 iu
1574 3893 1710 3951 eumdem
1720 3892 1828 3950 incita·

118 3986 230 4044 tributa
244 3984 509 4058 sunt,criminetur.
521 3984 551 4042 Si
562 3989 660 4043 numm
672 3983 862 4043 revelationes
872 4000 944 4043 suae
996 3989 1046 4043 tus
1060 3984 1096 4042 de
1121 4000 1208 4042 cavea
1235 3982 1353 4057 prodire
1371 3981 1508 4040 noluerit.
1531 3983 1567 4039 llt
1585 3984 1630 4040 est
1648 3980 1696 4038 hin
1711 3981 1826 4051 minus,

118 4078 294 4148 Perpetuam
310 4074 341 4131 iu
369 4072 483 4132 litteras
508 4074 625 4133 misisse
652 4073 797 4144 concedit,
811 4089 879 4130 num
894 4089 944 4131 eae
997 4088 1086 4147 quem
1103 4073 1154 4133 nbi
1168 4073 1205 4130 de
1216 4071 1381 4130 visionibus
1391 4074 1493 4144 agunt,
1505 4071 1541 4128 de
1553 4072 1691 4129 Actorum
1701 4070 1762 4130 fide
1771 4070 1828 4128 du·

119 4180 218 4222 rarum
233 4164 312 4222 m
326 4165 429 4237 postea
447 4165 599 4236 gestarum
622 4162 733 4221 eventis
755 4162 945 4220 confirmatae
997 4162 1163 4233 bitandum,
1179 4176 1246 4219 cum
1268 4177 1315 4234 rea
1338 4161 1368 4217 in
1384 4159 1537 4234 propatulo
1552 4164 1582 4216 at
1596 4159 1626 4216 in
1648 4158 1745 4216 medin
1760 4175 1826 4215 am-

119 4252 342 4310 iniasevideat:
359 4268 423 4325 qura
438 4254 589 4309 causaest
603 4266 770 4308 aurearum
793 4255 944 4307 auctorem
997 4251 1165 4324 phitheatro
1193 4253 1291 4324 gnatas
1322 4249 1459 4317 referant,
1486 4264 1562 4321 quas
1587 4264 1672 4306 nemo
1705 4247 1828 4305 illorum

120 4343 211 4402 tuisse
224 4341 367 4414 Spiritum
381 4344 516 4399 sanctum
533 4340 563 4397 in
587 4340 712 4397 dubium
738 4343 874 4397 revocet?
887 4339 945 4396 Neo
997 4344 1163 4415 temporum
1177 4338 1303 4412 scriptor
1312 4337 1357 4395 vel
1371 4337 1648 4410 impudentissimus
1658 4337 1828 4410 contingere

121 4430 218 4488 solum
229 4430 467 4503 Perpetuam,aed
479 4434 724 4501 ceterosquoque
735 4427 869 4500 ay'usdem
879 4443 946 4502 ago·
998 4444 1090 4489 ausus
1103 4427 1217 4486 luisset.
1238 4428 1290 4484 list
1303 4430 1333 4483 et
1355 4426 1429 4484 illud
1444 4425 1521 4483 inter
1543 4425 1686 4483 miracula
1700 4441 1828 4497 compu-

121 4516 944 4592 niaoommilitouespropheticolumineluisseoolluatra-
960 4534 984 4603 y)
998 4517 1133 4585 tandum,
1149 4517 1258 4588 qundo
1280 4514 1465 4573 ferocissima
1486 4530 1575 4571 vanna
1590 4515 1824 4587 Perpetuam

119 4608 177 4675 toa,
192 4605 293 4663 eodem
308 4614 477 4680 argumento
498 4606 581 4665 facilc
604 4607 834 4664 demonstratur.
862 4605 942 4672 Quod
999 4621 1066 4664 oum
1081 4607 1244 4674 vexaretur,
1271 4603 1342 4661 adeo
1367 4603 1397 4658 in
1412 4602 1521 4660 exstasi
1543 4601 1639 4672 luerit,
1656 4606 1688 4659 ut
1710 4601 1828 4660 nullam

119 4693 200 4752 enim
215 4694 420 4767 unusquisque
433 4694 604 4753 conaminis
625 4711 720 4769 mnus
742 4698 901 4768 optaverat,
916 4697 946 4755 et
999 4693 1109 4754 doloris
1123 4709 1246 4753 sensum
1260 4695 1378 4765 experta
1388 4692 1437 4748 sit.
1453 4691 1534 4750 Unde
1550 4691 1629 4765 quod
1641 4692 1704 4762 jam
1719 4707 1826 4748 evena·

123 4784 255 4842 tumtum
283 4799 348 4840 esse
374 4783 448 4840 forte
477 4787 681 4856 praesenserat,
698 4788 873 4842 consecutus
887 4786 944 4854 est,
998 4786 1054 4852 rat,
1071 4804 1086 4834 ιι
1097 4798 1155 4838 nnn
1171 4781 1255 4855 prius
1268 4781 1403 4850 credidit,
1416 4780 1473 4838 nisi
1490 4780 1633 4853 quasdam
1648 4784 1733 4838 notas
1743 4797 1828 4837 vexa-

120 4875 183 4942 Qua
197 4873 234 4929 de
248 4889 279 4931 re
292 4871 457 4929 audiendus
466 4874 605 4931 Anterum
626 4872 770 4945 scriptor:
787 4895 802 4924 ιι
822 4872 879 4930 Sed
894 4871 946 4945 qui
998 4871 1088 4930 tionis
1101 4869 1133 4927 in
1148 4886 1268 4944 corpore
1281 4872 1311 4927 et
1324 4869 1427 4926 habitu
1442 4885 1497 4926 auo
1511 4870 1735 4943 recognovisset.
1748 4891 1763 4920 »
1773 4869 1829 4927 list

120 4963 251 5022 dixerat:
267 4962 357 5019 Petite
375 4965 402 5018 et
424 4962 574 5034 occipere,
595 4961 762 5034 petentibus
786 4961 945 5018 dediteum
999 4964 1028 5027 et
1041 4960 1096 5019 bon
1112 4958 1208 5032 palam
1223 4962 1252 5018 et
1265 4959 1296 5015 ln
1312 4958 1507 5016 mediaarena
1521 4962 1550 5016 et
1564 4957 1751 5031 stupentibus
1765 4974 1831 5016 orn·

120 5052 230 5110 exitum
241 5066 330 5125 quem
340 5049 466 5123 quisque
478 5050 778 5109 desideraveratllam
789 5050 814 5108 si
827 5050 946 5122 quando
1000 5049 1088 5107 nibus
1102 5052 1229 5121 gestum.
1245 5048 1345 5121 Neque
1359 5065 1406 5105 rea
1417 5051 1479 5105 tam
1494 5047 1582 5119 mire,
1606 5062 1643 5104 ne
1657 5047 1729 5105 torte
1745 5046 1831 5105 illam

119 5141 196 5198 inter
210 5156 242 5197 ae
255 5141 292 5197 de
307 5137 440 5212 martyrii
456 5139 502 5195 sui
518 5143 584 5195 voto
600 5138 884 5196 sermocinabantur.
895 5142 945 5211 Sa·
1000 5137 1163 5210 Beanagius
1178 5137 1209 5194 in
1234 5135 1423 5193 Montanismi
1448 5136 1648 5209 suspicionem
1672 5135 1780 5207 trahat,
1797 5135 1830 5193 in

119 5228 385 5302 turuinusquidem
397 5227 536 5284 omnibus
547 5227 731 5285 bestiisvcllc
741 5227 868 5300 seobjici
878 5243 946 5301 pro·
1001 5226 1066 5285 aliis
1081 5225 1259 5299 martyribus
1274 5223 1311 5282 ab
1323 5223 1404 5284 omni
1419 5223 1449 5281 id
1463 5239 1557 5298 genua
1572 5224 1740 5298 suspicione
1755 5224 1831 5283 libe·

121 5318 257 5376 fitnbatur
267 5335 277 5375 :
288 5322 321 5375 ut
330 5317 442 5376 scilicet
449 5316 652 5391 gloriosiorem
663 5320 793 5391 gestaret
805 5333 945 5375 coronam
1000 5316 1053 5385 ris,
1063 5314 1197 5389 exemplo
1207 5317 1299 5372 vacat.
1312 5312 1455 5373 (laurinus
1470 5314 1591 5372 omnino
1606 5320 1652 5372 eet
1661 5314 1731 5372 huic
1744 5316 1831 5373 Aeto·

121 5406 223 5479 ltaque
235 5405 266 5464 in
281 5406 488 5466 commissione
496 5405 666 5481 spectaculi,
678 5406 743 5480 ipsc
763 5411 792 5465 et
820 5407 946 5465 Revoca·
1000 5421 1068 5463 rum
1093 5408 1264 5463 nostrorum
1284 5402 1348 5461 loon
1375 5401 1447 5460 ulter
1461 5403 1497 5460 de
1519 5403 1606 5462 beate
1628 5403 1774 5462 Blendina
1798 5404 1831 5461 in

129 5617 176 5700 yesi
190 5616 349 5696 hebetudini,
364 5620 408 5679 eni
422 5617 642 5695 scientiaeaut.
658 5620 750 5695 lipia.
764 5616 883 5707 Euoyol.
898 5617 1103 5701 dofnlyebffl
1112 5615 1266 5701 ¹aittlltyrio.
