3892 6104
112 299 188 381 itta
778 299 872 375 visa
893 300 926 363 S.
949 296 1146 373 CYPfflANl.
1739 296 1817 363 sats

110 437 186 494 Nem
212 433 287 510 (Luc.
317 451 337 502 1,
357 432 404 504 59)
432 430 586 505 zacharias
614 434 761 503 sacerdos,
791 432 936 507 promisso
950 441 977 507 Α
992 436 1210 508 superventum
1234 429 1377 489 claritatis
1396 427 1555 491 animabat.
1570 427 1713 490 Videlicet
1735 431 1818 491 tanta

112 525 169 583 sibi
180 542 231 601 per
241 522 378 598 angelum
390 523 448 580 filio
460 524 593 598 quianon
604 523 938 593 crediderat,obmutuit;
993 523 1036 578 illi
1052 522 1108 578 luit
1119 522 1194 578 sacri
1210 522 1316 594 cupido
1341 520 1497 590 sermonis,
1512 527 1546 578 ut
1559 525 1673 594 optaret
1692 520 1734 578 sic
1759 519 1817 579 sibi

111 615 153 672 ita
163 620 195 672 ut
206 612 939 688 liliiuomeullsoripturuspotiusquamrslaturus¹,
993 612 1140 686 passionis
1155 616 1222 668 vota
1234 612 1451 685 contingerant
1465 612 1537 667 dum
1552 612 1589 669 de
1603 615 1660 668 Deo
1675 610 1816 683 loquitur,

113 708 187 761 nutu
200 701 318 761 tabulas
333 700 611 776 postularetllerito
625 706 654 759 et
665 702 778 772 bic,ubi
792 701 846 759 Dei
861 719 937 759 nun·
993 702 1023 758 in
1038 702 1103 775 ipso
1120 700 1265 759 sermonis
1285 717 1371 775 opere
1385 706 1550 759 necaretur.

111 793 171 851 tius
185 792 353 866 passionem
370 791 510 849 antistitis
525 791 729 849 imminentem
745 795 819 848 nutu
839 791 938 865 potius

111 882 264 956 expressit,
281 884 310 939 ct
333 881 422 937 fidem
438 881 601 947 admonuit,
618 883 647 936 et
662 881 843 938 sacerdotem
869 898 939 937 mn·
1146 935 1150 947 ,
1304 844 1421 902 CAPUT
1439 844 1500 903 XV·

111 971 193 1028 nivit.
214 968 372 1050 Dilationis
397 974 495 1026 autem
520 971 650 1042 peteuda
666 970 739 1027 ratio
755 971 790 1027 de
817 971 936 1027 ordina·
1083 933 1207 1006 capum·
1224 933 1303 991 Μ’
1315 938 1378 991 “m
1390 934 1467 1007 [Μ
1479 939 1587 992 ”mem
1601 934 1726 993 emm

110 1061 189 1117 tione
203 1076 302 1117 rerum
317 1063 347 1114 et
361 1060 397 1115 de
411 1058 572 1116 voluntatis
587 1058 779 1133 dispositione
791 1059 936 1117 veniebat.
1027 1058 1064 1115 ut
1078 1057 1206 1115 bierunt
1219 1057 1383 1130 quotidiani
1399 1063 1481 1116 ectus
1495 1059 1633 1118 destinati
1648 1060 1685 1118 ad
1700 1059 1817 1133 placen-

109 1151 176 1214 Oua
191 1165 256 1206 vero
272 1165 318 1205 res
334 1148 386 1220 illi,
403 1151 455 1204 aut
468 1164 533 1220 quae
547 1147 683 1205 voluntas
697 1149 872 1213 ordinanda,
881 1147 938 1206 uisi
991 1151 1050 1204 tem
1066 1147 1124 1204 Deo
1140 1147 1267 1205 bostiam
1283 1148 1454 1216 sacerdotis,
1464 1165 1532 1205 cnm
1546 1164 1621 1215 esse,
1631 1148 1818 1222 proconsulis

109 1236 297 1296 ecclesiastici
313 1237 580 1311 status?Suprema
595 1237 702 1295 idcirco
718 1243 837 1311 accepta
859 1236 936 1294 dila·
987 1237 1086 1309 jussu,
1115 1237 1151 1292 ad
1167 1236 1268 1295 hortos
1292 1238 1357 1309 ejus
1377 1238 1425 1310 (ad
1450 1237 1563 1307 hortos,
1586 1238 1716 1311 inquam,
1741 1255 1817 1317 quos

108 1323 149 1380 tio
164 1330 254 1398 cst,ut
269 1325 414 1398 quidquid
430 1326 507 1383 circa
518 1342 680 1399 pauperum
690 1327 879 1383 fovendorum
890 1343 939 1383 ou·
991 1325 1069 1383 inter
1082 1326 1166 1383 initia
1181 1326 1247 1384 fidei
1263 1343 1325 1384 suae
1337 1327 1481 1398 venditos,
1498 1327 1591 1386 stilai
1609 1327 1817 1402 indulgentia⁸

110 1431 174 1471 ram
189 1416 294 1473 1424
304 1431 443 1489 supremo
455 1415 936 1489 judicio'disponendumluerat
991 1417 1151 1484 restitutos,
1167 1433 1220 1489 pro
1248 1421 1328 1474 certo
1355 1417 1462 1475 iterum
1491 1417 1521 1474 in
1550 1433 1624 1475 usus
1652 1434 1816 1492 pauperum

109 1504 305 1562 ordinaretur.
321 1509 356 1560 at
371 1509 440 1579 puto
456 1508 573 1578 propter
587 1504 662 1561 nihil
681 1504 772 1575 aliud,
788 1505 847 1561 imo
869 1521 936 1563 vero
990 1505 1244 1574 vendidisset‚nisi
1256 1505 1398 1564 invidiam
1414 1507 1450 1563 de
1472 1506 1674 1580 persecutione
1687 1507 1816 1564 vitaret‘

108 1594 709 1667 proptsrboctantum,etiamindulgentia
720 1595 756 1651 ab
766 1595 937 1668 ipsisejece·
991 1611 1059 1652 cum
1074 1593 1220 1653 militibus
1235 1596 1297 1653 suis
1311 1595 1448 1670 princeps
1459 1596 1516 1669 (22)
1531 1600 1651 1670 repente
1664 1596 1817 1654 subitavit.

107 1688 174 1741 rant
183 1686 237 1751 ³‚st
251 1684 300 1757 qui
312 1683 439 1741 occisuri
447 1684 673 1751 erant,admissa
683 1688 728 1741 eet
740 1701 748 1752 ;
761 1687 794 1740 ut
807 1699 936 1758 praesens
991 1683 1050 1741 imo
1066 1684 1169 1747 lm
1196 1688 1230 1742 ut
1243 1684 1341 1742 verius
1364 1683 1498 1755 dixerim,
1510 1685 1657 1743 subitasse
1678 1701 1710 1743 se
1724 1685 1819 1743 credi·

107 1776 136 1828 et
158 1776 315 1846 presentes
341 1789 496 1846 pauperes,
518 1772 684 1830 novissima
706 1771 937 1845 dispensationis
991 1773 1044 1828 dit.
1060 1772 1143 1830 Unde
1157 1773 1237 1830 enim
1251 1778 1351 1847 posset
1365 1778 1507 1847 tauquam
1521 1775 1689 1848 'improviso
1705 1774 1818 1848 impetu

106 1861 253 1929 extremis,
269 1865 309 1930 at,
326 1866 359 1918 ut
383 1860 499 1935 plenius
514 1861 650 1931 dixerim,
665 1863 736 1919 totis
760 1862 931 1936 sumptibus
989 1879 1074 1919 mens
1091 1879 1209 1936 semper
1223 1867 1325 1935 parata
1340 1863 1492 1921 subitari?
1506 1864 1653 1925 Processit
1665 1880 1735 1937 ergo
1754 1864 1819 1937 Jum

105 1950 254 2006 relevaret.
270 1949 420 2007 Ordinatis
433 1967 501 2025 ergo
525 1955 587 2009 tam
602 1951 649 2025 pie
664 1951 751 2008 rebus
766 1955 795 2007 et
810 1951 852 2009 sic
878 1968 930 2024 pro
984 1955 1085 2009 certus
1100 1951 1230 2025 expungi
1254 1952 1332 2027 quod
1349 1951 1398 2010 diu
1414 1953 1511 2010 luerat
1528 1953 1709 2011 retardatum
1725 1970 1732 2022 ;
1749 1968 1818 2024 pro-

104 2038 252 2096 voluntate
277 2039 428 2113 dispositis
443 2041 464 2112 ⁸,
481 2041 665 2113 proximabat
688 2042 751 2098 dies
771 2040 929 2098 crastinus.
985 2041 1075 2098 cessit
1090 2040 1189 2098 animo
1211 2040 1331 2100 sublimi
1347 2045 1376 2098 et
1388 2044 1484 2100 erecto
1502 2043 1524 2109 ⁷,
1539 2041 1718 2099 bilaritatem
1741 2057 1816 2114 pra·

413 2147 529 2204 gppurp
550 2147 621 2205 xpp,
985 2132 1082 2188 ferens
1096 2129 1179 2186 vultu
1194 2135 1224 2188 et
1238 2130 1325 2188 corde
1340 2131 1492 2189 virtutem.
1507 2131 1563 2189 Sed
1578 2131 1688 2189 dilatus
1702 2131 1733 2188 in
1748 2147 1813 2189 ers·

104 2237 272 2292 mmmm
289 2238 486 2307 permutem,
509 2246 616 2295 „mag
639 2240 734 2309 suom
757 2237 930 2310 cyprinum,
984 2220 1109 2285 atinum,
1121 2220 1157 2276 ad
1173 2220 1296 2276 domurn
1313 2220 1455 2293 principis
1470 2237 1488 2278 a
1501 2220 1636 2293 pretorio
1651 2221 1817 2277 reverteba-

265 2323 380 2379 secsqae
394 2309 431 2365 cd
445 2311 616 2382 martyriam
629 2309 768 2366 laortutar.
984 2313 1051 2377 tur;
1065 2324 1134 2364 cum
1158 2308 1255 2365 subito
1272 2324 1323 2381 per
1345 2309 1551 2383 Carthaginem
1571 2313 1664 2367 totam
1689 2325 1812 2383 sparsus

142 2394 260 2453 Jamda
287 2396 368 2454 Xisto
396 2397 474 2454 bono
502 2402 531 2454 et
558 2398 680 2471 pacifico
708 2398 867 2468 sacerdota,
896 2412 930 2453 ac
984 2413 1086 2454 rumor
1109 2395 1267 2464 increbuit,
1280 2396 1456 2468 productum
1482 2398 1621 2470 essajam
1639 2397 1811 2464 thascium,

106 2489 260 2557 propterea
284 2485 455 2543 beatissimo
480 2491 618 2561 martyre,
647 2488 683 2543 ab
707 2486 783 2544 Urbe
806 2485 930 2543 nuntius
985 2502 1084 2559 quem,
1100 2483 1361 2558 praetsroelabrem
1377 2485 1503 2557 gloriosa
1517 2485 1807 2559 opiniousnotitiem,

105 2577 233 2629 venerat.
250 2573 448 2647 Separabatur
458 2577 642 2650 jamjamque
657 2576 784 2633 carnitex
798 2576 929 2644 veniens,
976 2574 1072 2631 etiarn
1087 2574 1123 2630 de
1138 2573 1414 2632 commemoratione
1425 2574 1641 2647 praeclarissimi
1651 2573 1809 2649 (23)operis

108 2661 159 2733 qui
172 2662 274 2719 devota
301 2664 494 2721 sanctissima
508 2665 633 2721 victims
654 2665 729 2722 eolla
744 2669 928 2737 percuteret:
984 2678 1070 2720 nemo
1084 2679 1143 2720 non
1166 2666 1296 2719 noverat.
1324 2661 1542 2721 concurrebant
1556 2664 1687 2736 undique
1705 2680 1808 2722 versus

107 2754 135 2807 at
148 2751 191 2806 sic
205 2756 288 2808 erant
311 2769 414 2810 omnes
436 2752 498 2810 dies
521 2753 563 2808 iili
589 2753 759 2825 quotidiana
781 2757 931 2825 exspecta·
984 2768 1087 2810 omnes
1112 2751 1149 2807 ad
1165 2752 1377 2824 spectaculum,
1395 2751 1479 2808 nobis
1503 2767 1555 2824 pro
1570 2751 1722 2809 devotione
1740 2751 1809 2808 edei

106 2838 186 2895 tione
201 2841 355 2907 moriendi,
372 2846 405 2897 ut
426 2858 532 2898 corona
547 2848 646 2914 posset
660 2842 786 2915 siugulis
810 2843 927 2901 ascribi.
984 2839 1145 2914 gloriosum
1159 2839 1342 2912 ⁸,gentiiibus
1356 2843 1385 2897 st
1395 2839 1566 2897 dolendum.
1576 2840 1810 2911 Receptumeum

106 2928 324 2986 Conveniebant
347 2930 467 2987 iuterim
483 2929 583 3003 pluras
606 2931 714 3004 egregii
729 2935 759 2987 st
773 2931 931 2988 clarissimi
984 2934 1132 2999 tamen,et
1146 2931 1176 2986 in
1191 2930 1278 2985 domo
1294 2929 1437 3002 principis
1451 2931 1642 2986 coustitutum
1659 2931 1812 2985 uuanocte

106 3017 218 3074 ordinis
233 3025 262 3074 et
276 3019 441 3092 sanguinis,
457 3020 509 3076 sed
524 3025 553 3076 et
567 3020 666 3076 seculi
682 3012 832 3077 nobilitate
846 3037 932 3094 geue·
985 3018 1131 3076 continuit
1147 3017 1282 3076 custodia
1296 3017 1421 3075 delicata
1435 3018 1553 3090 (aspira
1567 3022 1600 3074 ut
1613 3017 1738 3075 convive
1748 3017 1813 3089 eJ‘us

107 3106 165 3162 rosi
182 3123 188 3161 :
204 3107 253 3180 qui
268 3113 389 3180 propter
404 3108 565 3166 amicitiam
586 3110 650 3182 ejus
667 3109 820 3182 antiquam
836 3126 931 3167 seces·
985 3112 1015 3166 et
1028 3108 1110 3167 obari
1135 3107 1166 3164 in
1194 3107 1386 3165 contubernio
1397 3123 1433 3164 ex
1445 3123 1526 3165 mors
1550 3107 1705 3166 fuerimus.
1728 3105 1814 3165 Plebs

108 3211 176 3251 sum
191 3196 246 3268 (21)
269 3196 395 3254 subinde
419 3198 577 3255 suaderent
593 3216 600 3255 τ
618 3203 647 3255 et
666 3216 702 3254 na
726 3216 829 3271 parum
855 3192 970 3260 assatfl
988 3197 1107 3257 interim
1131 3200 1193 3253 tota
1207 3196 1333 3254 sollicita
1356 3211 1392 3253 ne
1407 3213 1459 3269 per
1484 3199 1598 3254 noctem
1615 3195 1725 3270 aliquid
1750 3196 1814 3253 sine

110 3285 189 3339 nuda
204 3284 334 3356 suadela,
351 3286 441 3343 etiam
456 3285 521 3343 loca
534 3289 564 3347 io
580 3304 644 3361 que
660 3289 807 3345 secederet
830 3287 934 3345 ollare-
989 3285 1169 3345 conscicntia
1183 3285 1230 3342 sui
1245 3286 1337 3356 lieret,
1351 3290 1419 3343 ante
1435 3285 1510 3343 iores
1525 3284 1666 3358 principia
1686 3285 1813 3342 excuba-

109 3372 190 3430 bant.
205 3372 258 3431 Illa
272 3390 338 3431 vero
360 3375 424 3446 jam
440 3375 595 3447 mundum,
613 3392 757 3448 suspensa
776 3376 811 3432 ad
829 3375 934 3449 caelum
988 3378 1048 3432 bat.
1065 3373 1215 3432 Concessit
1238 3375 1264 3432 ei
1279 3379 1350 3432 tune
1369 3373 1468 3431 divina
1482 3374 1607 3445 bonitas,
1620 3389 1686 3431 vere
1711 3374 1816 3446 digno,

110 3465 217 3530 mente,
234 3462 410 3535 neglexerat,
426 3479 479 3520 nec
497 3463 625 3521 suadelis
648 3448 934 3521 blandientibus'an·
989 3470 1023 3522 ut
1036 3465 1086 3521 Dei
1102 3463 1230 3537 populus
1244 3464 1333 3521 etiam
1349 3463 1380 3520 in
1392 3463 1552 3522 sacerdotis
1563 3463 1699 3537 passione
1713 3462 1813 3536 vigila·

38 3553 54 3585 ⁰
111 3551 251 3607 nuebant.
269 3549 397 3608 Fecisset
411 3553 536 3610 tortasse
551 3558 622 3609 tunc
636 3554 725 3610 etiam
743 3554 820 3625 quod
836 3570 853 3609 a
870 3552 935 3626 plu·
990 3557 1035 3611 ret
1048 3554 1116 3626 (25).
1132 3552 1264 3609 Forsitan
1279 3556 1376 3608 tamen
1392 3557 1504 3626 querat
1518 3552 1625 3625 aliquis
1640 3569 1704 3626 qua
1724 3568 1813 3609 causa

111 3638 194 3696 rimis
219 3645 249 3697 et
263 3639 400 3699 fidelibus
421 3641 584 3714 petebatur,
601 3642 624 3697 si
641 3647 670 3699 et
691 3641 790 3699 divino
813 3642 936 3714 imperio
991 3643 1078 3701 tuerit
1092 3660 1110 3699 a
1124 3640 1257 3714 pretorio
1278 3641 1438 3698 revertendi
1454 3641 1490 3698 ad
1515 3641 1687 3715 principem.
1704 3641 1740 3697 iit
1761 3658 1813 3697 vo·

108 3728 275 3798 juberetur.
289 3729 343 3785 Sed
364 3745 417 3785 uec
432 3730 484 3785 illa
510 3730 648 3788 sublimis
670 3731 746 3787 tanti
766 3731 819 3789 viri
843 3730 937 3805 gloria
991 3732 1056 3791 lunt
1071 3732 1135 3799 boc,
1152 3729 1265 3787 scilicet
1287 3729 1408 3803 quidam
1424 3730 1460 3787 de
1479 3747 1544 3797 suo,
1560 3733 1630 3786 tunc
1653 3746 1815 3803 proconsu-

113 3816 176 3872 sine
202 3817 345 3889 praeconio
369 3820 550 3876 transeunda
568 3824 613 3877 est
629 3837 635 3875 ι
653 3821 723 3893 quia
743 3821 807 3892 jam
830 3820 937 3878 areeulo
991 3821 1049 3878 lem
1064 3817 1291 3876 noluisseatsit
1302 3822 1336 3876 ut
1348 3818 1379 3875 in
1394 3818 1483 3877 rebus
1498 3817 1649 3876 divinutus
1664 3818 1755 3892 gestis
1770 3832 1816 3875 ss·

113 3910 296 3962 tumescente
311 3912 340 3965 ct
363 3907 399 3964 de
414 3907 521 3965 fiducia
536 3907 702 3983 principum
722 3909 937 3967 infestationem
992 3907 1113 3983 gnitiem
1127 3906 1188 3964 sive
1204 3906 1355 3964 fastidium
1371 3906 1554 3980 proconsulis
1569 3922 1742 3979 conquerar.
1758 3906 1817 3962 sb·

114 3992 244 4048 nominis
265 3994 429 4063 anhelante,
450 3995 498 4052 ilic
516 4013 615 4053 servos
639 3998 699 4069 Dei,
713 4002 800 4070 prout
814 3998 940 4054 dabatur
993 3997 1080 4054 sitnt
1108 3994 1220 4052 malum
1247 3992 1302 4050 hoc
1332 3994 1410 4049 intra
1436 3993 1647 4050 conscientiam
1676 3992 1818 4066 religiose

113 4081 500 4148 occasi0,exhortationibua
515 4085 673 4143 Dominicis
683 4086 887 4155 instruebat,et
901 4086 938 4144 ad
994 4084 1101 4142 mentis
1127 4082 1282 4141 admittam
1298 4101 1305 4153 ;
1322 4086 1354 4139 ut
1368 4082 1478 4139 datam
1498 4082 1669 4140 beatissimo
1693 4084 1819 4159 martyre

113 4169 268 4228 calcandas
282 4172 530 4245 passionesbuJ'us
544 4174 684 4247 temporis
695 4175 940 4248 contemplatione
995 4177 1096 4231 ructus
1120 4171 1249 4228 hominis
1264 4171 1321 4244 (26)
1341 4169 1499 4243 judicaret.
1515 4172 1571 4228 Sed
1587 4171 1735 4228 crastinus
1756 4169 1819 4227 dies

713 4356 716 4361 ’
835 4336 928 4394 Varie
944 4334 1095 4393 lectiones.

150 4456 227 4512 ⁰⁰De
241 4456 293 4512 filii
318 4457 436 4516 nomiae
460 4460 527 4517 eod.
544 4463 569 4516 t.
594 4460 688 4518 ilorci.
727 4461 925 4519 ¹Rslecturus
948 4460 1013 4516 Bod.
1030 4460 1055 4515 1.
1094 4457 1260 4530 ¹Suprema
1284 4454 1393 4518 indicia
1421 4454 1516 4514 tieret.
1553 4454 1640 4521 ⁸Qui
1664 4454 1819 4526 ejecerant,

116 4527 246 4585 admissa
260 4534 305 4585 est
323 4530 390 4586 boe.
410 4532 455 4616 ¹⁴.
483 4531 556 4614 ffSr'c
569 4531 637 4618 Bod.
657 4535 682 4589 t,
695 4532 798 4616 ‘tieret
823 4531 1148 4631 Voluntatefldisposita
1170 4527 1270 4601 Rigalt.
1315 4527 1332 4609 ,θ
1347 4526 1382 4611 lit
1405 4527 1440 4584 de
1467 4526 1518 4583 Dei
1546 4524 1731 4634 indulgentia
1755 4524 1819 4583 dod.

115 4599 304 4741 {aggestas
315 4601 457 4729 (locuparr
481 4621 511 4660 ιιι
526 4620 662 4679 passione
676 4609 779 4661 vitaret
800 4605 871 4661 Bcd.
890 4605 916 4660 t.
940 4603 1032 4660 floret.
1070 4601 1131 4656 'ut
1153 4615 1266 4668 sereno,
1292 4597 1469 4656 bilaritatem
1494 4598 1592 4658 sert.
1654 4596 1821 4656 Glorroaum

837 4798 992 4858 variorum
1012 4800 1097 4856 nota.

119 4995 125 5006 .
151 4924 213 5051 (213
226 4925 500 5000 Secessumslliquot
514 4925 617 4984 diebus
632 4926 764 4996 secessit,
780 4943 817 4984 ne
831 4924 985 4990 Uticaml}
1035 4922 1092 4996 (21)
1107 4922 1371 5003 commensuratione
1389 4920 1526 5004 preclari
1548 4919 1647 4991 operis.
1662 4916 1774 4974 Aliudit
1788 4917 1824 4974 ad

118 4999 194 5051 iuter
216 4996 339 5054 ciendus
359 4998 577 5070 perduceretur.
594 5001 631 5056 at
647 4998 676 5054 id
701 4997 780 5056 enim
804 4997 946 5054 Frumen·
1002 4997 1164 5068 martyrum
1179 4992 1264 5060 lesia,
1277 5008 1306 5047 ιιι
1323 4992 1432 5065 quibus
1446 4991 1553 5064 vigilre
1567 4989 1740 5063 agebantur.

118 5066 186 5122 tarii
201 5084 219 5124 a
233 5068 407 5140 proconsule
427 5069 651 5127 missilusrent.
670 5068 751 5128 Unde
765 5069 842 5125 inira
859 5067 943 5125 subi·
1317 5135 1322 5145 ὓ
1549 5131 1555 5145 Ι
1610 5061 1775 5143 borasan..

118 5143 208 5207 tasse,
223 5139 254 5196 id
276 5144 323 5197 sat
340 5139 528 5209 accelerasse,
543 5140 651 5198 dicitur
672 5142 821 5215 princeps,
837 5144 945 5214 putans
1034 5136 1091 5209 (24)
1106 5134 1236 5193 Custodes
1261 5133 1395 5191 detrecto.
1412 5134 1443 5190 id
1470 5138 1515 5190 est
1536 5131 1630 5189 libera
1652 5139 1680 5188 et
1703 5144 1827 5188 manime

118 5210 297 5283 Cprianum
320 5227 419 5269 revera
444 5213 573 5285 elingere
597 5213 679 5270 valle.
694 5213 768 5270 Vide
789 5209 943 5285 epistolam
999 5208 1084 5264 dura.
1100 5207 1244 5265 Rurasnr.
1275 5277 1280 5288 1
1714 5273 1720 5286 ⁸

122 5228 258 5340 ultimam
274 5283 365 5341 Oxon.
380 5284 426 5349 81,
438 5283 567 5341 Pamelio
581 5285 627 5341 83.
645 5284 783 5342 Ruruaar.
1035 5280 1092 5350 (25)
1109 5278 1238 5333 Persicae
1251 5275 1393 5346 oscitaret.
1410 5276 1454 5331 lta
1466 5273 1573 5366 vigilre
1589 5274 1678 5331 lestos
1692 5273 1755 5329 dies
1774 5287 1826 5328 ua·

157 5353 215 5424 (22)
229 5355 424 5424 essecestra
439 5354 486 5410 bis
500 5356 575 5412 ratio
590 5356 723 5412 redditur
736 5356 766 5412 in
782 5352 946 5412 notitiisdi·
1001 5350 1104 5407 talium
1118 5352 1280 5419 martyrum
1293 5346 1575 5429 'precedentium
1665 5415 1671 5428 .
1793 5415 1799 5427 ·

123 5424 271 5495 gnitatum
286 5428 327 5483 im
352 5426 459 5482 ‚Rom
476 5425 564 5482 liceat
580 5432 743 5483 summates
766 5433 794 5482 et
809 5424 945 5499 praecipui
1037 5422 1094 5493 (26)
1109 5421 1208 5475 Raetus
1222 5420 1351 5475 tramenta.
1370 5417 1452 5473 Hunc
1468 5422 1582 5500 ructum
1599 5415 1706 5499 Gallice
1720 5430 1828 5498 caprae

125 5494 176 5622 gni
192 5494 247 5551 sub
261 5502 402 5571 magistro
413 5496 576 5554 ciliciorum
587 5497 948 5565 militabant,dsscribente
1002 5491 1226 5574 appellaremus.
1238 5520 1274 5532 -
1288 5490 1388 5571 Raetos
1403 5486 1624 5573 proverbialiter
1635 5487 1683 5545 bro
1698 5490 1826 5561 positum

152 5564 386 5626 athelredPorro
395 5571 497 5626 notum
508 5573 553 5627 est
563 5568 782 5628 militesdivisos
793 5570 824 5626 in
836 5567 948 5639 velites,
1003 5569 1058 5632 est,
1079 5579 1132 5636 pro
1154 5562 1274 5619 orbatrio
1289 5576 1342 5644 scu
1366 5560 1452 5616 blac.
1474 5560 1582 5616 badam
1604 5575 1674 5617 voce
1697 5561 1828 5616 ususcst

127 5636 285 5711 principes,
301 5639 428 5699 triarios.
444 5642 527 5699 Fam.
1003 5641 1033 5696 a.
1049 5634 1212 5709 Cyprianus
1236 5634 1266 5690 in
1281 5635 1367 5707 epist.
1382 5633 1428 5704 62,
1443 5632 1484 5691 cd
1505 5634 1700 5706 Pornpeaiam,
1715 5631 1766 5689 ubi
1790 5629 1827 5686 de
