3900 6112
121 264 199 327 {297
594 264 697 327 PARS
720 264 760 327 ll.
774 298 814 311 -
828 264 1110 331 encaeniorum
1133 268 1355 333 EXGURSUS.
1584 268 1587 273 ’
1748 266 1827 333 {208

118 398 157 454 ile
173 396 251 466 lidei,
267 396 318 453 sed
343 396 380 452 de
402 394 569 469 discipline
591 396 760 469 capitibus:
777 402 806 455 et
830 398 946 471 provin·
961 402 988 469 Α
1003 404 1223 471 perseveranter
1236 400 1365 459 Ecclesia
1380 404 1393 458 l
1407 422 1421 451 »i
1434 401 1467 457 Et
1484 400 1561 457 intra
1576 418 1584 457 ι
1600 424 1616 451 «
1628 400 1690 459 Non
1703 408 1826 479 eatergu

118 486 209 543 ciales
223 484 327 559 synodi
343 484 434 543 semel
454 490 482 542 et
497 485 604 543 iterum
629 486 786 559 quotannis
809 490 945 561 cogendos
999 505 1054 546 our
1078 508 1215 563 provoces
1239 492 1275 548 ad
1300 490 1426 547 Orientis
1450 491 1608 563 antistites,
1630 493 1702 564 quia
1721 500 1750 550 et
1767 494 1825 567 ipsi

118 574 190 633 olim
208 578 301 645 erant,
327 591 384 630 uon
401 579 459 631 tam
485 579 518 631 ut
541 574 577 632 de
601 576 658 632 ilde
683 575 753 649 quid
775 576 944 646 sciscerent,
999 580 1099 651 utique
1112 579 1269 637 Christiani
1278 583 1390 647 suntet
1406 580 1662 653 utriusquepartis
1676 586 1823 641 terrerum

116 680 209 738 quam
223 668 257 720 ut
271 662 431 735 disciplina
447 664 836 721 castimoniomtutarentur.
849 666 943 721 Etiam
998 668 1072 725 tides
1087 669 1144 725 ista
1169 687 1229 725 iiiia
1253 673 1316 736 est;
1332 669 1402 741 quia
1426 674 1454 725 ct
1477 670 1551 725 lldcs
1576 670 1634 726 ista
1657 670 1822 730 Christiana

115 768 196 810 nuuc
210 768 282 810 sane
297 752 333 809 de
348 754 582 822 confirmatione,
599 753 635 809 dc
649 753 760 825 ordine,
776 754 812 811 de
825 755 942 811 absolu·
997 762 1061 823 est;
1090 763 1119 814 et
1141 762 1170 813 te
1194 762 1271 815 certe
1301 757 1497 814 Occidentalis
1529 763 1609 814 terra
1640 760 1819 831 generavit:

114 844 208 914 tione,
224 844 259 899 de
274 842 464 898 matrimonio
485 860 543 899 non
568 859 662 914 pauca
689 847 944 900 controvertuntur
997 845 1193 903 Occidentalis
1208 846 1387 919 regeneravit
1402 846 1566 902 Ecclesia.»
1581 846 1732 921 Ouiaergo
1747 848 1820 909 tides

114 932 194 989 inter
208 931 313 988 schola
328 931 598 1004 optimates‚aliqua
613 932 690 987 inter
705 932 848 989 Ecclesiae
863 933 944 1004 ipsas
997 949 1056 988 uoii
1071 931 1129 989 alia
1141 934 1223 999 alibi,
1239 934 1316 990 siout
1330 934 1579 990 consuetudinum
1595 935 1820 1009 disciplina,sed

116 1020 542 1094 discrepant:qurshisretsi,
558 1020 874 1078 bievideuturirrita:
891 1023 942 1079 sed
997 1038 1056 1077 uua
1080 1022 1188 1093 ubique
1213 1026 1360 1079 terrarum
1393 1026 1448 1089 est,
1478 1021 1612 1094 adeoquo
1642 1022 1672 1079 iii
1704 1024 1823 1083 Oriente

115 1110 211 1168 civilis
225 1112 255 1166 et
279 1110 316 1167 ad
340 1108 504 1182 discipline
529 1109 680 1183 ingenium
706 1115 868 1182 temperata
882 1110 942 1166 bec
996 1112 1129 1166 eamdem
1146 1115 1233 1183 atque
1245 1110 1275 1167 iu
1290 1111 1445 1168 Occidente
1457 1116 1513 1181 est,
1539 1126 1643 1183 nempe
1660 1129 1719 1169 uua
1737 1114 1822 1173 Chri·

115 1198 294 1258 coollictatio
308 1204 353 1256 est
369 1214 376 1255 :
392 1199 510 1256 tametsi
533 1200 569 1255 de
592 1199 650 1270 bis,
677 1203 710 1256 ut
732 1200 768 1255 dc
794 1200 942 1271 complue·
996 1198 1093 1256 atiena
1108 1199 1192 1269 tides,
1208 1216 1266 1257 iioii
1281 1198 1349 1256 licet
1364 1202 1401 1257 ad
1417 1199 1545 1257 Orientis
1555 1200 1704 1258 antistites
1717 1218 1770 1259 eeu
1783 1204 1821 1261 ad
1867 1226 1870 1231 ·

114 1289 191 1347 culis
215 1288 281 1347 aliis
300 1294 422 1362 possent
445 1289 514 1344 audi
538 1288 733 1357 definitiones,
754 1292 783 1345 et
814 1290 850 1345 ed
873 1288 941 1345 tldei
996 1288 1818 1361 oecumeuicamsyuodumprovocare:sedauscultandum

115 1378 324 1437 necessitatem
348 1376 437 1434 trahi.
462 1378 520 1435 Neo
542 1382 642 1434 tamen
665 1378 806 1451 quamdiu
831 1383 859 1433 et
878 1394 942 1434 sen·
994 1382 1115 1435 estsuae
1135 1377 1240 1451 cuique
1268 1378 1402 1435 Ecclesia
1417 1378 1574 1451 episcopis,
1590 1380 1820 1440 auscultandum

115 1465 219 1523 tentiis
235 1469 264 1521 et
278 1465 412 1522 moribus
428 1470 555 1522 certetur
576 1465 646 1522 bino
671 1470 700 1522 et
715 1466 782 1521 binc
805 1464 939 1530 diversis,
995 1470 1041 1521 est
1060 1466 1184 1523 maxime
1200 1467 1331 1523 Romano
1353 1466 1484 1539 pontiflci
1513 1467 1663 1540 antiquam
1687 1470 1819 1529 Ecclesia

117 1554 250 1629 utrisque
264 1571 299 1612 ex
313 1570 396 1627 iequo
414 1554 591 1627 applaudere
607 1556 754 1627 integrum
771 1559 825 1610 est.
842 1556 941 1627 Longe
995 1571 1054 1611 sus
1070 1556 1158 1611 lldcm
1174 1555 1306 1612 dictanti.
1330 1556 1365 1612 Et
1384 1556 1404 1613 l.
1420 1574 1449 1611 iv
1463 1556 1503 1611 Ad
1526 1558 1703 1628 bonifacium
1715 1574 1819 1633 popam

115 1645 305 1713 an,eterenda
318 1649 364 1701 eet
377 1644 454 1700 onim
466 1643 554 1700 altera
569 1646 725 1711 sententia,
741 1643 821 1700 verbi
835 1644 939 1715 gratia,
994 1658 1017 1702 o.
1036 1643 1089 1699 ult.
1108 1660 1114 1699 :
1131 1666 1146 1695 «
1161 1646 1219 1701 Aut
1229 1661 1295 1701 vero
1306 1644 1530 1717 congregatione
1539 1647 1643 1718 synodi
1654 1663 1728 1719 opus
1744 1650 1816 1718 erat,

115 1733 265 1806 baptisma
289 1733 492 1789 hereticorum
518 1750 576 1788 nou
598 1732 768 1789 iterantium
792 1737 892 1804 utpote
912 1738 941 1789 et
996 1736 1028 1788 ut
1051 1738 1152 1804 aperta
1167 1733 1298 1804 pernices
1324 1734 1525 1791 damnaretur.
1548 1734 1636 1801 Quasi
1661 1734 1743 1792 nulls
1757 1735 1817 1793 ho-

115 1818 294 1878 sacramenti
310 1819 456 1891 dignitati,
473 1824 503 1875 et
516 1819 666 1875 traditioni
690 1818 903 1885 ecclesiastice,
914 1823 943 1875 et
998 1820 1070 1877 rosis
1086 1821 1310 1892 aliquandonisi
1326 1822 1429 1894 synodi
1440 1824 1665 1897 congregatione
1679 1825 1819 1882 damnata

117 1908 293 1967 Pontificum
309 1908 472 1965 definitioni
488 1913 692 1965 consentanea.
718 1909 776 1966 Sed
799 1907 942 1965 exEccle-
996 1909 1042 1967 sit.
1069 1910 1142 1967 Cum
1166 1912 1263 1983 potius
1293 1909 1443 1967 rarissime
1471 1912 1667 1981 inveniantur,
1700 1916 1819 1987 propter

117 1998 168 2055 eie
183 2006 211 2055 et
225 1998 400 2054 Pontificum
416 2002 483 2054 aute
497 1997 642 2069 synodum
663 1996 856 2053 universalem
872 2012 940 2053 coii-
995 2015 1069 2071 quas
1086 1999 1268 2055 damnandas
1284 1999 1442 2057 necessitas
1457 2001 1524 2057 talis
1545 2002 1692 2059 extiterit:
1709 2002 1818 2061 multo·

116 2087 248 2144 niventia
262 2103 295 2143 ac
316 2086 546 2159 dispensatione,
567 2087 617 2159 qui
641 2102 728 2142 secus
752 2084 883 2141 sentiunt
907 2102 941 2141 ac
995 2088 1224 2159 queeintatque
1252 2086 1521 2161 incomparabiliter
1543 2089 1653 2163 plures,
1678 2106 1743 2163 que
1768 2092 1819 2149 ubi

116 2176 239 2245 iaciunt,
255 2176 344 2232 videri
361 2175 478 2231 iuterim
495 2175 537 2231 illi
552 2178 687 2248 possunt,
709 2190 806 2231 errore
820 2174 940 2247 quidem
994 2175 1163 2245 extiterunt,
1179 2174 1238 2232 illic
1251 2176 1412 2248 improbari
1427 2176 1620 2249 damnarique
1636 2182 1818 2247 meruerunt,

115 2266 228 2339 aliquo,
244 2266 295 2321 sed
311 2264 456 2322 materiali
480 2268 606 2329 tautum,
634 2270 666 2319 ut
687 2264 780 2334 aiunt,
795 2262 939 2320 laborare.
994 2270 1082 2338 atquc
1096 2266 1164 2323 iiidc
1188 2284 1240 2338 por
1262 2272 1382 2323 caetoras
1406 2270 1498 2323 torrae
1522 2266 1683 2323 devitanda
1702 2268 1817 2327 innote-

114 2354 175 2411 Hac
190 2358 288 2411 autem
303 2354 387 2410 venia
405 2352 547 2425 prolixius
570 2352 612 2409 uli
636 2350 796 2409 Ecclesium
819 2356 850 2409 et
866 2352 938 2409 Pon·
993 2355 1360 2427 accrepotuerunt.Vorum
1372 2354 1819 2427 istorumsuperbiahaucetium

112 2443 224 2500 tificem
239 2459 297 2499 nori
313 2442 461 2516 improbat
476 2442 623 2511 bellarm„
639 2441 659 2497 l.
675 2440 839 2509 adedere..
856 2442 938 2497 cdd:
993 2443 1117 2517 gloriam
1132 2449 1249 2517 captare
1264 2444 1448 2515 intelligitur,
1456 2449 1488 2500 ut
1503 2450 1621 2517 propter
1636 2443 1702 2503 illos
1715 2446 1820 2506 Orien·
1902 2460 1912 2469 “

113 2531 269 2590 Probabile
283 2538 311 2589 et
335 2532 507 2588 auctoritate
531 2531 615 2587 Sedis
638 2529 810 2602 Apostolicio
835 2530 949 2587 121⁷-
994 2533 1084 2589 lieet
1112 2532 1278 2589 Occidentis
1314 2532 1446 2605 synodus
1484 2537 1688 2606 congregetur.
1712 2533 1819 2594 Orbem

113 2620 305 2694 questionem
321 2620 404 2677 illam
425 2619 502 2693 apud
523 2636 626 2675 omues
644 2619 809 2676 catholicos
824 2620 940 2691 luisset,
994 2620 1103 2693 quippe
1115 2620 1451 2691 catholicum‚quoniam
1469 2621 1589 2677 Oomiiio
1604 2620 1647 2677 eis
1663 2622 1818 2681 resistente
1877 2666 1880 2673 .

113 2710 241 2779 linitam,
257 2710 308 2767 sed
336 2710 453 2767 etiamsi
477 2709 599 2781 quiestio
627 2709 712 2764 linita
736 2724 794 2764 nou
823 2707 937 2764 inisset.
994 2710 1097 2767 1248
1128 2713 1289 2781 pervertere
1315 2714 1476 2781 nequeunt,
1505 2709 1612 2767 saltem
1635 2726 1819 2769 commovere

113 2815 211 2872 usqne
235 2798 270 2855 ad
300 2798 416 2856 concilii
446 2796 568 2872 plenarii
596 2795 879 2861 determinationem,
909 2804 940 2852 ut
994 2802 1147 2855 conantur.
1164 2819 1179 2847 »
1199 2798 1262 2854 Nou
1284 2797 1333 2854 hio
1357 2797 1591 2867 consuetucines‚
1617 2798 1668 2856 sed
1691 2798 1818 2859 hereses

113 2888 299 2961 Augustinus
308 2887 380 2944 dicit
396 2904 403 2944 ι
419 2903 478 2944 noii
494 2892 592 2943 tamen
607 2886 676 2942 inde
696 2884 833 2958 colligere
854 2902 938 2957 opor·
993 2891 1144 2956 resonarit,
1160 2886 1232 2942 tides
1248 2886 1458 2955 ingeminatur,
1474 2884 1540 2942 ideo
1561 2887 1747 2944 oecumenica
1768 2904 1817 2962 sy·

113 2981 189 3035 teret
208 2993 266 3033 non
294 2975 427 3049 potuisse
450 2975 538 3031 liniri.
569 2974 653 3046 Nam,
678 2973 747 3031 licet
766 2973 938 3047 Apostolica
993 2976 1062 3032 nodi
1078 2979 1202 3047 negatur
1217 2974 1370 3031 imminere
1383 2974 1553 3041 necessitas,
1569 2991 1636 3032 cuin
1650 2973 1736 3049 longe
1748 2975 1817 3050 plu·
1905 3008 1911 3021 .

111 3066 181 3123 Oedi
201 3063 427 3138 cooperantibus
451 3062 679 3137 provincialibus
709 3062 841 3120 conciliis
869 3078 938 3119 ocii·
993 3065 1074 3122 rimae
1085 3064 1209 3120 hereses
1220 3065 1349 3121 otiooatie
1365 3064 1426 3120 sint
1444 3063 1508 3120 sine
1517 3064 1670 3122 itiusmodi
1685 3064 1815 3139 synodis.

112 3154 286 3214 troversiam
306 3153 388 3209 illam
412 3151 534 3210 liniendi
560 3151 718 3208 auctoritas
738 3168 795 3207 non
811 3153 936 3223 deesset,
953 3129 974 3197 G

112 3243 283 3301 maluerunt
296 3246 395 3298 tamen
415 3241 509 3297 sancti
533 3240 575 3295 illi
601 3240 755 3297 Pontifices
774 3240 891 3297 differre
906 3240 935 3296 iu
1079 3224 1109 3281 1⁴·
1126 3224 1240 3281 summit
1254 3224 1447 3283 mmmmm
1461 3223 1543 3297 'milti
1556 3224 1723 3297 Wimi'm·

111 3336 231 3405 tempus
245 3330 326 3389 aliud
342 3330 439 3402 magis
454 3334 651 3402 opportunum
662 3329 827 3385 absolutam
843 3329 937 3385 deter-

112 3420 304 3477 minationem
329 3422 393 3493 ey'us
418 3418 598 3491 questionis,
634 3435 724 3490 quam
746 3422 790 3475 tot
813 3434 936 3491 magnos

110 3509 190 3566 viros
203 3509 239 3566 ab
253 3508 384 3565 Ecclesia
397 3524 544 3581 separare.
559 3529 574 3557 n
595 3508 677 3563 Certe
700 3510 756 3563 act.
773 3508 786 3561 1
805 3506 935 3579 septima

111 3599 217 3673 synodi
233 3598 371 3655 laudatur
384 3595 572 3664 Eustochiae,
588 3596 754 3668 patriarcha
772 3594 935 3667 Hierosoly·

110 3687 307 3761 mitenus,qui
318 3684 723 3757 monachisOrigenisdeliria
733 3683 936 3741 osculantibus

111 3782 178 3835 octo
193 3775 378 3833 induciarum
394 3791 511 3832 menses
533 3773 698 3831 indulserat
712 3774 748 3829 ad
764 3773 936 3845 resipiscen-

109 3866 349 3938 dum,ctquiutae
360 3864 547 3923 oecurneuicae
557 3864 667 3936 synodo
677 3862 934 3919 subscribendum.

1027 3366 1154 3422 inaniter
1167 3382 1235 3439 ergo
1250 3366 1405 3439 ganniunt,
1421 3364 1554 3438 exemplo
1569 3365 1731 3433 Eirmiladi‚
1745 3366 1814 3425 Dio·

990 3456 1076 3530 uyeii,
1091 3456 1236 3529 Cypriani,
1254 3472 1310 3511 nou
1322 3456 1484 3513 necessrrio
1510 3456 1650 3513 standum
1663 3472 1728 3513 csse
1738 3456 1814 3513 defl-

989 3546 1152 3603 uiticnibue
1172 3544 1255 3600 Sedis
1278 3544 1460 3617 Apostolicae.
1485 3546 1592 3601 Contra
1609 3544 1700 3615 euim,
1727 3548 1760 3603 ut
1779 3562 1815 3603 ex

989 3634 1192 3709 superioribus
1207 3637 1330 3701 constat,
1347 3635 1373 3690 l.
1388 3635 1508 3690 Errassa
1522 3634 1716 3691 demonstrati
1730 3640 1812 3703 sunt,

990 3725 1041 3797 qui
1053 3724 1112 3779 illis
1123 3740 1180 3780 non
1192 3738 1316 3792 cessere,
1325 3727 1354 3779 et
1368 3722 1446 3779 huiic
1458 3740 1586 3780 errorem
1602 3724 1759 3781 eluendum
1770 3724 1815 3781 vel

989 3816 1119 3883 cruento,
1136 3812 1179 3868 vel
1196 3812 1348 3869 incruento
1356 3814 1495 3885 quopiam
1510 3813 1650 3886 martyrio
1662 3813 1814 3871 habuisse.

988 3902 1160 3959 accesisse
1185 3900 1373 3974 Cyprianum,
1397 3900 1457 3958 vori
1481 3918 1538 3957 ocii
1564 3900 1708 3959 dissimile
1732 3902 1816 3960 duxit

223 4026 317 4083 XLIX·
331 4027 509 4099 Nequaquam
522 4024 557 4080 ad
571 4025 734 4097 quoesliom
744 4022 818 4093 fidei·
989 3991 1184 4093 Augustinus,
1199 3990 1226 4045 3.
1243 3990 1298 4091 Qut
1321 3990 1468 4061 Stephano
1491 4006 1549 4092 ucri
1579 3989 1744 4091 obaudiam,
1761 4006 1815 4092 nec

989 4082 1142 4137 traditioni
1170 4078 1346 4152 apostolicae,
1382 4096 1435 4137 neo
1469 4078 1645 4136 universalis
1678 4078 1814 4137 Ecclesia

148 4172 179 4225 ln
196 4168 408 4243 questionibus
434 4173 531 4223 aulem
554 4166 619 4222 ndei
646 4182 834 4239 nequaquam
861 4182 936 4238 opus
990 4170 1158 4226 auctoritati
1172 4172 1201 4225 et
1219 4169 1425 4224 consuetudini
1449 4184 1559 4225 morem
1584 4172 1741 4240 gesserunt
1756 4184 1764 4226 ε
1778 4184 1815 4225 ex

107 4274 175 4317 esse
198 4258 379 4332 congregari,
415 4272 603 4327 nequaquam
635 4256 677 4311 las
710 4270 775 4311 esse
797 4254 936 4327 appellari
989 4257 1335 4331 eoriimergoecntcntia
1358 4257 1500 4314 nonlicet
1524 4257 1685 4328 quidquam
1710 4257 1741 4314 iu
1761 4258 1814 4331 jus

108 4345 305 4405 oecumenicas
317 4345 361 4402 vel
377 4344 523 4419 plenarias
543 4344 681 4418 synodos,
710 4343 775 4400 vido
801 4348 834 4399 ut
857 4344 934 4399 idom
989 4347 1115 4405 trahere.
1129 4346 1156 4401 l.
1173 4346 1231 4402 Nec
1246 4345 1407 4403 Arelatensi
1423 4345 1468 4402 vel
1493 4345 1609 4401 Nicano
1624 4348 1727 4418 postea
1740 4362 1814 4403 coii-

108 4435 293 4508 Augustinus
310 4451 363 4492 nos
387 4435 498 4490 doceat.
525 4432 641 4489 Etenim
665 4432 718 4489 l.i
749 4432 841 4488 donli.
866 4433 934 4501 lul,
990 4436 1057 4492 cilio
1082 4434 1124 4491 illi
1153 4434 1210 4507 ipsi
1236 4433 1279 4491 vol
1308 4450 1409 4490 corum
1449 4434 1557 4507 posteri
1595 4436 1812 4493 auscultarunt.

109 4541 136 4582 c.
154 4524 181 4594 l,
194 4540 261 4581 cuin
278 4524 445 4581 Latinorum
462 4522 581 4579 Petrum
597 4523 788 4579 auctoritates
803 4522 937 4593 deprom-
952 4503 975 4567 ὓ
990 4524 1157 4579 arelatense
1168 4523 1307 4579 iorrtaesc
1318 4522 1814 4593 nescierunt3Nicacnumacoommo

108 4616 229 4689 psisset,
245 4619 286 4672 ait
301 4632 308 4671 :
326 4639 341 4666 e
354 4619 396 4671 An
413 4616 478 4670 ideo
501 4613 731 4669 contemnendos
753 4617 850 4685 putas,
867 4612 936 4684 quie
989 4613 1057 4670 date
1073 4612 1200 4685 pristinae
1215 4628 1275 4667 suis
1299 4612 1449 4669 sententiis
1473 4612 1654 4685 interpretati
1672 4618 1743 4671 sunt
1757 4631 1764 4671 ι
1780 4618 1814 4673 ut

107 4703 304 4761 Occidentalis
316 4703 452 4761 Ecclesiie
466 4707 537 4759 suut
548 4717 661 4767 omnes,
678 4717 732 4757 noc
753 4700 832 4757 ullus
845 4704 890 4757 est
903 4701 934 4756 iii
989 4700 1129 4758 Basiliuin
1140 4716 1229 4773 supra
1239 4700 1349 4773 experti
1364 4701 1648 4759 somusNeccontra
1662 4702 1813 4775 generales

106 4792 152 4852 eis
172 4796 420 4850 commemoratus
449 4790 572 4848 anobis
604 4790 732 4847 Orientis
756 4790 935 4863 episcopus?
987 4796 1085 4848 tamen
1101 4791 1227 4865 synodos
1243 4789 1311 4846 liinc
1327 4791 1602 4863 licetiusurgeie.5.
1619 4791 1702 4849 Ultra
1716 4792 1813 4849 minas

107 4881 184 4949 Ouid
210 4899 277 4955 ergo
306 4882 460 4950 iaciemus,
493 4896 562 4937 cuin
596 4879 638 4935 illi
669 4879 759 4937 Greci
788 4879 858 4951 sint,
881 4895 934 4935 noe
987 4884 1237 4938 evectusnoneat
1259 4881 1437 4952 Stephanus,
1462 4884 1490 4936 et
1509 4880 1637 4953 acquivit
1660 4878 1811 4954 ipse,dis·
1891 4954 1894 4959 Ι

107 4971 230 5029 Latini?
245 4976 319 5027 Peto
331 4970 458 5027 tibieem
469 4977 580 5041 partam
597 4967 934 5025 orbissuiticeredebcre
987 4970 1168 5044 pausationis
1182 4973 1211 5024 el
1225 4968 1346 5025 unitatis
1362 4969 1476 5025 tuenda
1496 4986 1601 5025 cause.
1615 4986 1683 5025 cum
1697 4968 1814 5027 diversa

104 5062 137 5118 iii
162 5078 221 5134 qun
241 5062 369 5134 primum
394 5058 594 5133 apostolorum
620 5073 740 5112 suorum
765 5055 857 5112 voluit
877 5055 932 5112 Do·
986 5061 1016 5115 et
1029 5058 1222 5114 sentientibus
1237 5061 1266 5113 et
1282 5056 1458 5114 iacientibus
1474 5056 1812 5122 communicareOuain

104 5149 207 5207 minus
224 5150 408 5223 gloriossimo
424 5146 562 5219 martyrio
579 5144 786 5203 coronaretlui
800 5144 933 5201 Ecclesiae
986 5161 1018 5203 re
1034 5163 1091 5203 non
1107 5146 1194 5220 poulo
1209 5147 1386 5220 Cyprianum
1403 5144 1561 5202 antecessit
1581 5144 1744 5203 intervallo.
1759 5144 1813 5205 nie
1892 5168 1895 5177 ·

104 5238 313 5313 praesidentem
330 5241 361 5296 B.
378 5236 580 5295 luuoceutium
603 5236 629 5291 si
653 5234 754 5291 audire
778 5232 931 5301 voluisses,
985 5236 1064 5293 enlm
1079 5252 1206 5292 errorem
1222 5252 1311 5292 suum
1336 5234 1490 5291 charitatis
1515 5233 1600 5307 copia
1612 5238 1642 5291 et
1657 5232 1812 5309 sauguinis

100 5328 166 5399 jam
184 5331 256 5384 tunc
271 5328 467 5400 periculosam
487 5326 642 5396 juventam
661 5328 743 5379 tuam
767 5322 932 5393 Pelagiauis
985 5324 1134 5397 impendio
1150 5324 1360 5381 abstersitsille
1374 5342 1392 5381 a
1405 5323 1813 5384 rectisemitancctraiiever-

105 5414 221 5489 laqueis
236 5418 377 5473 exuisses.
393 5415 467 5482 Ouid
482 5415 560 5469 enim
577 5412 672 5484 potuit
685 5413 730 5467 vir
743 5412 792 5467 ille
811 5416 932 5468 sanctus
985 5430 1052 5470 sum
1070 5429 1197 5485 unguem
1213 5413 1350 5470 deflexit:
1367 5412 1467 5469 stricto
1478 5412 1539 5484 juri
1555 5412 1695 5485 primum,
1710 5416 1745 5471 ut
1759 5430 1814 5488 pai·

105 5504 252 5563 Africanis
268 5508 444 5580 respondere
458 5501 661 5572 conciliis,nisi
674 5503 749 5575 quiid
767 5502 931 5575 antiquitus
984 5507 1039 5572 cst,
1051 5503 1164 5559 studuit
1180 5519 1187 5558 ε
1205 5503 1254 5558 ubi
1271 5500 1364 5559 scrisit
1379 5500 1548 5559 schismatis
1562 5501 1717 5561 imminere
1731 5502 1813 5577 peri-

106 5595 277 5669 Apostolica
299 5598 389 5655 Sedes
408 5600 437 5655 ct
461 5596 593 5653 ltoinaoa
621 5608 690 5651 cum
713 5591 823 5650 ceteris
853 5596 933 5652 tenet
985 5595 1098 5663 culum,
1115 5608 1187 5651 usus
1202 5596 1248 5650 est
1261 5596 1435 5665 temperato.
1450 5594 1477 5648 ti.
1494 5590 1554 5650 Etsi
1568 5590 1691 5665 questio
1705 5592 1767 5651 hoo
1778 5590 1816 5651 ad
