3892 6104
151 295 191 357 θ’(
725 287 989 352 ulssuaatalo
1012 287 1284 351 neotoau‘rlce
1819 291 1862 352 88

158 426 245 485 donis
260 427 333 482 lines
347 425 378 480 in
392 424 551 481 Maximilla
566 423 752 496 posuissent:
770 445 784 473 «
801 423 978 492 eedrursus,
993 421 1172 498 Ᾰπροφῆτις
1202 418 1292 476 οὐκέτι
1321 417 1403 490 ἔστω,
1433 421 1500 486 etc,
1522 421 1652 474 attamen
1673 419 1736 475 llerl
1764 422 1862 493 potuit

154 515 252 588 inquit
267 514 335 587 (57),
359 514 442 586 palos
461 511 629 568 terminales
649 512 739 584 figitis
764 517 830 583 lieo,
852 511 928 568 sicut
943 512 978 567 de
1033 513 1085 580 (et
1098 510 1127 565 id
1143 509 1382 583 frequentissime
1407 506 1540 563 sectariis
1564 507 1680 577 accidit)
1696 512 1728 565 ut
1742 510 1779 566 ab
1795 511 1858 569 hac

156 604 262 678 gratia,
275 603 316 659 ita
327 604 363 660 de
373 599 529 674 disciplina
540 618 548 669 ;
559 601 635 658 sicut
645 600 927 668 decharismatibue,
938 599 979 656 ita
1032 601 1093 654 tam
1110 598 1267 654 manilesta
1282 595 1432 655 mendacia
1442 596 1739 654 animumnoluerint
1754 601 1858 656 adver·

156 694 230 751 etde
253 691 444 756 solemnibus,
470 694 503 745 ut
528 690 649 761 proinde
672 689 768 746 cilicia
791 689 977 757 cessaverint,
1033 690 1103 753 tere,
1120 691 1171 742 aut
1185 684 1858 759 aliamprophetenintallexeriat,quenovam

157 781 409 856 quemadmodum
425 784 454 835 et
469 778 609 835 beneficia
623 779 697 851 ejus.
715 800 729 827 a
1033 779 1062 832 et
1077 775 1276 847 perfectiorem
1298 775 1461 832 doctrinam
1482 791 1515 829 ac
1537 773 1722 847 disciplinam
1740 776 1862 836 invehe-

193 872 259 928 Hec
277 883 392 925 mecum
411 867 548 940 cogitanti
566 868 596 922 in
612 871 739 923 mentem
755 867 835 925 venit
848 884 884 923 an
899 871 979 924 Mon·
1035 867 1077 919 ret
1099 880 1157 935 quo
1171 880 1260 920 sensu
1283 880 1372 920 novoe
1395 863 1450 936 ipsi
1476 879 1506 919 se
1532 864 1776 923 Montanietarum
1805 884 1862 940 pa-

155 957 273 1016 tentetis
288 957 318 1012 in
331 956 429 1012 Airica
439 959 591 1028 perspecta
605 956 705 1010 omnia
715 955 787 1010 l'orte
805 959 980 1023 necassent,
1033 952 1167 1008 triarcha
1209 953 1366 1025 prophetae
1406 955 1624 1024 nuncuparunt,
1669 970 1758 1026 quem
1806 973 1863 1013 no-

156 1064 222 1119 qure
236 1044 399 1101 Maximilla
414 1045 442 1099 in
458 1043 527 1100 Asia
541 1044 659 1100 oracula
674 1043 798 1100 luderet.
811 1044 908 1101 Sedah
927 1046 980 1100 hac
1033 1057 1099 1097 vam
1124 1040 1233 1114 judicio
1253 1059 1306 1097 suo
1330 1040 1507 1096 inchoarunt
1531 1046 1597 1112 poet
1617 1042 1768 1115 Apostolos
1793 1061 1862 1116 pro·

156 1150 203 1194 me
218 1134 394 1206 cogitatione
409 1133 552 1190 revocavit
567 1132 728 1188 l'irmiliani
744 1134 780 1189 ad
803 1133 980 1205 cyprianum
1035 1129 1175 1204 phetiam.
1188 1129 1225 1186 Ut
1245 1129 1345 1200 nteit,
1368 1131 1447 1202 patet
1465 1129 1540 1201 jam,
1572 1133 1653 1202 pute,
1676 1131 1862 1191 Dodwellum

161 1224 366 1298 epistolalh8l,
385 1240 493 1296 exqua
512 1226 635 1290 constat,
656 1221 742 1279 etiam
765 1222 795 1278 in
814 1220 981 1287 Asiaalias
1036 1218 1152 1275 infirmo
1181 1219 1316 1290 {nimium
1357 1218 1410 1274 niti
1446 1218 1577 1289 tibicine,
1616 1236 1684 1276 oum
1722 1223 1863 1279 Actorum

96 1364 98 1368 .
164 1317 232 1387 poet
245 1310 433 1369 Maximillam
448 1310 726 1368 interMontanistae
742 1310 904 1367 surrexisse
919 1327 983 1384 pro
1036 1306 1219 1364 collectorem
1237 1306 1480 1364 Montanisiarum
1501 1307 1566 1362 ideo
1594 1307 1724 1383 catalago
1748 1309 1862 1380 eximit,

152 1388 440 1476 'phetiaeamsnto
458 1401 570 1474 viginti,
584 1400 691 1472 inquit,
703 1400 982 1457 etduosiereannos
1037 1397 1115 1470 quod
1149 1399 1335 1470 Perpetuam,
1378 1399 1444 1468 post
1471 1395 1672 1466 Maximillam,
1701 1398 1864 1471 propheten

159 1491 345 1564 temporibus
357 1494 423 1563 post
437 1489 635 1547 Alexandrum
652 1488 983 1560 imperatorem,multa
1038 1485 1257 1553 existimaverit,
1299 1501 1366 1541 cum
1398 1501 1463 1541 eam
1501 1485 1701 1544 Tertullianus
1743 1503 1864 1560 quaque

162 1579 230 1637 istic
244 1579 475 1636 conflictationes
491 1583 519 1634 et
540 1594 683 1651 pressurae
702 1577 880 1644 acciderunt,
895 1577 939 1634 vel
953 1578 983 1633 in
1038 1574 1189 1648 protessus
1205 1574 1384 1630 montanista
1404 1574 1505 1631 eadem
1528 1573 1591 1631 loco
1615 1592 1648 1631 ac
1670 1590 1792 1634 numera
1812 1577 1865 1634 ha-

163 1684 320 1724 oommune
334 1666 472 1724 omnibus
487 1666 668 1737 bominibus,
687 1665 731 1722 vel
753 1666 889 1739 privatim
905 1666 985 1724 Chri·
1040 1662 1148 1720 buerit.

163 1756 313 1813 etiams...
331 1756 363 1811 ln
379 1754 434 1811 hac
458 1759 556 1811 autem
582 1754 798 1827 perturbatione
818 1755 985 1812 constitutis
1076 1752 1123 1807 VI.
1141 1749 1214 1808 ilino
1229 1755 1339 1823 autem,
1351 1752 1529 1825 uteuperius
1545 1752 1615 1821 dixi,
1630 1753 1793 1827 Basnagiue
1804 1756 1864 1826 pri·

160 1843 347 1900 fidelibus...
366 1843 486 1899 emersit
512 1841 578 1899 istic
603 1842 701 1899 subito
721 1844 855 1914 quadam
871 1843 987 1911 mulier,
1043 1857 1124 1897 mom
1141 1857 1228 1898 suum
1245 1842 1384 1899 adversus
1400 1845 1516 1899 sanctos
1531 1846 1673 1916 martyres
1686 1842 1766 1900 duait
1779 1860 1866 1918 argu·

162 1948 227 2006 qua
242 1932 273 1987 in
288 1931 381 1988 extasi
405 1931 576 2003 constituta,
594 1932 755 2004 propheten
776 1948 807 1988 se
829 1933 988 2005 praeterret,
1016 1974 1019 1979 .
1043 1933 1186 1987 mentum.
1204 1951 1218 1981 a
1234 1931 1432 2001 dectorum,
1444 1931 1551 2002 inquit,
1567 1930 1720 1988 collectore
1741 1949 1810 1990 vero
1822 1933 1867 1990 ei·

162 2024 191 2077 et
201 2020 286 2092 quasi
301 2023 403 2076 sancto
418 2019 554 2092 Spirititu
566 2017 820 2093 plenaeieageret.
832 2020 875 2077 Ita
890 2025 987 2077 autem
1044 2018 1168 2076 millima
1183 2019 1268 2075 nobis
1283 2020 1451 2092 conjectura
1461 2020 1603 2089 nascitur,
1613 2019 1786 2093 Perpetuam
1800 2037 1868 2079 eos-

163 2107 378 2185 prinoipalium,
398 2108 608 2165 demoniorum
637 2109 749 2181 impetu
770 2109 930 2180 serebatur,
957 2114 990 2165 ut
1044 2125 1101 2182 que
1111 2112 1254 2182 martyres
1270 2109 1320 2181 qui
1336 2124 1367 2165 se
1383 2109 1485 2165 mortis
1501 2109 1594 2166 socios
1608 2108 1665 2181 ipsi
1677 2109 1817 2168 addidere
1829 2111 1869 2166 de

165 2197 352 2271 perlongum
367 2202 485 2270 tempus
500 2196 671 2254 sollicitaret
685 2202 714 2254 et
729 2197 875 2270 deciperet
889 2199 990 2255 irater·
1044 2212 1132 2271 grege
1157 2198 1403 2254 montanistarum
1429 2198 1529 2255 luisse.
1545 2198 1636 2255 Nemo
1650 2215 1722 2256 sene
1750 2198 1870 2255 familiae

115 2334 118 2339 ,
167 2285 505 2358 nitatem‚acmirabilia
526 2287 658 2359 quedam
675 2290 888 2358 etportentosa
904 2288 989 2359 perir·
1044 2286 1134 2359 hujus
1158 2285 1368 2343 catholicorum
1391 2288 1459 2343 tcta
1479 2290 1640 2361 martyrum
1655 2285 1713 2344 luci
1728 2288 1869 2358 dedisset,

168 2375 258 2443 ciens,
280 2379 309 2432 et
331 2375 426 2433 facere
446 2392 478 2433 se
507 2380 615 2432 terram
636 2377 744 2431 moveri
759 2374 989 2449 polliceretur....
1044 2391 1119 2448 quos
1133 2379 1234 2448 utpote
1249 2374 1404 2448 Psychioos
1420 2375 1600 2448 contemptui
1615 2376 1770 2433 habebant.
1786 2377 1867 2434 Con-

167 2463 281 2531 Quibus
296 2464 459 2521 mendaciis
475 2468 503 2520 et
514 2463 726 2537 jactationibus
742 2465 898 2539 subegerat
909 2481 990 2520 man·
1046 2468 1105 2521 etat
1118 2465 1219 2534 etiam,
1231 2464 1415 2536 Perpetuam,
1431 2463 1622 2536 Felicitatem,
1638 2465 1776 2522 Saturum
1791 2481 1872 2523 eem-

167 2557 229 2611 tem
249 2551 445 2626 singulorum,
465 2558 498 2609 nt
519 2553 576 2609 sibi
595 2553 747 2609 obedirent
767 2558 796 2610 et
815 2571 990 2627 quocunque
1045 2554 1113 2610 dem
1127 2570 1195 2610 cum
1218 2556 1357 2610 Actorum
1381 2558 1500 2610 auctore
1523 2554 1611 2610 iidem
1626 2553 1766 2627 profiteri,
1788 2562 1819 2611 ut
1834 2571 1872 2612 ex

168 2641 349 2716 preciperet,
374 2658 407 2698 ec
426 2642 554 2713 duceret,
577 2645 770 2715 sequerentur
793 2642 901 2699 laceret
915 2659 990 2715 quo·
1043 2642 1138 2699 verbis
1152 2642 1245 2715 ipsius
1259 2642 1440 2714 exploratum
1451 2646 1514 2699 eet:
1529 2661 1543 2693 e
1561 2643 1596 2698 m
1611 2659 1664 2699 noe
1674 2643 1774 2715 itaque
1787 2646 1870 2716 qaod

166 2746 223 2803 que
239 2731 391 2788 mulierem
409 2731 500 2804 illam,
525 2731 617 2787 cruda
639 2731 746 2802 hieme,
761 2731 850 2788 nudis
866 2732 989 2804 pedibus
1043 2731 1243 2788 aulivimuset
1253 2731 1508 2801 contrectavimus,
1516 2732 1762 2789 annuntiamuset
1772 2732 1871 2801 vobis,

166 2837 218 2893 per
233 2836 352 2893 asperas
367 2821 448 2876 nives
462 2821 505 2877 ira
520 2837 573 2877 nec
588 2821 685 2877 vexari
698 2820 729 2876 in
744 2819 843 2893 aliquo
857 2826 908 2876 aut
923 2821 988 2878 laedi
1041 2818 1147 2878 tratres
1161 2824 1189 2875 et
1204 2818 1296 2888 lilioli,
1321 2823 1353 2874 ut
1375 2822 1404 2876 et
1426 2836 1478 2875 vos
1499 2819 1548 2891 qui
1564 2819 1749 2889 interfuistis,
1765 2837 1866 2878 mme-

166 2907 217 2965 illa
240 2908 442 2978 discursione;
469 2910 577 2966 diceret
601 2911 699 2976 etiam,
715 2925 746 2964 se
767 2909 798 2964 in
813 2910 945 2966 Judeam
960 2915 989 2967 et
1043 2908 1197 2969 moremini
1212 2908 1309 2981 gloria
1332 2908 1463 2965 Domini:
1484 2913 1514 2965 et
1528 2909 1577 2981 qui
1597 2926 1676 2966 nunc
1688 2911 1872 2984 cognoscitis

166 2997 397 3071 Hierosolymam
427 2999 574 3066 festinare,
610 2998 724 3069 lingens
753 3002 893 3070 tanquam
919 2998 988 3055 inde
1042 2999 1499 3073 perauditum,communlenem
1521 2997 1868 3057 habeatiecumsanctis

165 3087 302 3152 venisset,
325 3090 378 3143 etc.
391 3110 403 3136 r
422 3087 487 3142 Hac
502 3087 567 3142 ideo
583 3086 640 3141 lato
657 3086 769 3142 calamo
790 3088 941 3160 exscripsi,
955 3092 988 3143 ut
1042 3088 1259 3162 martyribus.»
1283 3087 1370 3158 Atqui
1386 3086 1523 3144 collector
1542 3090 1680 3144 actorum
1702 3104 1756 3145 suo
1771 3104 1804 3145 so
1820 3089 1871 3145 in-

167 3174 304 3245 quisqois
339 3172 505 3245 intelligat,⁸
524 3190 611 3245 quam
638 3176 770 3246 egregias
799 3175 989 3246 Montanistra,
1007 3161 1029 3229 G
1047 3178 1123 3234 dicio
1134 3176 1344 3233 montanistam
1357 3175 1462 3248 prodit.
1479 3176 1589 3232 Deinde
1603 3176 1802 3235 Tertullianus
1818 3178 1872 3235 Ca-

167 3262 255 3318 etiam
269 3263 298 3316 in
313 3261 392 3329 Asia,
411 3268 476 3335 post
487 3261 676 3317 Maximillam
693 3262 849 3318 habuerint
864 3265 991 3336 prophe·
1045 3265 1161 3322 tholicie
1177 3265 1406 3331 infensissimus,
1418 3265 1607 3338 Montanique
1622 3266 1872 3323 defensoracerri·

168 3353 268 3408 tieeae.
286 3352 361 3408 Sane
377 3352 401 3407 si
415 3357 546 3424 tempora
560 3352 755 3416 convenirent.
772 3353 847 3410 hanc
863 3355 991 3412 omnino
1047 3371 1124 3424 mus,
1141 3354 1256 3425 magnis
1268 3353 1440 3425 Perpetuam
1463 3352 1601 3408 laudibus
1619 3353 1720 3420 allicit,
1744 3354 1869 3426 ejusque

170 3441 266 3513 ipsam
281 3457 346 3497 esee
358 3442 490 3498 crederes
499 3442 698 3512 Maximillam,
715 3443 786 3499 adeo
797 3443 826 3498 in
838 3443 991 3501 illamam·
1046 3443 1208 3501 visionibus
1222 3443 1360 3498 utiturad
1377 3443 1572 3515 pmhandum,
1598 3442 1676 3499 solos
1701 3447 1768 3499 ante
1785 3443 1864 3499 diem

171 3529 222 3585 nia
232 3531 398 3598 concinant,
410 3547 475 3602 que
488 3532 524 3586 de
537 3531 696 3586 Maximilla
706 3549 739 3588 ex
749 3533 864 3589 asterio
876 3533 992 3590 Urbano
1044 3531 1148 3605 judicii
1165 3530 1305 3588 solemnis
1321 3531 1501 3604 martyreain
1517 3530 1622 3587 eoelum
1635 3530 1724 3603 recipi
1738 3547 1744 3586 :
1760 3553 1775 3581 «
1792 3534 1870 3598 Quo·

170 3623 199 3674 et·
213 3617 279 3673 aliis
294 3618 487 3687 scriptoribus
514 3619 658 3674 Eusebius
679 3621 775 3675 reiert.
801 3621 872 3675 Nam
889 3627 993 3693 praeter
1048 3623 1144 3689 modo,
1161 3619 1269 3691 inquit,
1292 3619 1436 3693 Perpetua
1461 3619 1622 3676 fortissima
1643 3623 1765 3692 martyr,
1780 3624 1836 3677 eto.
1854 3642 1868 3670 a

168 3705 232 3776 jam
249 3704 337 3772 dicta,
353 3710 382 3761 et
397 3705 550 3778 utriusque
562 3707 699 3778 spiritum
711 3723 866 3780 coarguere
882 3713 910 3766 et
925 3726 994 3766 con·
1047 3711 1087 3766 Ec
1102 3708 1219 3782 gravius
1234 3709 1263 3763 id
1279 3709 1457 3782 argumenti,
1470 3709 1548 3780 quod
1558 3707 1757 3765 Tertullianus
1767 3713 1796 3765 et
1806 3710 1874 3765 Per-

173 3793 269 3849 lutare
277 3792 553 3866 Catholiciaggresei
562 3801 645 3863 sunt;
658 3799 686 3851 et
696 3795 773 3850 sieut
782 3796 951 3866 Maximilla,
962 3803 995 3854 ut
1047 3802 1141 3871 petua
1156 3803 1321 3854 coetaneus
1332 3803 1362 3854 et
1376 3798 1472 3854 incola
1488 3797 1684 3870 Carthaginis,
1699 3798 1748 3853 ubi
1764 3798 1872 3870 Perpe-

173 3881 214 3938 eit
227 3880 426 3938 Tertullianus
441 3883 520 3955 (59l·
538 3901 596 3939 non
613 3884 703 3940 alium
716 3889 806 3941 Deum
818 3886 995 3958 praedicabat
1048 3891 1100 3944 tua
1118 3887 1208 3943 vitam
1228 3902 1295 3942 cum
1319 3891 1412 3943 morte
1431 3886 1634 3958 commutavit,
1658 3886 1793 3960 ignorare
1814 3903 1874 3942 non

173 3986 228 4027 neo
250 3970 379 4043 aliquam
399 3972 560 4043 »ejusdem
573 3971 747 4029 Tertulliani
769 3975 995 4046 judieio‚«lldei
1049 3976 1176 4048 potuerit
1196 3975 1350 4047 cujusnam
1374 3979 1458 4033 secte
1481 3979 1569 4043 esset,
1593 3976 1653 4032 sive
1682 3974 1788 4031 mulier
1803 3974 1873 4043 illa,

173 4064 226 4116 aut
247 4060 309 4132 spei
331 4059 461 4133 regulam
478 4061 634 4129 evertebat,
651 4085 665 4112 »
681 4062 719 4118 ita
733 4063 800 4133 ista,
817 4088 832 4115 (ι
848 4066 967 4135 multos,
980 4088 995 4116 a
1050 4065 1111 4122 sive
1127 4064 1273 4137 passionis
1285 4065 1350 4135 ejus
1365 4063 1513 4120 collector.
1537 4065 1587 4120 Est
1606 4068 1703 4121 autem
1720 4070 1799 4119 certo
1812 4080 1873 4120 cer-

174 4153 208 4205 ut
222 4153 267 4205 est
286 4148 363 4221 apud
385 4148 598 4221 humiliarum,
624 4150 789 4222 baptizavit,
813 4175 827 4202 a
845 4152 954 4209 usitata
968 4157 997 4209 et
1049 4155 1120 4222 tius,
1136 4153 1349 4209 Tertullianum
1377 4169 1473 4225 neque
1496 4152 1705 4225 psychicorum
1729 4151 1817 4208 alicui
1832 4156 1876 4208 tat

173 4237 306 4311 legitime
320 4238 407 4293 verba
421 4237 658 4311 interrogationis
673 4256 831 4311 usurpans,
848 4245 881 4296 ut
894 4241 935 4296 nil
952 4242 996 4297 di·
1050 4247 1192 4314 tantaque
1215 4242 1360 4314 praeconia
1380 4241 1509 4301 valuisse
1531 4242 1633 4311 tribui,
1658 4242 1753 4297 multo
1776 4245 1875 4298 autem

174 4342 309 4399 screpare
334 4316 373 4383 ¹ab
395 4326 594 4384 ecclesiastica
623 4327 724 4401 regula
746 4329 904 4385 videretur.
925 4352 939 4379 r
964 4331 998 4386 Et
1052 4331 1150 4387 minue
1171 4331 1261 4386 verba
1284 4331 1388 4402 ipsius,
1401 4331 1605 4388 anctoritatem
1622 4329 1823 4404 queadhiberi
1837 4331 1875 4386 ad

175 4415 492 4487 pauloantedeeadem
502 4418 549 4474 85
564 4417 674 4473 semina
687 4417 807 4487 dixerat,
820 4441 833 4468 o
844 4418 997 4475 etlamhoc
1052 4419 1244 4492 probandam,
1262 4435 1350 4490 quam
1367 4419 1548 4488 adstruebat,
1566 4418 1753 4474 sententiam.
1771 4438 1785 4467 >r

177 4503 345 4575 frequenter
360 4522 462 4562 ausam
480 4522 554 4577 esse,
571 4512 604 4562 ut
619 4510 647 4562 et
660 4506 842 4564 invocatione
856 4524 913 4562 non
929 4525 996 4565 con·
1012 4525 1036 4590 [y
1088 4509 1125 4564 Ut
1139 4509 1195 4564 boc
1211 4512 1432 4581 argumentum,
1458 4509 1536 4579 quod
1562 4507 1706 4579 aliquam,
1731 4506 1878 4578 precipuo

176 4592 336 4663 temptibili
352 4594 536 4651 sanctificare
555 4613 586 4651 ee
608 4612 725 4667 panem,
741 4602 769 4653 et
785 4597 997 4653 Eucharistiam
1054 4598 1137 4663 mihi,
1153 4598 1247 4668 primo
1262 4598 1413 4666 adspectu,
1429 4595 1596 4652 molestiam
1618 4611 1716 4651 creare
1735 4610 1822 4666 posse
1835 4593 1877 4649 vi-

177 4681 272 4737 lecere
295 4681 451 4739 simularet
472 4689 500 4739 et
520 4685 695 4741 sacrificium
719 4685 842 4742 Domino
860 4703 918 4742 nan
936 4687 999 4743 sine
1053 4687 1150 4758 detur,
1175 4686 1293 4758 penitus
1317 4684 1477 4757 dissipetur
1495 4689 1584 4756 atque
1605 4687 1761 4751 evertatur,
1777 4682 1878 4755 aliqua

177 4775 360 4828 sacramento
383 4771 474 4827 solita
510 4773 724 4845 predicationis
742 4776 867 4831 ollerret.
892 4797 906 4825 a
932 4779 999 4842 Qua
1053 4775 1206 4833 suntmihi
1222 4774 1707 4839 eircalllantanistasobservanda,
1719 4772 1877 4844 exquibus

179 4859 280 4918 omnia
304 4859 502 4916 montanistici
520 4860 641 4932 spiritus
662 4862 845 4921 characteres
862 4870 943 4936 sunt,
972 4871 1001 4922 et
1054 4883 1113 4922 non
1129 4864 1340 4921 animadversis
1355 4864 1405 4921 se
1421 4879 1537 4919 omnem
1557 4861 1629 4918 illud
1644 4860 1879 4918 verisimilitudi-

179 4948 243 5006 euis
265 4948 459 5021 prophetissis
487 4966 504 5005 a
525 4949 662 5006 Montano
682 4950 773 5008 luisse
788 4953 943 5025 permissa,
963 4955 1000 5010 ab
1054 4970 1122 5010 nem
1137 4953 1228 5008 ducit.
1243 4953 1374 5008 Primum
1389 4950 1460 5008 illud
1478 4953 1527 5018 sit,
1542 4951 1706 5008 Catholicae
1717 4966 1775 5006 non
1787 4949 1879 5006 luisse

180 5039 312 5111 antiquie
327 5037 521 5111 scriptoribus
536 5039 683 5096 memoriae
701 5041 912 5112 proditumest.
929 5042 1001 5099 Con·
1055 5040 1284 5111 elduntanistis,
1301 5041 1350 5113 qui
1371 5057 1429 5097 non
1455 5041 1574 5096 omnino
1599 5039 1775 5111 desiperent,
1796 5043 1830 5094 ut
1851 5053 1877 5094 e.

179 5131 238 5183 slat
251 5126 342 5200 igitur
357 5132 489 5200 proterea
504 5144 561 5183 nan
577 5145 641 5184 esse
655 5128 1001 5201 aliquemeMontanieta·
1055 5148 1084 5206 g.
1107 5149 1124 5187 a
1145 5131 1336 5199 Tertulliano,
1361 5146 1413 5203 pro
1447 5129 1593 5185 hereticis
1623 5128 1816 5185 existimatos.
1847 5126 1877 5182 Id

174 5215 246 5271 'rum
257 5215 387 5290 catalogo
406 5218 643 5289 expungendum,
659 5220 736 5290 quod
755 5219 842 5275 aliam
862 5225 928 5292 post
941 5223 1000 5277 Ma·
1055 5223 1150 5295 primo
1166 5223 1281 5277 constat
1295 5236 1330 5276 ex
1345 5218 1434 5291 hujus
1453 5218 1528 5275 libro
1555 5218 1592 5274 de
1609 5216 1804 5289 Monogamla,
1828 5216 1880 5272 ubi

181 5304 321 5360 simillam
337 5307 488 5378 agnoverit
509 5307 744 5379 prophetissam;
770 5309 1001 5379 quamvisenim
1033 5310 1155 5367 ‚statim
1176 5309 1259 5365 initio
1291 5308 1446 5381 Psychicos
1466 5309 1502 5365 ab
1525 5307 1669 5364 hereticis
1698 5306 1880 5378 distinguit:

180 5392 284 5448 insana
297 5393 359 5449 hac
383 5400 463 5452 vates
482 5396 510 5451 id
540 5397 576 5452 de
591 5414 622 5452 se
633 5397 832 5469 praedicaverit
848 5415 854 5453 :
873 5399 937 5453 Μετ’
953 5397 1001 5472 ἐμὲ
1059 5398 1218 5454 «Haeretici
1234 5397 1355 5468 nuptias
1378 5398 1527 5464 auserunt,
1548 5394 1680 5468 Psychici
1696 5395 1847 5467 ingerunt.
1865 5416 1880 5444 a

217 5536 263 5607 (57
285 5536 353 5608 Cap.
369 5537 534 5621 undecimo.
1090 5542 1147 5615 (59)
1163 5541 1224 5598 Lib.
1241 5541 1275 5598 de
1288 5541 1415 5609 deieratis,
1429 5555 1492 5612 cap.
1509 5540 1537 5598 l.

218 5607 264 5679 (58
291 5606 367 5664 later
381 5612 531 5681 Cypnanrc
546 5625 625 5665 cxxv.
