3892 6104
704 310 921 377 briareus.
1605 316 1667 381 'tte

89 450 142 509 ito
170 452 205 527 τῇ
233 445 377 521 Ιανληοῑο,
394 443 438 503 tat
465 448 516 518 τῆς
542 448 592 503 τοῦ
616 448 684 503 Θεοῦ
711 466 779 523 προ·
794 448 917 527 pindo,
946 450 1009 505 tam
1035 446 1141 521 ingens
1171 461 1314 508 numerus
1343 444 1448 508 divina
1476 449 1666 525 providentie

92 540 185 607 adside
208 560 238 597 τε
262 540 307 595 καὶ
333 536 465 609 πληθύων
480 536 598 613 ἀριθμὸς
615 537 683 611 μετὰ
705 536 781 613 papi·
835 538 929 613 copiis
943 536 1101 612 opulentus
1115 542 1144 596 ct
1159 539 1326 615 abundans,
1343 557 1410 599 cum
1425 542 1571 601 immenso
1582 544 1669 617 atque
1802 586 1819 621 .-

106 630 295 707 coaptantem
320 624 400 697 laod,
415 624 469 681 ἀπὸ
490 630 541 695 τῆς
563 621 693 695 τοιαύτης
713 624 781 681 ἀπο·
834 628 1044 687 innumerabili
1060 629 1178 702 populo,
1202 631 1238 687 ab
1262 630 1436 705 hujusmodi
1465 631 1670 706 desperatione
1773 670 1776 675 -

107 738 138 775 το
173 718 218 774 καὶ
257 714 465 793 ἀπαγορεύσεως
498 712 622 789 ἐνέτρεψε
648 716 705 789 (53)
736 714 782 769 aad
836 720 865 775 et
893 718 1016 776 audacia
1041 733 1110 775 enm
1135 718 1286 794 deterruit,
1314 724 1343 777 et
1372 722 1409 779 ad
1439 722 1597 781 Ecclesiam
1622 736 1669 781 re·
1794 726 1798 733 '

89 828 134 865 ιτο
149 806 189 872 al<
205 808 256 877 τὴν
271 803 446 875 Ἐκκλησίαν.
838 808 962 865 vocavit.

89 912 152 981 ιῦθις
169 917 229 989 μεθ’
242 911 320 991 ἔτερα
333 912 441 977 τούτοις
457 910 622 989 προστίθησι
636 913 729 967 ταῦτα·
959 916 1079 973 Rttrtttm
1089 922 1115 973 el
1130 914 1197 973 aliis
1212 917 1365 989 interjectis
1378 917 1439 977 itte
1452 918 1549 980 addit:

89 1044 117 1100 pa
140 1020 174 1093 δὴ
199 1022 261 1093 ἑξῆς
288 1018 419 1095 εἴπωμεν,
434 1019 504 1075 τίσιν
520 1017 642 1096 ἔργοιςῆ
658 1016 712 1074 τίοι
732 1037 785 1072 πο·
874 1021 921 1077 iv.
937 1020 1080 1095 Agedum,
1094 1038 1275 1097 exponamus
1289 1026 1440 1100 deinceps,
1454 1026 1560 1101 quibus
1575 1026 1670 1101 opert·

112 1110 298 1189 τεοαρῥηκὼς,
337 1110 502 1181 ἀντεποιήθη
538 1114 588 1179 τῆς
620 1105 783 1177 ἐπισκοπῆς·
839 1108 896 1166 hus
909 1110 1053 1183 quibusve
1073 1110 1138 1169 vitas
1163 1114 1310 1171 institutis
1332 1115 1535 1190 episcopatum
1559 1116 1671 1174 ambire
1787 1118 1791 1123 '

89 1196 132 1257 iul
151 1200 183 1257 τὸ
206 1200 233 1272 ἐξ
254 1200 346 1276 ἀρχῆς
370 1198 396 1255 ἂν
417 1202 451 1273 τῇ
474 1195 623 1270 Ἐκκλησία
645 1198 702 1271 (5-1)
727 1196 785 1251 ἀνε-
839 1214 931 1256 ausus
945 1199 993 1256 sit.
1010 1198 1088 1257 Num
1104 1206 1257 1275 propterea
1272 1204 1350 1277 quod
1365 1205 1402 1261 ab
1419 1204 1505 1262 initio
1530 1204 1621 1262 vitam
1642 1204 1674 1263 in
1792 1190 1797 1197 ¹

93 1290 161 1363 ,καὶ
188 1287 316 1351 πολλοὺς
345 1288 450 1365 ἀγῶνας
481 1288 548 1365 ὑπὲρ
578 1286 661 1356 αὐτῆς
685 1284 785 1361 dpati-
840 1287 968 1346 Ecclesia
983 1289 1121 1363 exegerit,
1138 1294 1166 1349 et
1181 1291 1274 1349 multa
1290 1309 1341 1366 pro
1358 1293 1422 1367 ipsa
1433 1294 1675 1353 certamioasub-

89 1381 133 1453 15),
148 1377 193 1434 aei
224 1377 250 1432 io
280 1375 416 1442 κινδύνοις
443 1374 678 1439 antistarent
703 1376 785 1453 papi·
839 1376 915 1447 ierit,
932 1378 1064 1452 atquein
1081 1378 1183 1437 multis
1199 1382 1374 1457 magnisque
1399 1382 1539 1457 perieulis
1560 1380 1678 1458 religio·

89 1488 129 1525 tace
164 1469 215 1537 τῆς
249 1460 401 1530 decredetur<
438 1465 596 1543 *fe-scutram
624 1463 705 1521 Ἀλλ’
736 1463 786 1521 οὐκ
839 1466 886 1525 nis
902 1468 1116 1527 consufuerit?
1140 1468 1260 1529 Minime
1284 1486 1371 1530 vero:
1401 1471 1513 1547 quippe
1533 1472 1581 1531 etti
1605 1471 1675 1531 [idel

89 1577 150 1635 ,γε
177 1556 289 1635 ἀφορμὴ
326 1554 375 1612 τοῦ
420 1560 559 1613 πιστεῦσαι
589 1556 646 1631 (56)
673 1554 784 1633 γέγονεν
840 1555 1036 1630 suscipiendae
1053 1558 1675 1638 occasioiuitSatanasinillumingressus,

681 1672 848 1738 lariorum
876 1678 971 1737 notae.

89 1782 139 1839 loir
159 1782 216 1857 ιψο.
232 1782 319 1855 dqud
342 1782 500 1857 Georgium
528 1780 697 1856 syncellum
719 1779 791 1855 iegi-
805 1786 830 1854 Β
845 1803 860 1833 «
876 1782 1026 1848 Quantum
1039 1782 1122 1840 vobis
1138 1783 1312 1858 dignitatem
1327 1786 1458 1845 conterat
1472 1788 1625 1859 Dominus,
1636 1786 1675 1845 ab

89 1800 177 1931 rpassa,
192 1854 292 1914 minus
306 1859 393 1913 recto.
409 1855 504 1913 Codex
527 1855 596 1911 dua.
617 1854 706 1912 habet
728 1852 787 1909 dvi·
845 1854 947 1912 ordine
962 1854 1242 1914 eaoeehumencrum
1265 1859 1301 1915 nd
1317 1859 1451 1916 ordinem
1475 1858 1607 1918 lidelium
1621 1874 1673 1918 voe

89 1928 173 1985 pras.
841 1926 1031 1985 transferens.
1048 1949 1063 1977 u
1078 1928 1218 1993 Quocirca
1233 1946 1290 1987 non
1307 1932 1448 2002 probatur
1471 1930 1672 2005 interpretatio

89 1996 167 2057 ’.Διὰ
189 1996 220 2053 τὸ
249 1995 276 2067 ἐξ
302 1994 392 2073 ἀρχῆς
422 1995 448 2053 ἐν
476 2000 511 2071 τῇ
542 1994 702 2083 Ἐκκλησία,
730 1999 786 2054 eto.
841 1997 1170 2069 Valesii,locumhunc
1198 2000 1242 2059 sio
1272 2002 1373 2060 Latine
1402 2001 1561 2075 reddentis,
1591 2000 1675 2061 «dut

93 2069 353 2143 Ecclesiuperinde
368 2074 515 2153 astatque
530 2069 561 2126 in
577 2070 710 2127 Ecclesiae
731 2068 789 2125 mi·
843 2086 965 2127 eausam
981 2075 1068 2145 atque
1084 2071 1201 2129 initium
1226 2074 1364 2130 credendi
1389 2074 1514 2160 praebuit
1535 2075 1673 2145 Satanas,

105 2140 163 2202 Neo
177 2142 257 2200 aliud
279 2159 383 2199 sonoro
407 2141 480 2199 milit
505 2142 620 2199 videtur
642 2142 676 2199 ob
695 2142 788 2209 initio,
844 2142 900 2199 nisi
917 2145 982 2214 post
994 2144 1116 2200 verbum
1130 2144 1260 2202 credendi
1274 2146 1482 2216 subaudiatur,
1499 2146 1602 2203 aalide
1633 2162 1676 2203 uae
1808 2204 1813 2217 ,

89 2216 233 2273 >ineunte
246 2218 374 2271 aetateet
394 2213 581 2271 abiniantia.
603 2214 643 2269 ila
669 2213 789 2285 quidem
844 2214 1013 2272 credentem
1027 2215 1144 2273 ildeiam
1160 2216 1339 2274 denominat.
1355 2217 1489 2275 Forsitan
1513 2217 1593 2275 enim
1644 2234 1676 2275 o·
1739 2264 1744 2278 .

89 2302 112 2345 te
126 2288 277 2345 obtinebat
291 2286 457 2358 disciplina,
473 2303 533 2358 qua
544 2285 564 2341 ii
575 2285 625 2367 qui
638 2285 789 2367 inclerum
842 2286 1054 2415 vatianusAEam
1067 2291 1129 2344 tum
1142 2288 1217 2346 inter
1227 2291 1465 2357 catechumenos,
1476 2288 1606 2362 adeoque
1616 2306 1674 2347 nnn

89 2358 288 2431 adiurantes,
305 2362 337 2414 ut
360 2358 491 2429 loquitur
515 2356 637 2415 Siricrus
661 2356 750 2430 Epist.
768 2372 788 2427 ι,
844 2359 908 2415 sine
929 2374 978 2414 ore
999 2360 1068 2415 endi
1093 2360 1186 2432 initio,
1216 2363 1396 2419 constitutus
1422 2366 1494 2419 erat.
1525 2360 1675 2419 Cornelius

91 2430 226 2488 Ecclesia
237 2446 338 2487 vovere
348 2430 498 2502 obsequiis
507 2433 542 2487 ab
553 2428 679 2486 lniantia
697 2445 761 2497 sua,
775 2450 790 2480 ν
845 2434 922 2487 certa
941 2431 1027 2487 verbo
1054 2434 1104 2485 τοῦ
1131 2434 1272 2486 πιστεῦσαι
1300 2434 1482 2517 baptismum
1511 2432 1674 2492 intellexit:
1781 2454 1785 2461 ·

89 2502 196 2575 lipsum
210 2503 345 2559 Zosimus
373 2502 465 2575 Epist.
488 2519 528 2568 nr,
544 2519 573 2558 n.
592 2504 620 2568 5,
645 2502 789 2571 enuntiat,
845 2503 896 2558 aed
910 2504 959 2555 τοῦ
976 2501 1152 2576 βαπτισθῆναι
1168 2505 1303 2562 consulto
1319 2511 1427 2565 vitasse
1454 2505 1581 2575 videtur,
1607 2505 1677 2578 quia

89 2573 375 2633 tntiaecclesiasticis
386 2572 559 2630 ministeriis
570 2589 676 2630 nomon
687 2574 790 2641 dare»
845 2573 1024 2631 Novatianus
1039 2590 1091 2647 per
1104 2574 1247 2650 περίχοοιν
1264 2578 1318 2634 hoc
1341 2582 1387 2635 est
1401 2594 1453 2651 per
1474 2578 1676 2651 aspersionem

89 2664 112 2703 tr
125 2664 228 2705 amnes
242 2646 311 2703 clari
327 2647 436 2720 gradus
451 2647 653 2727 episcopatum
675 2660 790 2718 prome·
845 2662 897 2702 seu
914 2645 1111 2717 perfusionem
1120 2652 1264 2774 t§utraque
1287 2649 1366 2705 euim
1394 2666 1449 2705 vox
1476 2648 1621 2723 Cypriane
1645 2649 1675 2705 iu

89 2720 179 2776 ebant.
194 2719 334 2784 Quocirca
353 2721 391 2791 Cy
414 2717 513 2774 rianus
539 2717 569 2773 in
594 2717 723 2789 Epistola
744 2732 791 2772 se·
846 2715 975 2789 lipistola
990 2734 1117 2783 xxxvto
1152 2722 1291 2793 Magnum
1304 2736 1467 2795 synonymo
1481 2723 1548 2793 est),
1565 2720 1619 2778 hoo
1630 2737 1677 2778 se·

89 2808 112 2847 x.
125 2794 155 2857 7,
170 2790 287 2846 etiamsi
302 2736 469 2872 CorneYium
484 2787 690 2872 ecclesiasticis
704 2787 792 2845 uiini·
846 2793 1031 2871 cramentum
1045 2796 1226 2862 susceperat·
1239 2790 1345 2851 Gousr.
1355 2822 1392 2834 -
1408 2792 1590 2883 Nieqplrcrus
1609 2808 1677 2849 vero

89 2862 208 2919 adicitis
220 2878 271 2919 seu
287 2862 323 2917 ab
339 2862 462 2918 rniarrtra
481 2878 587 2917 nomen
602 2861 718 2918 dedisse
733 2876 791 2916 non
846 2860 933 2919 verba
948 2866 988 2918 ita
1000 2862 1179 2949 rapappite,
1195 2860 1248 2919 lib.
1262 2878 1303 2937 vr,
1315 2878 1381 2937 sap.
1397 2864 1433 2918 3:
1460 2882 1484 2930 ῳ
1511 2860 1556 2917 νο)
1576 2860 1608 2916 τὸ
1637 2860 1677 2925 at<

89 2933 373 3000 lioot‚hineta1nen
402 2950 471 2990 eum
495 2934 692 3004 commendat,
713 2932 791 3005 quod
846 2929 961 3024 liprcrdr
990 2952 1129 2988 πιοτινααι
1161 2930 1292 3013 πρόφασις
1319 2932 1336 2989 d
1364 2937 1483 2995 Σατανᾶς
1515 2932 1549 3003 ἦν
1578 2930 1674 3005 iuraq-

89 3005 206 3078 lapisco
229 3010 310 3061 atum
320 3004 418 3062 subito
430 3006 626 3078 pervenit.sed
639 3004 793 3076 peremnia
846 3024 933 3065 νωοας
950 3001 1032 3075 αὐτῷ.
1048 3007 1145 3093 Atque
1159 3004 1267 3078 opponi
1282 3004 1397 3064 videtur
1407 3006 1468 3061 baso
1478 3008 1579 3062 seruet
1589 3004 1675 3079 quasi

89 3078 194 3135 stieao
230 3078 446 3149 ciapromotus,
462 3078 531 3133 etin
550 3076 656 3132 divinis
670 3076 794 3133 admini·
847 3076 1127 3149 coactoildesrqre}
1158 3075 1247 3154 ἀρχῆς
1272 3072 1298 3132 ἐν
1324 3080 1360 3152 τῇ
1385 3074 1532 3147 Ἐκκλησία
1550 3074 1679 3151 coempti·
1756 3076 1766 3085 ’

89 3148 449 3222 ribusltsumprorucritus,
460 3150 496 3205 ad
507 3147 794 3205 sacerdotiisublime
854 3148 930 3226 pilai.
947 3148 1058 3205 licerii.

92 3238 123 3277 m
138 3222 252 3278 cunctis
285 3221 434 3294 religionis
458 3221 599 3293 gradibus
623 3220 764 3277 ascendit.
781 3242 797 3271 ν
889 3218 1003 3277 christo
1025 3220 1167 3277 hereneus
1181 3220 1241 3277 haec
1256 3220 1358 3279 Latine
1376 3220 1418 3278 ita
1435 3217 1608 3278 reddiditta
1622 3217 1680 3287 Qut

89 3309 133 3349 ;ur
146 3294 298 3365 quaeritur,
314 3311 351 3349 an
366 3292 514 3349 similibus
542 3291 656 3349 meritis
677 3296 800 3348 ornatus
855 3291 974 3365 quidem
986 3237 1036 3349 afli
1045 3293 1255 3349 exorcistarum
1267 3293 1413 3367 prasidio,
1423 3293 1528 3365 spiritu
1540 3290 1590 3347 illo
1602 3290 1680 3349 malo

89 3364 224 3433 etienus;
239 3368 268 3420 et
286 3381 321 3421 ea
349 3364 392 3420 illi
416 3364 544 3421 det'uisse
572 3365 799 3421 demonstratur.
855 3368 932 3421 esset
946 3362 1097 3435 liberatus,
1114 3368 1224 3448 etpost
1239 3365 1268 3420 in
1284 3369 1344 3422 tam
1359 3380 1478 3438 gravem
1496 3363 1680 3421 morbum...-

89 3454 134 3493 rrr.
149 3467 185 3479 -
199 3436 230 3493 Si
244 3452 280 3493 ex
293 3436 419 3495 ethnicis
434 3436 604 3508 parentibus
627 3440 725 3493 ortum
748 3435 801 3491 ha·
855 3435 1018 3493 incidisset.
1035 3458 1049 3487 ν
1066 3436 1122 3492 Sed
1137 3453 1161 3492 si
1177 3435 1355 3495 Novatianus
1371 3440 1439 3493 unte
1453 3436 1532 3493 hune
1543 3436 1680 3493 morbum

89 3506 271 3578 iocationes,
287 3509 365 3581 quod
381 3508 499 3579 quidem
514 3524 549 3564 ex
562 3506 799 3574 (tornelliverbis,
855 3506 991 3579 espiritu
1005 3506 1082 3564 malo
1098 3507 1201 3564 luisset
1216 3507 1367 3578 liberatus,
1379 3523 1567 3592 nequaquam
1582 3506 1681 3565 dioen÷

97 3582 149 3635 τοῦ
169 3582 309 3633 πιστεῦσαι
331 3577 448 3652 γέγονεν,
479 3578 574 3652 inagis
603 3578 800 3653 colligendum
854 3578 1174 3636 dusessetitatnnusei
1194 3580 1335 3653 baptismi
1359 3579 1539 3654 suscipiendi
1561 3594 1682 3637 oausam

88 3696 96 3723 ,
112 3650 196 3713 illud.
212 3676 227 3703 ο
243 3652 279 3708 ab
295 3652 378 3707 initio
401 3652 432 3707 in
460 3651 590 3708 Ecclesia
618 3651 738 3719 versari,
764 3650 800 3706 de
855 3649 1025 3723 prebuisse.
1040 3652 1148 3707 iisdem
1164 3651 1289 3708 Cornelii
1304 3652 1392 3708 verba
1406 3652 1448 3708 sic
1464 3652 1588 3708 liulinus
1616 3667 1682 3735 per·

89 3738 146 3781 one
158 3723 432 3793 cujusvissteneris
442 3722 570 3794 usquein
583 3722 801 3778 Ecclesiacom·
855 3720 992 3792 stringit:
1012 3743 1026 3777 r
1041 3724 1131 3778 Addit
1145 3727 1243 3779 autam
1260 3722 1349 3780 etiam
1364 3722 1430 3790 hoc,
1442 3723 1519 3795 quod
1531 3722 1683 3795 idemipse

89 3812 113 3851 ιο
126 3794 310 3867 interpretati
327 3794 437 3851 inalim.
454 3795 489 3850 lit
503 3810 674 3867 quanquam
684 3797 800 3850 contra·
854 3796 983 3851 Neruius
998 3793 1062 3866 (leq.
1080 3793 1270 3865 Novatianus)
1285 3795 1474 3867 injuventute
1496 3794 1602 3866 spiritu
1624 3794 1681 3851 im·

89 3864 201 3933 ridebis,
218 3866 254 3922 de
267 3883 337 3924 roco
351 3868 490 3920 arrestari
506 3866 690 3923 annotaverit
697 3864 800 3925 statim
855 3866 967 3922 mundo
982 3870 1101 3922 vexatus
1116 3866 1173 3935 sit;
1191 3870 1220 3923 et
1234 3883 1302 3924 cum
1330 3870 1448 3940 tempus
1471 3865 1590 3937 aliquod
1612 3880 1682 3923 cou-

89 3935 265 4006 nustantius,
293 3938 373 3995 verbi
398 3942 495 3996 tamen
522 3937 686 4009 simplicior
711 3938 800 4009 atque
855 3936 1032 4009 sumpsisset
1041 3938 1119 4010 apud
1129 3938 1298 4007 exorcistas,
1310 3938 1515 4012 egritudinem
1527 3934 1684 3993 incurrerit

89 4009 456 4081 rrscnsusmihiquidam
472 4008 702 4083 magisurridet,
721 4013 802 4065 ntea
855 4010 1086 4081 grarern,itaut
1112 4011 1358 4083 desperaretur.»
1387 4009 1468 4067 Unde
1492 4010 1685 4065 oonllrmatur

95 4082 134 4139 ab
148 4082 299 4139 exorcistis
311 4081 368 4139 sibi
383 4083 452 4139 dato
463 4081 645 4139 occasionem
659 4082 800 4137 iidsiam-
854 4078 930 4153 quod
946 4080 1084 4152 superius
1098 4083 1348 4153 conjectabamus,
1377 4079 1535 4139 Novaiisno
1559 4078 1682 4151 scilicet,

89 4154 311 4241 desumpsisse
329 4152 506 4211 Novatianus
521 4158 676 4211 statuatur.
688 4153 799 4210 llourn.
855 4152 1042 4279 fisi⁰³.q.¹¹i¹m
1053 4153 1234 4225 baptismum
1250 4154 1420 4235 susciperet,
1437 4152 1557 4226 aliquod
1577 4150 1682 4209 saltem

92 4224 173 4301 ‘trip
201 4231 284 4294 αοτῆς
312 4222 504 4300 ἀγωνίσασθαι.
529 4224 594 4300 lispl
618 4222 713 4293 αὐτῆς,
742 4242 800 4281 rus.
877 4223 921 4279 dei
938 4230 1057 4282 initium
1073 4241 1131 4280 non
1147 4224 1284 4281 doluisse.
1300 4225 1375 4291 Quid
1399 4224 1478 4280 enim
1501 4223 1579 4296 apud
1597 4238 1682 4280 exor-

89 4293 270 4371 .i,pnuiattar‚
301 4314 356 4354 ms.
384 4296 464 4353 eote.
495 4299 524 4354 et
550 4295 693 4372 ἠγωνῑοοι,
722 4312 802 4353 men·
855 4295 943 4352 cistas
954 4299 1053 4369 ageret
1067 4296 1148 4353 omni
1162 4299 1220 4353 lida
1234 4296 1411 4353 destitutus?
1421 4295 1453 4352 ld
1463 4294 1490 4352 el
1502 4295 1576 4353 iorte
1586 4294 1681 4353 contl-

89 4368 208 4441 aneti,
223 4368 275 4442 qui
289 4374 319 4426 et
334 4369 420 4442 paulo
436 4371 503 4425 ante
526 4367 722 4446 ἀναστραφῆναι
748 4384 800 4442 pro
855 4368 907 4441 git,
923 4368 1001 4440 quod
1016 4368 1178 4441 Cyprianus
1193 4372 1277 4425 aetate
1290 4384 1345 4424 sua
1359 4383 1429 4451 erga
1442 4366 1577 4424 homines
1587 4366 1629 4424 illi
1644 4366 1683 4425 si·

89 4451 154 4519 pena
182 4442 281 4510 habet,
310 4441 361 4498 ubi
401 4439 597 4519 ἀνατετράφθαι
634 4441 677 4498 ed.
721 4439 801 4498 Gene-
857 4440 939 4496 miles
954 4439 1001 4513 agi
1017 4446 1047 4495 st
1060 4441 1229 4513 contingere
1244 4438 1337 4497 solers
1352 4443 1438 4511 epist.
1468 4456 1551 4496 nxxvr
1572 4438 1608 4496 ad
1626 4437 1683 4497 ilc·

89 4518 173 4585 'erqo
188 4513 299 4570 soora.
820 4542 845 4609 D
860 4528 947 4581 qaum
960 4514 1095 4577 testatur,
1111 4534 1126 4561 ν
1144 4516 1176 4569 ut
1191 4527 1242 4584 per
1256 4510 1414 4569 exorcistas
1429 4526 1498 4568 voce
1512 4511 1687 4569 humanust

90 4584 219 4660 ’Apopprl
246 4587 296 4639 aad
327 4584 478 4639 πιστεῦσαι.
504 4582 583 4639 Fidei
609 4582 801 4655 suscipiendae.
861 4587 1004 4655 potestate
1018 4582 1117 4639 diviua
1131 4583 1294 4655 flagelletur
1307 4588 1337 4639 et
1351 4585 1456 4640 uratur
1470 4587 1500 4641 et
1515 4586 1687 4656 torqueatur

89 4655 173 4713 ilicet
187 4656 265 4726 fidei,
283 4672 347 4728 que
360 4655 573 4727 suscipientem
587 4655 723 4727 deinceps
736 4654 804 4725 fide·
858 4654 1004 4722 diabolus,
1021 4658 1050 4710 et
1063 4670 1130 4711 cum
1146 4655 1224 4712 exiro
1238 4670 1270 4711 sa
1285 4660 1314 4711 ei
1328 4654 1464 4712 homines
1475 4656 1527 4713 Dei
1541 4654 1688 4711 dimittere

89 4726 220 4785 inminet.
235 4728 301 4784 Hac
316 4733 414 4784 autom
429 4725 595 4799 appellatio,
611 4728 636 4783 si
655 4725 805 4798 lerosoly-
859 4742 935 4799 sape
950 4724 1028 4783 dicut
1042 4726 1072 4782 in
1085 4742 1119 4783 eo
1135 4727 1213 4799 quod
1228 4726 1331 4784 dixerit
1345 4726 1428 4785 tollat
1439 4744 1446 4799 ;
1459 4749 1474 4779 ν
1486 4726 1609 4800 ideoque
1624 4724 1688 4783 ruit

89 4800 237 4857 ¹licclesire
251 4817 285 4856 ae
295 4800 369 4856 iorte
380 4815 541 4871 paucarum
553 4798 679 4856 aliarum
691 4813 803 4854 morem
858 4796 907 4854 ille
942 4796 1040 4868 rasul,
1059 4798 1283 4871 autsialiquis
1306 4799 1337 4855 in
1363 4798 1414 4856 illo
1439 4803 1573 4857 movetur
1607 4796 1687 4883 quod

89 4869 189 4953 solim
205 4842 278 4929 sciis
293 4872 440 4943 baptismo
469 4870 595 4953 initiatis
617 4869 804 4942 impertiebe·
858 4814 980 4953 quidam
1009 4868 1045 4927 de
1072 4868 1120 4953 iis,
1149 4869 1198 4942 qul
1225 4869 1294 4943 egri
1318 4869 1516 4943 baptizantur.
1533 4842 1687 4951 spiri-tilius

92 4942 101 4998 1
115 4959 196 5000 enim
211 4949 297 4999 antea
306 4943 518 5008 catechumeni,
529 4938 625 5009 electi,
637 4946 803 5014 competen·
859 4941 955 4997 adhue
971 4944 1133 4998 immundis
1147 4947 1300 5009 testantur,
1317 4944 1390 5000 sciui
1405 4943 1515 5001 diaboii
1525 4947 1687 5014 nequitiam

89 5016 294 5087 turpabantur,
311 5020 374 5071 tum
385 5016 514 5085 primum
530 5013 633 5083 fideles,
644 5012 803 5070 cumtincti
860 5013 1040 5139 pertinacem
1056 5030 1150 5086 usquo
1165 5015 1201 5071 nd
1216 5030 1322 5085 aquam
1347 5015 1505 5071 salutarem
1527 5012 1632 5080 valere,
1657 5012 1687 5065 in

89 5124 92 5141 .
105 5089 272 5159 nuncupari
287 5086 429 5143 solebant.
447 5086 519 5141 llinc
530 5084 562 5143 in
577 5085 699 5142 concilio
714 5084 806 5140 lilibe·
880 5085 1006 5156 aptiemo
1022 5102 1089 5141 vcro
1102 5102 1189 5143 omne
1199 5086 1335 5158 nequitia
1350 5104 1410 5143 suae
1421 5086 1501 5141 virus
1516 5084 1659 5139 omittere.
1673 5102 1687 5129 u

95 5159 315 5224 mademarius,
344 5157 403 5213 imo
433 5162 462 5212 et
489 5156 674 5225 ditrlatioaus,
695 5155 806 5226 nfideli
859 5156 984 5229 Moxque
1000 5156 1161 5215 addiditra
1177 5158 1237 5214 lloe
1252 5156 1378 5229 denique
1393 5155 1481 5213 rebus
1495 5151 1688 5237 ipsisexperi·

89 5229 180 5287 uitur.
196 5230 229 5287 ln
243 5246 277 5286 eo
293 5229 413 5302 quippe,
428 5232 462 5284 ut
475 5245 511 5285 ex
525 5245 590 5284 con.
605 5228 642 5285 15
655 5232 684 5285 st
696 5228 732 5283 59
751 5242 806 5301 ap-
860 5245 937 5296 mur,
955 5229 1170 5286 utnecessitaie
1181 5232 1301 5303 urgente
1311 5228 1342 5283 in
1354 5226 1527 5300 egritudine
1537 5226 1575 5283 ba
1597 5222 1688 5292 tincti,

89 5316 154 5359 cum
171 5302 383 5359 catechumeno
399 5300 487 5356 simul
503 5305 531 5357 at
546 5301 806 5357 tinetoocmmune
860 5303 889 5356 et
903 5300 1027 5374 gratiam
1039 5301 1199 5362 consecuti.
1213 5303 1331 5355 careant
1347 5297 1553 5371 immundospi
1617 5310 1688 5369 ,quo

89 5374 192 5430 1111οηί
209 5391 336 5440 nomen;
371 5374 422 5429 sed
451 5370 607 5444 appellatio
631 5372 723 5444 fidelis
750 5369 806 5427 soli
860 5372 1155 5428 sntcamorebantur.
1167 5393 1181 5421 ν
1195 5370 1276 5427 Unde
1287 5369 1475 5443 perspicuum
1519 5368 1687 5438 tiisoiinrn,

89 5446 232 5519 rompetit.
248 5444 374 5519 Cyrillus
387 5460 454 5499 vero
468 5444 561 5501 Jeros.
571 5443 639 5500 licet
650 5444 703 5500 hcc
713 5442 806 5514 fidelis
860 5443 911 5515 qui
927 5461 945 5499 e
959 5441 1113 5515 spiritibus
1126 5440 1291 5500 immundis
1306 5386 1688 5523 vexabanturfflnptismurn

102 5516 193 5573 eiiam
208 5517 309 5574 electis
324 5516 445 5599 tribuat,
461 5514 531 5598 quia
545 5514 678 5573 videlicet
692 5514 722 5570 bi
742 5515 806 5585 jam
860 5514 951 5571 luisse
961 5514 1173 5584 collatum,nec
1184 5512 1360 5587 opusioisse
1372 5517 1403 5568 ut
1413 5515 1449 5570 ab
1464 5512 1500 5569 iia
1519 5512 1602 5586 prins
1616 5510 1689 5567 libe·

89 5588 117 5645 ni
133 5588 286 5646 solemniis
302 5586 695 5659 initiariincipiebant‚illud
707 5591 806 5643 tumen
861 5590 1005 5652 rorantur,
1023 5582 1690 5713 qiramtrocsacramentumgpreipemnt.lloc
1758 5636 1763 5645 ,

1459 5698 1467 5723 2

100 5659 340 5717 acatuelrumeni
354 5657 494 5715 vocabulo
520 5657 622 5717 sedulo
638 5657 805 5733 distinguit.
860 5658 960 5731 ipsum
975 5660 1005 5713 et
1018 5655 1197 5717 illiberitano
1205 5656 1337 5734 synodus
1348 5672 1413 5714 can.
1479 5650 1631 5714 annitituit
1641 5652 1689 5709 iris

89 5732 187 5793 own.
201 5734 270 5800 1,u.
298 5732 325 5805 1,
354 5731 405 5803 ait,
434 5732 555 5789 «Αοῐοο
578 5728 808 5799 catechumenus
860 5728 1072 5788 verbistalics
1087 5726 1708 5812 quiattnmuattaaptrtttaaspeaantma

92 5820 151 5867 una
178 5803 276 5871 tidelis
294 5804 447 5869 vocabere.
462 5824 478 5859 ν
496 5801 533 5865 lit
557 5798 675 5865 Gateoli.
690 5810 764 5879 qn.
779 5798 807 5865 t.
861 5800 889 5861 si
901 5800 934 5865 in
947 5800 1006 5865 tine
1019 5806 1127 5865 mortu
1139 5800 1257 5867 insunt
1281 5800 1459 5879 constituti,
1474 5792 1638 5877 napinam
1647 5790 1734 5865 rw.
