3892 6104
128 309 187 368 tea
848 308 1120 372 nlssnnrn'llo.
1777 313 1838 373 498

129 437 994 512 dtsntemifficrimenuonast,quidpersequerisiuno·A
1044 440 1126 496 ltine
1152 441 1350 498 certissimum
1390 440 1568 514 integritatis
1603 445 1632 498 et
1662 443 1834 501 innocentie

127 527 264 588 mummi
285 529 427 603 Torqaeri
456 529 534 586 euim
565 529 719 600 debui‚·si
747 546 896 603 negarem,
927 532 952 587 si
1006 529 1238 587 Christianorum
1256 530 1396 586 indicium
1415 531 1835 606 erat,quodsitautatlsgitia

127 621 340 694 penamtuam
357 623 503 686 metuens,
518 617 548 673 id
574 619 652 691 quod
681 618 763 692 prius
787 619 954 688 fueram,et
1007 619 1207 686 admisissent,
1221 619 1335 692 aliquos
1346 618 1447 675 saltem
1460 619 1730 693 eorumaliquando
1744 625 1834 695 pmni·

128 708 199 783 qaod
213 706 288 763 deos
304 710 372 763 tnos
387 723 445 764 non
465 705 625 775 colueram,
655 707 807 764 mendacio
835 707 953 765 fallente
1006 707 1121 776 luisset,
1139 712 1191 765 aut
1206 707 1376 764 timuissent
1391 725 1491 781 poenas
1504 708 1679 766 criminibus
1693 710 1755 767 suis
1781 712 1831 768 de-

130 797 260 866 celarem,
277 800 350 853 tnnc
369 797 446 854 488
470 797 651 869 torquendus
677 796 811 868 inissem,
827 800 897 854 tuno
915 798 952 853 ad
1007 797 1083 853 bites
1112 797 1201 868 luere,
1231 802 1282 853 aut
1314 797 1648 854 tandemerubuissant
1683 815 1790 856 nomen
1807 802 1833 857 ei

129 885 340 944 malcesionem
356 885 488 943 criminis
502 885 528 941 vi
545 885 655 942 doloris
675 884 848 959 adigendus,
875 887 953 944 sicut
1007 883 1122 940 dedisse
1138 884 1284 957 religioni,
1300 886 1414 956 quaed
1431 883 1482 940 illa
1497 886 1692 958 perpetranda
1705 889 1833 960 compal·

131 975 285 1032 incaeteris
299 975 510 1047 questionibus
528 978 703 1048 torquentur
717 976 770 1043 rei,
786 974 837 1048 qni
852 991 884 1031 aa
900 991 952 1032 ne·
1007 973 1096 1030 lebat.
1116 994 1128 1023 s
1144 974 1232 1047 Atqui
1248 973 1356 1030 malum
1369 973 1441 1029 adeo
1459 979 1587 1041 nonest,
1613 975 1653 1030 ait
1676 976 1831 1047 Minucius,

129 1067 190 1139 gant
205 1062 345 1132 crimine,
362 1079 420 1136 quo
441 1069 630 1131 accusantur,
645 1062 759 1131 teneri;
783 1066 816 1118 ut
842 1061 952 1119 lanino·
1008 1066 1041 1119 ut
1055 1062 1242 1119 christianus
1257 1079 1325 1119 reus
1338 1077 1395 1119 nou
1411 1063 1661 1132 erubesceret‚ueo
1673 1064 1833 1137 timeret,et

129 1152 374 1224 severitasque
391 1151 570 1208 iadicevoce
593 1167 650 1206 non
676 1151 830 1224 premitur,
851 1150 951 1208 dolere
1007 1151 1530 1225 unumsolummodo,quodnonanta
1546 1152 1832 1226 fuerit,poeniteret.»

133 1241 256 1315 eorporis
268 1241 463 1315 exprimatur.
479 1240 563 1297 Nunc
577 1257 644 1297 vero
659 1256 726 1297 oum
742 1245 846 1314 sponte
864 1240 954 1297 conli-
1007 1239 1240 1298 Sadhactusius
1255 1258 1272 1298 a
1285 1241 1464 1297 Tertulliano
1476 1245 1562 1297 antea
1572 1241 1648 1298 dicta
1660 1241 1750 1299 tuisse
1765 1243 1834 1317 legi·

130 1334 192 1399 eu,
206 1335 240 1388 et
249 1330 387 1403 clamem,
403 1334 432 1386 et
446 1329 555 1387 crebris
580 1345 614 1387 ac
637 1330 768 1403 repetitis
792 1329 950 1386 identidem
1008 1346 1086 1388 mus.
1103 1330 1227 1403 lpsamet
1243 1329 1323 1387 euim
1339 1328 1419 1387 illius
1430 1329 1700 1387 istbscsuntverba
1711 1349 1740 1388 z«
1754 1332 1834 1389 Chri·

128 1420 240 1479 toeibus
254 1420 461 1477 Christianum
476 1435 524 1475 me
539 1436 604 1476 asse
619 1423 775 1488 contester,
798 1419 869 1491 quid
892 1422 952 1475 tor·
1006 1419 1121 1478 stienus
1136 1436 1203 1476 vero
1218 1419 1287 1492 quid
1303 1419 1425 1476 simile?
1439 1418 1591 1476 Neminem
1613 1420 1714 1493 pudet,
1738 1421 1832 1478 nemi-

131 1513 224 1567 msats
248 1508 374 1566 adhibes
410 1508 562 1566 conlitenti
584 1508 681 1582 (cypr.
706 1507 758 1579 lib,
782 1509 822 1565 ed
845 1509 949 1565 demet.
1005 1525 1072 1566 nem
1089 1509 1221 1582 penitet,
1237 1508 1294 1565 nisi
1310 1512 1387 1565 retro
1403 1525 1462 1564 noa
1488 1508 1589 1565 fuisse.
1614 1508 1643 1563 Si
1659 1509 1829 1583 denotetur,

129 1615 186 1673 pag.
202 1599 261 1655 leo
281 1606 309 1655 et
320 1597 431 1670 πρωΐ
447 1619 462 1648 »
1005 1596 1168 1672 gloriatur:
1184 1598 1208 1654 ei
1225 1601 1393 1666 accusatur,
1413 1614 1471 1653 nen
1492 1596 1640 1654 defendit:
1667 1597 1831 1672 interroga-

156 1686 244 1744 ltliud
256 1686 438 1760 iniquissimi
449 1685 606 1761 gentilium
617 1685 647 1742 in
658 1685 951 1758 ChristiaaoeJudicii
1005 1690 1064 1759 tus,
1079 1687 1123 1743 vel
1140 1686 1216 1742 ultro
1232 1686 1405 1743 confltetur:
1428 1685 1597 1758 damnatus,
1623 1686 1734 1758 gratias
1761 1689 1831 1760 agit.

127 1780 206 1850 ceput
222 1777 291 1844 fnit,
309 1777 386 1850 quod
401 1775 427 1833 si
442 1776 520 1849 quis,
535 1774 719 1832 cruciatuum
733 1775 760 1831 vi
775 1776 894 1832 tandem
909 1774 953 1830 vi·
970 1818 993 1885 B
1008 1775 1083 1842 Ouid
1100 1776 1156 1832 hoc
1171 1774 1240 1832 mali
1256 1775 1392 1848 estquod
1402 1774 1546 1831 naturalia
1556 1775 1624 1846 (ms.
1639 1778 1740 1831 notura
1750 1777 1829 1847 alie).

131 1871 200 1938 etas,
216 1864 419 1921 Christianum
435 1880 467 1920 ee
481 1879 545 1920 esse
556 1864 819 1932 inficiaretur‚tuac
833 1862 859 1920 ei
875 1865 949 1920 lave·
1008 1865 1079 1922 mali
1095 1881 1152 1920 nen
1181 1865 1279 1932 habet,
1293 1865 1441 1931 timorem,
1455 1864 1829 1938 pudorem,tergiversatio·

128 1954 204 2022 lent,
220 1953 362 2011 laudibus
374 1953 458 2011 illum
474 1952 662 2025 extollebant,
675 1953 879 2026 augebautque
894 1953 948 2009 ho·
1003 1969 1082 2020 nem,
1098 1953 1311 2026 penitentiam,
1325 1952 1579 2026 deplorationem?
1593 1953 1668 2017 Quid
1681 1953 1734 2009 boe
1756 1954 1829 2011 mali

127 2043 254 2101 aeribus.
271 2042 361 2109 Quasi
375 2059 442 2099 vero
456 2042 500 2099 las
514 2042 556 2099 eis
571 2042 676 2099 luisset
690 2042 745 2098 hac
758 2041 832 2098 ialsa
843 2041 949 2114 pietate
1003 2046 1058 2112 est,
1075 2043 1162 2114 cujus
1181 2059 1250 2098 reus
1264 2043 1381 2114 gaudet.
1398 2042 1483 2114 cujus
1499 2041 1645 2098 accusatio
1658 2045 1758 2099 votum
1772 2048 1828 2099 est.

126 2131 268 2199 homines,
286 2136 330 2189 tet
340 2134 548 2202 tantorumque
558 2130 718 2187 criminum
729 2136 948 2203 accusatos,ncc
1003 2136 1133 2203 etpoens
1155 2130 1279 2188 felicitas
1308 2129 1443 2203 (Tertull.
1473 2130 1551 2186 m
1582 2131 1692 2202 Apotop.
1721 2147 1784 2204 cap.
1799 2132 1827 2198 2,

126 2237 154 2278 ee
165 2237 198 2278 se
211 2220 401 2278 commisisse
416 2224 568 2294 negantes,
585 2237 645 2277 non
667 2218 763 2277 solum
787 2218 946 2290 absolvere,
1003 2235 1069 2294 pag.
1081 2220 1133 2288 i)t
1148 2240 1160 2271 s
1173 2220 1279 2284 Quanti
1293 2226 1388 2276 autem
1405 2218 1459 2275 hoo
1483 2223 1690 2292 argumentum
1703 2220 1742 2275 sit
1756 2237 1826 2293 pon·

128 2311 169 2368 sed
184 2311 329 2367 omnibus
344 2307 440 2378 bonis,
459 2308 606 2366 ubsolam
636 2308 763 2365 nominis
789 2307 948 2365 Christiani
1002 2308 1081 2366 deris
1096 2313 1126 2364 et
1141 2308 1292 2380 momenti,
1315 2309 1384 2364 iude
1408 2307 1566 2381 colligitur,
1594 2308 1672 2380 quod
1689 2308 1752 2365 llari
1765 2325 1822 2365 non

130 2399 322 2472 negationem,
343 2397 511 2455 cumularet
537 2396 585 2453 Sic
613 2397 712 2470 itaque
735 2396 904 2453 fatebantur
917 2397 948 2452 ia
1002 2397 1143 2470 possit,ut
1157 2397 1245 2454 homo
1260 2402 1303 2454 tot
1317 2396 1474 2454 criminum
1490 2396 1682 2463 consciue,vel
1693 2397 1825 2454 sclavin-

129 2487 194 2560 eolo,
209 2492 245 2543 ut
258 2487 302 2545 ait
329 2486 539 2558 Tertullianus,
568 2485 803 2543 Christianorum
830 2485 949 2542 nomine
1003 2486 1067 2543 dice
1081 2486 1270 2552 conscientia,
1287 2503 1344 2543 non
1360 2487 1528 2552 erubuerit;
1546 2486 1674 2542 volsum
1691 2503 1749 2543 aon
1765 2504 1825 2560 pes·

129 2577 219 2650 posita
233 2577 327 2633 fuisse
342 2575 441 2633 omnia
456 2591 558 2632 eorum
573 2574 696 2631 crimina
711 2573 949 2647 (Tertulllpeth
1003 2575 1124 2632 nituerit
1139 2580 1235 2643 secte,
1251 2576 1287 2632 ad
1314 2575 1375 2631 heo
1403 2575 1514 2652 scelera
1527 2574 1717 2647 impellentis,
1733 2592 1821 2632 suum

130 2666 244 2739 tee2et
256 2664 286 2736 3,
300 2680 367 2738 pag.
382 2666 409 2731 l,
423 2668 454 2720 et
474 2663 553 2720 libr
581 2663 618 2720 cd
645 2665 754 2720 Notion.
784 2679 848 2737 cap.
865 2664 893 2731 3,
908 2663 948 2735 5).
1003 2665 1118 2722 dedisse
1132 2672 1265 2735 :nomsn3
1286 2669 1337 2720 ant
1359 2664 1487 2736 deniqne
1510 2667 1553 2718 tot
1581 2665 1825 2722 exsecrandorum

94 2768 101 2785 ⁹
158 2754 267 2811 Verum
288 2753 343 2809 hac
357 2752 441 2826 impii
456 2752 592 2810 homines
607 2752 746 2809 iraudset
757 2752 865 2810 astutia
876 2750 949 2808 alios
1003 2751 1183 2825 flagitiorum
1199 2757 1368 2820 accusatus,
1383 2768 1483 2825 poenas
1499 2752 1597 2808 subire
1612 2769 1670 2809 non
1682 2754 1769 2810 luerit
1783 2771 1829 2812 ve·

131 2843 347 2915 adejurandam
357 2840 951 2899 Christianamlldemiaciliusallicerevo·
1003 2841 1089 2899 ritus.
1104 2842 1194 2914 lltqui
1208 2841 1283 2898 nihil
1293 2840 1351 2898 tale
1365 2841 1539 2898 Christianis
1554 2840 1670 2897 accidit.
1691 2843 1828 2907 Ouinimo

128 2929 231 2988 lebant.
247 2931 349 3003 Neque
365 2930 394 2985 id
412 2930 503 3002 gratis
518 2947 536 2985 a
551 2930 637 2987 uobis
659 2929 761 2986 fletum
788 2934 883 3002 putes.
899 2929 951 2986 lli·
1003 2930 1083 2988 etde
1099 2930 1324 2996 nominesuo,et
1331 2930 1635 3003 professionemmper
1641 2929 1768 3002 gloriati,
1777 2948 1828 3004 pro

128 3020 227 3077 nasim
240 3020 350 3077 etemm
366 3018 440 3075 illud
456 3033 519 3075 aee
533 3018 655 3089 lactum,
671 3035 730 3075 non
744 3017 947 3075 sinemaxime
1004 3019 1160 3091 utriusque
1175 3018 1344 3075 defensioue
1359 3017 1496 3090 quelibet
1510 3018 1598 3074 etism
1622 3019 1827 3076 crudelissima

130 3108 237 3165 contriti
250 3107 348 3166 cordis
363 3107 463 3164 dolore
477 3106 642 3163 confltetur.
658 3108 719 3162 «m
748 3108 774 3164 el
802 3106 880 3179 quis,
895 3105 947 3174 ait,
1003 3109 1040 3165 ad
1055 3113 1180 3165 mortem
1196 3123 1291 3180 usqua
1305 3111 1452 3164 tormenta
1466 3107 1705 3164 constantissime
1728 3117 1829 3181 pertu-

129 3196 275 3269 infirmior,
302 3196 381 3252 malo
409 3211 530 3267 pressus
553 3199 583 3252 st
610 3195 718 3266 victus,
747 3194 947 3252 christianum
964 3185 986 3252 C
1005 3195 1114 3254 lerunt.

130 3290 266 3359 mussat,
283 3284 455 3341 favebamus
471 3284 508 3352 ei,
526 3284 741 3356 quasi,eJerato
756 3284 947 3355 nominejam
1038 3291 1127 3342 Porro
1142 3289 1240 3342 summ
1268 3285 1415 3343 Minucius
1440 3289 1540 3341 nester
1554 3285 1629 3341 terre
1649 3302 1708 3342 nea
1735 3288 1831 3358 potest

131 3375 217 3431 mnia
233 3374 311 3430 lacta
324 3389 379 3430 sua
392 3372 443 3428 illa
458 3389 513 3429 sua
527 3373 683 3445 negatione
698 3375 948 3446 purgaretltgno·
1003 3374 1059 3434 sibi
1075 3375 1112 3431 ab
1126 3372 1253 3431 ethnicis
1268 3373 1355 3445 objici
1371 3373 1605 3430 Christianostot
1622 3378 1830 3448 tantorumque

134 3463 241 3520 esiliam
255 3462 391 3519 eamdem
403 3477 455 3518 nes
470 3462 599 3519 sensisse
608 3467 640 3538 et
646 3461 819 3534 egisse,qus
831 3461 948 3519 sentitis
1002 3463 1162 3522 criminum
1177 3463 1255 3519 lama
1270 3462 1383 3534 ubique
1398 3462 1516 3536 vulgata
1537 3461 1666 3535 coargui.
1699 3463 1829 3520 Primum

136 3550 289 3624 egeritis?
303 3551 377 3607 Cum
393 3551 418 3608 si
442 3551 527 3618 ratio,
550 3568 608 3608 uon
632 3549 783 3625 instigatio
807 3550 949 3607 demonis
1002 3550 1081 3609 euim
1098 3551 1186 3608 talsos
1201 3550 1254 3608 hoe
1270 3566 1404 3607 rumores
1419 3550 1516 3623 pravis
1531 3551 1698 3606 demonum
1715 3552 1829 3608 artibus

135 3637 276 3709 indicaret,
293 3640 418 3713 urgendi
433 3639 540 3712 magis,
565 3656 623 3696 non
649 3644 682 3696 ut
707 3639 902 3696 diffiterentur
916 3655 949 3696 se
1002 3638 1211 3697 disseminatos
1227 3639 1318 3696 tuisse
1330 3638 1602 3696 contendit.l)eiade
1613 3655 1699 3711 vero:
1716 3661 1730 3691 u
1741 3640 1830 3697 Fama

137 3724 317 3796 (bristiauos,
330 3729 382 3786 sed
396 3729 433 3785 de
448 3728 579 3794 incestis,
595 3728 718 3800 stupris,
740 3729 776 3785 de
800 3728 948 3800 impleatis
1001 3727 1110 3801 lnquit,
1125 3743 1242 3801 semper
1268 3727 1380 3801 sparsis
1407 3727 1568 3784 mendaciis
1596 3728 1694 3797 alitur,
1712 3732 1831 3786 ostensa

137 3810 218 3889 idest,
234 3817 370 3891 pollutis,
386 3817 490 3884 sacris,
504 3816 713 3874 deiniaatibus
730 3816 890 3873 immolatis
905 3817 947 3873 la·
1001 3817 1121 3874 veritate
1135 3816 1348 3874 consumitur.»
1364 3817 1419 3873 Sed
1438 3817 1494 3873 hoc
1519 3816 1717 3874 Tertullianus
1746 3818 1830 3890 leuge

132 3903 264 3964 beatur.
280 3927 295 3957 n
310 3906 452 3964 llamdsm
467 3922 584 3978 quoqne
608 3905 778 3964 Lactantius
800 3904 949 3962 memoriae
1001 3905 1099 3963 insius
1114 3906 1349 3979 prosequitur,ac
1361 3905 1450 3962 citato
1460 3905 1549 3962 etiam
1563 3904 1676 3977 Virgilii
1687 3907 1828 3976 carmine,

126 3996 221 4060 basma
234 3995 285 4052 bis
306 3995 487 4067 totidemque
515 3993 611 4051 verbis
626 3994 776 4068 prodidit:
794 4015 809 4046 a
838 3993 869 4051 Si
897 3993 947 4065 qui
1002 3993 1197 4053 invictissime
1209 3994 1394 4051 demonstrat
1408 3993 1482 4049 nihil
1498 3993 1553 4050 boc
1575 3998 1748 4066 argumente
1764 4009 1830 4049 csse

120 4089 218 4142 lenm
235 4082 348 4142 doloris
362 4082 404 4140 vel
421 4084 525 4140 mortis
540 4087 632 4149 metu,
646 4083 691 4140 vel
708 4087 810 4156 suapte
825 4082 947 4156 pertidia
1002 4083 1166 4156 quidquam
1197 4082 1293 4157 magis
1329 4082 1401 4151 leve,
1430 4081 1582 4138 infirmum
1611 4090 1639 4138 et
1667 4082 1828 4137 absurdum

111 4173 236 4231 ⁸uleete
250 4176 471 4230 sacramentum
485 4171 680 4244 deseruerint,
695 4171 740 4229 vel
770 4172 805 4228 ad
832 4173 948 4229 lunesta
1003 4170 1137 4246 (Tertull.
1152 4172 1264 4242 Apeth.
1282 4187 1347 4244 cap.
1362 4171 1391 4241 7,
1407 4169 1501 4228 etllb.
1518 4169 1827 4241 [adnationcapfft.

108 4260 494 4333 heddciaconseaserint,
509 4277 560 4319 eos
580 4260 703 4317 laudant
726 4266 756 4317 et
784 4260 947 4318 honoribus
1002 4260 1059 4320 Sed
1086 4261 1231 4332 quomodo
1256 4259 1328 4316 illud
1347 4257 1464 4331 aliaque
1497 4257 1618 4314 anobis
1634 4257 1766 4329 exposita
1781 4274 1830 4313 ur·

103 4348 255 4408 nme
268 4354 302 4406 ut
316 4364 418 4406 aarum
433 4348 566 4422 exemplo
581 4351 701 4406 ceteros
712 4346 846 4406 illiciant.
862 4369 878 4400 »
893 4349 948 4405 La·
1002 4355 1078 4423 gest,
1095 4366 1149 4406 suo
1168 4348 1231 4405 loeo
1252 4347 1488 4404 examinabimus
1507 4346 1632 4419 (Dissert.
1660 4347 1693 4402 in
1719 4346 1828 4404 lertntl.

116 4438 281 4497 etmtbn
298 4454 320 4496 ι.
336 4453 400 4510 cap.
414 4437 442 4509 9,
453 4452 521 4512 pag.
536 4437 594 4512 48.)
1002 4436 1253 4511 cap.20,art.l).

872 4590 1001 4654 CAPUT
1021 4590 1072 4652 IX.

112 4709 370 4779 ltsmomtmtur
396 4732 493 4796 mam
522 4714 602 4777 ialsa
616 4713 680 4775 sint
694 4713 758 4775 duo
774 4714 875 4795 prima
892 4713 1024 4775 crimina
1038 4710 1223 4774 Christianis
1242 4709 1368 4790 objecta
1394 4709 1547 4772 intentam
1575 4710 1616 4773 ab
1636 4711 1713 4790 ipsis
1739 4730 1830 4774 sacra

166 4795 248 4859 inter
275 4796 426 4877 mysteria
460 4795 572 4870 occidi,
602 4812 640 4857 ae
668 4801 782 4876 postea
808 4794 955 4857 devorari
982 4793 1052 4872 ejus
1072 4809 1195 4870 carnes,
1228 4796 1325 4871 atque
1359 4790 1529 4855 ethniccse
1543 4793 1700 4855 contrario
1715 4791 1828 4854 horum

167 4893 358 4941 mmo
370 4894 453 4950 100⁵,

356 5007 555 5068 tenebatis
569 5008 716 5068 PRIMUS.
964 5010 988 5077 Ι)
1003 5004 1078 5062 illud
1093 5004 1203 5062 laisum
1219 5006 1341 5064 omnine
1356 5022 1421 5064 esse
1436 5006 1627 5065 demonstrat.
1644 5002 1751 5061 Deinde
1763 5018 1830 5058 vero

126 5094 503 5172 [aestimetur-crementa,
519 5099 618 5172 quibus
641 5100 785 5157 Minucius
814 5096 950 5155 Christis·
1002 5093 1239 5152 luculentissime
1254 5095 1513 5170 prebatipeoemet
1530 5095 1664 5169 gentiles,
1691 5090 1830 5147 Christis-

218 5185 270 5226 ’w‘
291 5170 342 5228 '²⁰⁰
356 5177 471 5243 “mitit
485 5173 603 5228 ΜΝ
615 5187 728 5242 prorsas
744 5171 851 5226 libem·
1003 5200 1109 5241 norum
1125 5184 1243 5242 odiosos
1259 5178 1453 5252 accusatores,
1469 5183 1550 5240 illins
1564 5183 1661 5256 reipsa
1672 5196 1740 5237 esse
1765 5195 1830 5237 reos

167 5274 291 5335 Tametsi
307 5276 455 5335 idiancins
468 5278 655 5352 generalibus
675 5276 825 5349 responsis
849 5274 950 5331 inusta
1004 5288 1038 5331 se
1061 5271 1205 5331 conscios.
1301 5278 1304 5282 ’

139 5361 469 5424 ttmnmtsffimtlio
495 5371 525 5423 et
546 5366 611 5424 aliis
634 5364 794 5439 gentilibus
810 5363 867 5419 tria
881 5362 950 5419 hor·
1003 5363 1127 5419 Initium
1154 5366 1251 5420 antem
1279 5362 1315 5418 ab
1350 5361 1461 5417 intanta
1488 5361 1602 5429 occiso,
1633 5359 1729 5416 adesis
1764 5359 1829 5430 ejus

143 5454 218 5512 saca
229 5454 409 5528 infandaque
423 5455 532 5513 scelera
547 5455 619 5513 eatis
635 5471 783 5528 superque
804 5451 949 5519 diluisset,
1004 5451 1153 5522 carnibus,
1172 5454 1325 5522 potatoque
1336 5449 1489 5522 sauguine,
1500 5448 1545 5505 his
1556 5449 1710 5505 illeverbis
1726 5449 1826 5506 duxit:

145 5539 173 5595 ed
185 5545 415 5618 unumquodque
435 5550 533 5602 minen
558 5544 647 5613 veuit,
677 5543 752 5617 quod
778 5540 949 5614 singulatim
1004 5562 1020 5593 a
1037 5541 1123 5597 lllum
1136 5541 1198 5611 jam
1215 5537 1301 5596 velim
1317 5539 1481 5612 convenire,
1497 5537 1547 5611 qui
1562 5537 1671 5594 initiari
1689 5556 1742 5594 uos
1758 5538 1829 5594 elicit

146 5625 240 5705 duplici
255 5632 368 5695 ratione
389 5634 521 5694 content
544 5638 575 5694 et
598 5633 732 5693 destruit.
756 5631 856 5690 Primo
871 5630 950 5688 enim
1004 5632 1057 5686 sut
1072 5627 1164 5686 credit
1183 5627 1218 5685 ds
1241 5626 1318 5683 cede
1344 5626 1465 5686 intentis
1488 5631 1539 5686 aut
1561 5627 1714 5704 sanguine.
1739 5628 1826 5684 Putas
