3892 6104
65 39 267 121 ffl‘a
290 40 306 77 ··:
318 48 332 70 ·“

65 106 153 191 '‘ss''
171 116 189 156 ²²
243 144 247 149 ·
315 171 319 178 .

111 306 192 369 star
558 288 566 297 '
616 304 718 367 rans
739 302 1085 367 a-uonuannrs
1107 304 1311 371 varanna.
1737 314 1817 377 stas

110 436 260 495 rationem
275 440 305 495 et
318 436 470 493 ueritatem
483 436 612 493 tenebat.
627 434 709 499 Cuod
724 436 750 491 si
764 434 795 491 in
807 433 938 491 Ecclesia
951 438 980 505 Α
994 434 1072 491 hunc
1085 435 1182 494 locum
1198 454 1256 495 non
1271 438 1516 511 putavi,maxime
1530 440 1633 497 cumin
1649 444 1817 517 eademepi·

111 526 275 599 baptizatos
287 526 510 598 rebaptizandos
531 524 600 581 loris
616 522 869 581 extrsEcclesism
884 526 938 579 No·
991 523 1067 581 stola
1082 526 1338 583 animadverterim
1353 527 1440 585 etiam
1456 528 1612 587 Marcionis
1624 530 1817 591 denimentio·

111 615 249 671 vatianus
264 614 423 679 existimat,
440 631 457 669 a
471 630 502 670 se
512 612 641 685 incipere
650 612 801 679 debuerat,
818 612 939 684 utpricr
993 628 1071 681 uem,
1087 619 1119 670 ut
1133 632 1186 671 nec
1201 617 1237 672 ab
1251 616 1315 689 ipso
1329 616 1564 675 venientesdicat
1574 619 1712 691 baptisari
1728 638 1814 694 opor-

111 708 249 761 extraneo
264 704 320 773 (18)
332 710 359 758 et
378 702 512 757 haeretico
527 700 674 773 baptismo
696 700 936 773 rebaptizaretur,
990 703 1213 775 tere,quodjam
1224 704 1380 761 innomine
1394 706 1465 762 lesu
1480 707 1586 764 Christi
1600 709 1739 780 baptizati
1750 726 1815 769 esse

110 792 161 864 qui
177 796 245 863 post
259 790 417 848 Ecclesiam
434 790 494 848 imo
515 796 544 846 et
567 794 669 846 contra
697 788 855 847 Ecclesiam
885 789 936 843 ba·
991 790 1701 867 videantur.Coneiderarritaquedehemustidem
1713 816 1815 857 eorum

110 880 266 952 ptizandos
279 880 350 935 loris
365 879 511 951 opinatur.
527 878 617 943 Quale
631 882 677 934 est
695 882 794 934 autem
810 882 851 943 ut,
868 876 938 948 quia
992 880 1042 949 qui
1058 880 1128 936 loris
1143 883 1277 947 credunt,
1292 884 1497 939 ansecundum
1508 885 1641 942 eamdam
1654 888 1814 962 fidempos·

110 968 167 1027 hoc
182 968 361 1025 Novatianus
377 970 469 1023 lacere
484 968 580 1037 audet,
591 983 643 1023 nos
659 971 797 1039 putemus
809 980 937 1021 nonense
992 968 1051 1025 sint
1065 969 1176 1041 aliquid
1192 970 1290 1042 gratiae
1305 971 1456 1043 consequi.
1474 972 1546 1029 Nam
1560 974 1585 1029 si
1606 976 1678 1031 tides
1693 994 1752 1032 una
1770 982 1816 1035 est

110 1058 391 1123 laciendum'lQuid
408 1057 936 1131 ergotquiaethenoremcathedre
991 1058 1120 1114 nobiset
1138 1058 1291 1131 haereticis,
1307 1067 1404 1132 potest
1430 1078 1493 1117 esse
1522 1068 1552 1117 et
1578 1063 1672 1133 grstia
1701 1066 1813 1123 uns.Si
1916 1063 1919 1075 '

114 1147 306 1205 sacerdotalia
317 1146 497 1202 Novatisnus
512 1151 645 1217 usurpat,
661 1162 732 1201 num
762 1145 869 1201 idcirco
884 1160 938 1200 nos
989 1146 1126 1201 eumdem
1137 1146 1401 1216 Patrem,eumdem
1413 1150 1662 1219 Filium,eumdem
1671 1151 1815 1224 Spiritum

110 1238 258 1294 cathedrae
267 1235 669 1292 renuntiaredebemuslAut
682 1234 937 1307 quiaNoratiaaus
990 1239 1138 1305 sanctum,
1151 1236 1284 1291 eamdem
1300 1236 1457 1292 Ecclesiam
1468 1239 1645 1293 cantitentur
1660 1240 1815 1298 uobiscum

111 1322 936 1383 altarecollocareetsacrillciaollsrrecontralasniti·
991 1322 1212 1394 PatripsseIani,
1241 1324 1433 1397 Anthropiani
1464 1326 1521 1397 (25)
1549 1324 1725 1395 Valentiani,
1751 1334 1815 1401 Ap·

110 1420 171 1485 tur,
188 1416 224 1471 ab
240 1414 324 1471 altari
339 1418 367 1469 et
382 1412 534 1469 sacriticiis
551 1429 666 1469 cessare
694 1428 747 1468 nos
762 1416 885 1484 oportet,
902 1427 938 1467 ne
993 1410 1151 1482 pelletiani‚
1166 1410 1290 1484 Ophite,
1308 1413 1496 1479 Marcionita,
1520 1419 1549 1470 et
1563 1420 1673 1471 catera
1701 1416 1814 1473 hareti-

111 1504 236 1577 pariaet
250 1501 359 1559 similia
374 1518 441 1557 cum
459 1501 508 1557 illo
524 1500 671 1557 celebrare
694 1499 865 1557 videamur?
879 1500 937 1555 Va·
992 1516 1092 1555 corum
1109 1506 1205 1572 pestes
1227 1508 1255 1558 et
1273 1500 1361 1574 gladii
1378 1519 1411 1558 ac
1436 1519 1546 1560 venena
1571 1504 1594 1538 ²⁶
1616 1504 1674 1577 (26)
1694 1505 1814 1563 subver-

111 1610 186 1649 num
200 1608 321 1664 prorsus
337 1596 365 1647 et
377 1591 502 1647 stultum
527 1595 571 1645 est
596 1593 638 1655 ut,
663 1590 732 1661 quia
759 1589 939 1646 Novatisnus
991 1589 1086 1645 tenda
1100 1589 1240 1657 veritatis,
1257 1595 1352 1662 potest
1364 1590 1425 1647 illic
1439 1596 1468 1647 ot
1480 1592 1628 1664 baptisma
1638 1609 1815 1667 uuumessa,

112 1686 197 1737 extra
212 1680 373 1737 Ecclesiam
383 1678 515 1734 vindicat
529 1677 586 1734 sihi
613 1678 743 1733 veritatis
769 1677 937 1749 imaginem,
993 1676 1018 1731 si
1033 1680 1078 1732 est
1093 1681 1121 1733 et
1136 1677 1208 1734 fides
1224 1695 1292 1733 una.

111 1768 314 1841 relinquamus
329 1766 460 1824 Ecclesia
475 1766 565 1839 Ἰ(19)
579 1766 742 1823 veritatem.
954 1814 978 1879 B
1027 1765 1061 1819 V.
1076 1771 1124 1835 ac,
1141 1783 1177 1821 ne
1191 1767 1310 1839 longum
1326 1768 1365 1823 sit
1387 1785 1438 1840 per
1452 1769 1577 1826 hereses
1594 1770 1745 1827 universas
1765 1772 1816 1828 da-

149 1860 199 1913 lll.
213 1858 296 1930 ⁴tpud
314 1874 366 1913 nos
382 1860 480 1913 autem
496 1872 551 1912 non
569 1871 643 1911 nova
657 1858 707 1910 sut
722 1854 872 1927 repentina
893 1870 940 1911 res
994 1871 1110 1910 currere
1133 1862 1162 1911 et
1175 1854 1358 1929 singularum
1373 1858 1395 1892 ²²
1409 1856 1454 1914 vel
1478 1858 1602 1930 ineptias
1625 1859 1672 1916 vel
1686 1860 1818 1917 insanias

112 1952 168 2013 est,
182 1951 215 2003 ut
228 1947 419 2017 baptizandos
433 1961 605 2001 censeamus
620 1961 669 2000 cos
697 1944 748 2017 qui
764 1944 799 1999 ab
825 1944 939 1999 haereti-
995 1944 1097 1998 1113
1113 1959 1273 2013 recensere,
1290 1944 1358 2015 quia
1372 1962 1425 2002 nec
1441 1945 1564 2003 delectat
1578 1948 1607 2003 id
1629 1950 1723 2005 dicere
1739 1950 1816 2023 quod

111 2037 156 2093 cis
171 2037 275 2091 1112
287 2035 321 2090 ad
334 2034 490 2091 Ecclesiam
507 2034 763 2105 veniunt,qusndo
781 2032 865 2087 malti
876 2035 939 2105 jam
994 2035 1046 2086 aut
1060 2031 1158 2087 horret
1178 2037 1228 2087 aut
1244 2034 1333 2104 pudet
1348 2050 1444 2099 nossa,
1469 2034 1504 2090 de
1530 2036 1676 2093 Marcione
1700 2036 1817 2093 interim

111 2126 183 2181 anni
200 2130 259 2179 sint
272 2123 397 2196 etlonga
410 2128 480 2178 retas
501 2124 556 2193 (21))
572 2140 607 2177 ex
627 2138 685 2193 quo
712 2123 767 2177 suh
782 2122 940 2194 Agrippino
994 2119 1067 2187 eolo,
1084 2122 1169 2191 cujus
1186 2122 1294 2177 mentio
1311 2121 1494 2195 inepietolaa
1505 2125 1818 2183 teadnostrsnsmiesa

111 2214 196 2271 bone
213 2211 693 2268 memoriaeviroconvenientcsin
710 2209 940 2284 unumepiscopi
994 2208 1138 2275 laotaest,
1155 2208 1407 2266 examinemusan
1434 2212 1528 2284 possit
1554 2214 1740 2286 baptismatis
1754 2216 1818 2286 ejus

112 2301 233 2374 plurimi
250 2300 305 2356 hoc
320 2302 490 2364 statuerint,
502 2306 590 2372 atque
605 2300 709 2355 exinde
724 2300 751 2355 in
765 2299 938 2356 hodiernum
994 2299 1066 2354 ratic
1082 2304 1225 2354 constare.
1242 2298 1385 2356 Dominus
1396 2300 1473 2357 enirn
1493 2306 1560 2373 post
1574 2302 1817 2359 resurrectionem

112 2398 159 2446 tot
175 2388 268 2445 millia
278 2390 480 2444 hereticorum
495 2389 523 2442 in
541 2389 696 2459 provinciis
712 2388 871 2443 nostrised
888 2389 938 2444 Ec·
994 2387 1155 2458 discipulos
1169 2404 1239 2443 suos
1254 2388 1385 2461 mittens,
1399 2390 1648 2461 quemadmodum
1668 2392 1817 2463 baptizare

114 2480 238 2536 alesiam
253 2478 384 2535 conversi
400 2480 434 2541 ¹²,
445 2494 502 2532 non
521 2478 667 2548 aspernati
683 2476 744 2533 sint
758 2493 853 2549 neque
867 2494 939 2532 cun·
994 2475 1133 2531 deberent
1150 2476 1288 2531 instruxit
1312 2482 1342 2533 et
1369 2477 1469 2533 docuit
1494 2480 1594 2535 dicens
1608 2480 1630 2515 ”
1650 2482 1744 2537 :Data
1773 2489 1815 2535 est

116 2566 199 2631 ctati,
216 2568 308 2621 inimo
336 2571 365 2621 et
392 2565 605 2622 rationabiliter
623 2571 651 2621 st
674 2564 799 2621 libenter
813 2565 939 2637 amplexi
993 2564 1064 2619 milri
1089 2566 1179 2619 arania
1191 2572 1308 2635 potestas
1322 2568 1352 2621 ia
1366 2569 1435 2622 caeto
1449 2575 1475 2622 et
1489 2569 1521 2622 in
1536 2572 1619 2624 terro.
1637 2571 1675 2625 lta
1702 2584 1766 2641 erpo
1790 2576 1817 2625 et

115 2656 178 2713 sint
194 2661 227 2711 ut
239 2654 345 2709 lavacri
360 2653 457 2709 vitalis
472 2660 500 2710 et
515 2653 652 2709 salutaris
668 2652 807 2727 baptismi
813 2654 938 2725 gratiam
992 2654 1082 2709 docete
1095 2670 1190 2711 ornnes
1204 2658 1306 2726 pertas,
1322 2654 1491 2727 baptizantes
1504 2658 1581 2713 ¹'erar
1596 2660 1625 2713 ia
1637 2660 1750 2715 nomiae
1761 2658 1818 2714 Pa-

114 2747 374 2816 consequerentur.
390 2744 489 2816 Neque
504 2743 581 2799 enim
611 2742 729 2797 dilsrcile
757 2746 803 2797 est
828 2743 938 2798 doctori
993 2745 1055 2809 iris,
1070 2752 1095 2799 rt
1109 2744 1184 2809 filii,
1199 2750 1225 2799 et
1240 2743 1359 2807 Spiritus
1373 2747 1462 2799 sancti
1475 2745 1569 2801 Martis.
1586 2763 1683 2815 uviri,
1700 2748 1748 2813 18,
1760 2746 1816 2819 19).

113 2851 183 2891 vera
197 2842 226 2891 et
241 2834 372 2906 legitima
387 2834 537 2889 insinuare
551 2834 574 2869 ²³
589 2836 614 2889 ei
643 2834 694 2906 qui
723 2832 938 2906 haereticapra-
993 2833 1125 2887 lnsinuat
1140 2832 1325 2897 Trinitatem,
1339 2834 1422 2902 cujus
1438 2840 1623 2891 sacramento
1646 2834 1817 2892 Centesha·

111 2926 202 2979 vitate
214 2924 361 2988 damnata,
378 2926 406 2977 et
434 2922 631 2978 ecclesiastica
646 2922 765 2977 veritate
779 2928 938 2994 comperta,
992 2920 1248 2991 ptizsrcntur(27).
1259 2921 1491 2994 Numquidhanc
1504 2922 1675 2980 Trinitatem
1691 2922 1820 2981 Marcion

112 3012 148 3069 ad
160 3011 306 3067 hocvenit
317 3016 348 3065 ut
363 3012 457 3066 discat
472 3011 496 3045 ²⁸
510 3012 577 3083 (21),
594 3012 630 3066 ad
656 3012 709 3066 hoc
738 3011 826 3067 discit
855 3011 939 3066 utvi-
993 3007 1258 3079 tenetlnumquid
1286 3010 1422 3066 eumdem
1449 3012 1692 3084 asserit³⁰quem
1721 3018 1750 3069 et
1765 3028 1820 3070 nos

115 3106 174 3157 rat.
192 3100 253 3155 Noe
269 3115 325 3155 non
342 3099 483 3154 dehemus
494 3105 645 3171 stuporem
661 3098 716 3169 (22)
732 3099 875 3155 hereticis
888 3116 939 3171 pa·
995 3102 1109 3153 Patrem
1118 3098 1592 3170 creatorem‘lNumquideumdem
1601 3101 1680 3156 novit
1691 3100 1820 3157 Filium⁸¹

115 3190 240 3246 trociuio
255 3205 417 3244 cousensus
431 3189 522 3245 nostri
537 3188 559 3223 ¹⁶
587 3188 645 3261 (23)
663 3204 780 3260 augere,
815 3205 882 3245 cum
907 3172 974 3243 ti-C
993 3187 1141 3243 Christum
1157 3187 1193 3242 de
1204 3186 1294 3243 Maria
1303 3186 1423 3260 Virgine
1432 3195 1544 3261 natum,
1558 3190 1608 3261 qui
1627 3190 1728 3247 Sermo
1752 3206 1819 3247 caro

116 3276 221 3333 henter
236 3292 269 3331 ac
284 3279 418 3347 prompte
433 3276 636 3346 obtemperant
657 3276 780 3332 veritati.
995 3275 1092 3331 iactus
1111 3275 1161 3342 sit,
1176 3275 1225 3348 qui
1244 3280 1360 3347 peccata
1375 3282 1475 3333 nostra
1488 3278 1654 3348 portaverit,
1673 3279 1724 3351 qui
1740 3296 1818 3335 mor·

151 3364 197 3421 lV.
210 3364 308 3433 Plane,
325 3366 464 3436 quoniam
477 3364 573 3419 inveni
583 3364 612 3419 ia
623 3366 942 3435 epistulacujusexem·
995 3368 1054 3421 tem
1067 3363 1331 3430 moriendcvicerit,
1347 3366 1398 3437 qui
1409 3367 1651 3423 resurrectionem
1662 3368 1760 3423 carnis
1769 3382 1822 3439 per

115 3454 196 3527 plum
215 3454 252 3509 ad
268 3470 314 3510 me
328 3453 532 3523 transmisisti,
545 3452 757 3525 scriptumesse
773 3453 849 3525 quod
866 3470 942 3525 qum·
996 3452 1187 3524 semetipsum
1213 3452 1327 3525 primus
1341 3452 1507 3519 initiaverit,
1532 3460 1562 3509 et
1585 3454 1738 3527 discipulis
1758 3454 1821 3512 suis

116 3542 242 3601 rendum
257 3559 315 3598 non
336 3544 375 3597 sit
388 3544 453 3613 (21)
467 3542 535 3615 quis
560 3541 759 3613 baptizaverit,
785 3543 941 3614 quandois
995 3542 1073 3613 quod
1105 3541 1133 3595 in
1155 3540 1255 3595 eadem
1286 3554 1372 3595 carue
1399 3543 1605 3599 resurrexisset
1632 3542 1822 3601 ostenmritt

115 3631 164 3703 qui
182 3630 349 3701 baptizatus
365 3631 404 3686 sit
418 3630 548 3703 accipere
572 3628 726 3685 remissam
756 3635 940 3700 peccatorum
996 3632 1093 3703 Lortge
1108 3629 1223 3685 aliaest
1238 3629 1314 3701 apud
1331 3629 1519 3699 Marcionem,
1537 3632 1588 3687 sed
1602 3637 1631 3687 et
1646 3634 1725 3706 apud
1741 3638 1824 3690 caete·

113 3719 245 3793 potuerit
271 3721 434 3776 secundum
463 3719 540 3791 quod
557 3719 690 3787 credidit,
707 3720 941 3790 pretereundum
996 3735 1043 3775 ros
1061 3716 1211 3775 haereticos
1225 3717 1308 3774 ssdes.
1325 3718 1386 3773 lmo
1400 3717 1474 3774 nihil
1498 3723 1544 3775 est
1572 3721 1650 3793 apud
1672 3720 1737 3778 illos
1762 3720 1822 3779 nisi

822 3838 925 3899 Variae
942 3838 1104 3900 lectiones.

146 3943 172 3979 ⁸¹
188 3940 347 4015 Relinquat
364 3942 494 3999 Ecclesia
506 3944 582 3999 tam.
600 3943 664 3999 Eod.
683 3945 709 4005 1.
724 3944 753 4006 2,
769 3943 821 3999 NC.
839 3944 866 4010 1,
880 3944 907 3998 2.
925 3944 987 3999 tia.
1000 3943 1082 3999 Edor.
1098 3942 1122 3976 ”
1137 3940 1349 3997 Conversornm
1367 3946 1443 3999 tam.
1472 3942 1537 3999 Bod.
1553 3946 1580 3998 2.
1606 3946 1690 4001 Ebur.
1720 3944 1775 4001 ΝΟ.
1790 3947 1817 4001 1·

110 4012 209 4069 ¹'Sia
226 4014 303 4069 Lam.
320 4013 385 4069 aaa.
403 4014 469 4080 1,2.
487 4016 571 4071 Ehor.
583 4016 645 4071 tia.
666 4015 721 4072 MC.
738 4016 764 4083 1,
779 4018 807 4071 2.
819 4015 866 4071 Eis
880 4015 968 4071 Casa.
984 4018 1013 4070 et
1026 4014 1091 4070 atti.
1122 4012 1215 4067 ’‘Sic.
1231 4013 1299 4067 lam
1326 4013 1411 4068 Edon.
1429 4014 1494 4070 End.
1511 4016 1537 4083 l,
1553 4016 1581 4070 2.
1598 4018 1660 4072 Liri.
1676 4015 1730 4072 ΝΟ.
1749 4018 1775 4081 1,
1790 4018 1817 4071 2.

110 4084 246 4141 Veniunt
260 4090 293 4140 ut
303 4085 401 4140 dicant
416 4103 452 4141 sn
465 4085 552 4142 Ocrea.
569 4088 592 4121 ²³
607 4088 664 4143 Nos
679 4104 737 4141 non
754 4088 858 4142 demus
873 4091 920 4143 stu
944 4101 1025 4143 orem
1041 4082 1185 4140 hereticis
1201 4084 1352 4155 patrocino
1368 4088 1642 4154 consensusnoetri,
1654 4104 1721 4143 cum
1738 4088 1817 4143 tam.

112 4156 202 4211 lt'hor.
220 4156 283 4211 aaa.
301 4158 438 4223 12110.
457 4159 482 4223 l,
503 4160 529 4212 2.
548 4158 570 4193 ¹⁶
585 4158 639 4214 Sic.
658 4159 732 4213 Lam.
749 4160 827 4213 Etor.
842 4160 904 4214 Liri.
921 4104 975 4214 KG.
992 4158 1058 4225 t,2.
1076 4154 1142 4210 Cori.
1161 4155 1185 4221 1,
1201 4157 1228 4209 2.
1258 4155 1321 4209 Fab.
1349 4156 1461 4212 Cladiis
1487 4174 1520 4213 ac
1544 4158 1663 4214 venenis
1692 4156 1780 4214 Oeen.
1795 4158 1818 4193 ”

108 4226 417 4293 sacrosacrae.
433 4229 495 4283 tia.
512 4230 565 4285 aa.
583 4232 609 4295 1,
625 4232 650 4284 2
668 4228 856 4300 Singulorum
873 4229 960 4285 Oxoa.
977 4229 1001 4265 ²¹
1017 4226 1139 4283 lnstruit
1153 4232 1181 4282 et
1196 4227 1289 4291 docet,
1301 4226 1402 4283 dicens
1413 4228 1489 4283 Lam.
1503 4230 1583 4285 Edar.
1595 4229 1648 4285 ΝΟ.
1665 4230 1690 4296 1,
1706 4230 1734 4284 2.
1751 4228 1817 4285 Ead.

109 4298 142 4367 1,
157 4298 187 4353 2.
205 4298 266 4354 Eia.
284 4299 415 4354 Instituit
429 4302 516 4355 deon.
532 4302 555 4335 ”
573 4300 679 4356 Gentes
694 4317 796 4356 omnes
811 4300 959 4373 tingentes
971 4301 1048 4356 ham.
1070 4298 1148 4355 Ebur.
1166 4299 1229 4353 Bod.
1246 4299 1271 4366 1,
1283 4300 1309 4352 2.
1326 4300 1384 4353 NG.
1399 4300 1424 4369 1,
1439 4300 1466 4355 2.
1482 4300 1666 4371 ”Numquid
1681 4301 1817 4356 eumdem

110 4386 204 4497 quem
221 4374 250 4425 et
265 4386 319 4425 nos
334 4372 413 4426 novit
427 4372 504 4427 Lam.
523 4372 587 4427 flod.
606 4372 631 4437 1,
645 4373 673 4425 2.
691 4373 769 4428 Ebur.
785 4374 849 4429 tiri.
869 4372 922 4429 ΝΟ.
940 4374 966 4438 1,
980 4372 1009 4428 2.
1021 4372 1044 4408 ”
1059 4370 1201 4427 Eumdem
1216 4368 1306 4425 Deum
1324 4368 1419 4426 filium
1434 4370 1500 4427 Bod.
1525 4373 1552 4427 2.
1578 4372 1630 4427 tia
1644 4372 1677 4427 Ν.
1694 4371 1723 4427 C.
1746 4372 1773 4439 t,
1789 4372 1816 4427 2.

134 4444 199 4497 hor.
216 4440 357 4498 llumdem
373 4443 451 4498 novit
466 4441 559 4498 filium
570 4444 636 4499 aaa.

716 4533 865 4613 Stephani
879 4532 997 4593 Baluaii
1011 4538 1105 4592 notae.

163 4636 198 4691 18
225 4640 372 4694 Extraaec.
389 4638 483 4694 Codex
498 4639 528 4694 S.
544 4638 687 4712 Arnulphi
702 4640 834 4695 extrario.
955 4652 978 4717 ὓ
1028 4636 1085 4708 (23)
1118 4636 1276 4717 d’atraciaia
1291 4650 1446 4693 consensus.
1476 4636 1571 4694 Codex
1608 4638 1639 4695 S.
1664 4636 1819 4712 Arnulphi,

163 4708 198 4763 ra
225 4709 420 4781 delinquamus
434 4711 561 4768 Ecclesia
578 4711 659 4766 Idem
682 4711 783 4779 codex,
808 4710 940 4783 relinquit
991 4708 1143 4781 patrocinii
1156 4712 1182 4761 et
1194 4722 1352 4763 remensus.

114 4779 252 4837 Ecclesia.
1029 4780 1086 4850 (23)
1102 4778 1287 4847 Qaaereadam
1305 4780 1420 4834 nonsit.
1449 4779 1523 4837 Vide
1548 4780 1657 4837 librum
1682 4779 1820 4853 anonymi

150 4850 209 4921 (21))
227 4854 319 4921 trapa
332 4855 408 4908 setar.
426 4852 496 4908 Vide
525 4851 739 4909 ohservationes
767 4852 800 4909 lli
822 4852 883 4909 altii
906 4852 942 4909 ad
996 4850 1028 4906 de
1039 4852 1231 4920 llapatismate,
1248 4850 1324 4905 intra
1339 4867 1367 4922 p.
1381 4850 1444 4906 353.

111 4920 198 4977 hunc
214 4922 320 4978 locum.
339 4922 407 4979 Vide
421 4924 667 4980 etiamSirmondi
684 4930 767 4981 notas
781 4870 822 4981 ag
833 4924 942 4981 librum
1032 4922 1088 4993 (25)
1110 4920 1211 4976 dritlrro
1233 4922 1302 4977 iani.
1331 4921 1403 4976 Vide
1429 4922 1591 4979 doctissimi
1615 4921 1670 4979 viri
1695 4920 1819 4979 loannis

110 5008 133 5049 x
143 4992 285 5049 Eacundi.
996 4992 1132 5065 Baptista
1143 4938 1274 5048 cotelerii
1290 4994 1417 5050 notasad
1433 4992 1541 5051 librum
1555 4998 1670 5051 sextum
1685 4994 1819 5051 Corutitu·

151 5064 211 5131 (21)
223 5064 263 5120 Ad
276 5064 328 5121 hoa
340 5066 413 5121 veatt
428 5070 460 5121 ut
482 5066 579 5121 discat.
602 5066 646 5121 lta
672 5082 728 5121 xvn
759 5066 826 5121 libri
851 5065 942 5122 nostri
997 5064 1481 5137 tioaamapostolicarum,cap.10.

105 5142 230 5191 veteres
243 5140 272 5191 et
287 5152 325 5192 vu
336 5136 499 5209 anglicani.
511 5138 611 5210 Neque
623 5137 749 5194 dubitari
767 5141 861 5211 potest
871 5138 941 5210 quin
1032 5136 1088 5219 (26)
1102 5136 1193 5193 Clodii
1204 5152 1236 5191 aa
1262 5152 1367 5191 uenena
1382 5136 1423 5191 lta
1456 5136 1656 5208 reponendum
1671 5150 1735 5190 esse
1749 5150 1817 5189 cen·

108 5204 181 5263 bae
195 5206 281 5263 lectio
295 5208 334 5263 sit
348 5208 468 5281 optima.
996 5224 1123 5277 surmus,
1134 5207 1203 5278 quia
1218 5208 1259 5261 ita
1273 5207 1416 5278 scriptum
1439 5208 1606 5264 invenimus
1625 5208 1655 5262 in
1679 5206 1818 5261 tredecim

152 5279 213 5349 (22)
224 5278 356 5335 actenus
369 5288 516 5351 stuporem.
533 5279 595 5334 bun
611 5278 676 5334 libri
692 5278 942 5345 veteres,debemas
996 5277 1080 5335 libris
1098 5278 1207 5333 nostris
1223 5278 1368 5333 veteribus
1384 5284 1412 5333 et
1435 5278 1464 5333 in
1493 5286 1604 5351 septem
1637 5276 1816 5351 anglicanis.

109 5350 367 5421 staporehaeretici
386 5353 561 5421 patrocinari
578 5350 720 5407 hereticos
747 5355 773 5405 et
795 5366 943 5407 ranimirus
996 5350 1090 5405 Cladii
1105 5354 1202 5405 autern
1219 5348 1258 5405 illi
1275 5354 1304 5405 et
1318 5350 1602 5405 venenarelsruntur
1616 5351 1650 5405 ad
1668 5348 1819 5407 haereticas

109 5424 219 5487 nostri,
235 5428 291 5487 etc,
308 5424 361 5479 Sex
387 5422 551 5494 Anglicsni,
580 5438 636 5477 aaa
661 5422 790 5477 deocarus
804 5429 941 5492 stuporem
996 5420 1061 5477 illos
1077 5426 1218 5493 tanquam
1229 5420 1366 5491 epitheta,
1383 5426 1415 5475 ut
1430 5437 1505 5494 sape
1528 5423 1605 5494 apud
1630 5426 1761 5479 oratores
1788 5424 1819 5479 et

112 5490 260 5549 maricis
273 5495 584 5565 patrociniocoarcaras
599 5498 695 5559 narmi,
713 5510 785 5557 cam,
815 5498 868 5547 etc.
901 5493 942 5547 lta
997 5492 1160 5549 historicos.

112 5562 251 5620 chamin
267 5580 326 5620 uno
336 5581 371 5622 ex
385 5565 503 5621 nostris.
520 5565 662 5637 stuporem
684 5564 849 5636 pestilitatis
870 5564 943 5620 dixit
1030 5565 1087 5635 (27)
1102 5562 1427 5633 BaptiaaranturCodex
1440 5564 1535 5621 sanati
1549 5564 1694 5637 Araulphi
1707 5565 1819 5637 tineae·

117 5632 398 5693 Pontiusdiacanus
408 5636 438 5693 in
455 5636 518 5693 Vita
528 5636 674 5709 Cypriani.
994 5642 1104 5693 rantur.
