3892 6104
116 358 195 417 tota
625 360 658 420 S.
682 358 915 420 eneruatius
937 355 1040 417 Pars
1061 357 1111 418 ΕΤ
1132 356 1311 418 marva.
1746 359 1820 422 {020

114 503 219 560 porum
235 486 430 542 consensione
444 487 616 546 discessisse
631 489 820 546 nuntiabunt.
831 487 872 544 Eo
887 504 942 543 an·
956 487 984 559 Ᾰ
998 485 1079 543 sione
1093 487 1236 543 nudatam
1252 488 1377 544 Romam
1388 502 1525 560 pergens,
1540 487 1726 560 Stephanum
1740 488 1822 546 colle·

114 581 174 632 tem
191 575 318 631 audacie
336 579 511 648 proruperat
525 577 701 646 Marcianus,
725 582 758 633 ut
773 578 809 633 de
824 574 944 648 collegio
998 591 1065 647 gam
1081 580 1216 631 nostrum
1231 576 1316 649 longe
1331 577 1473 648 positum,
1489 581 1517 632 et
1531 580 1618 649 geste
1632 576 1672 633 rei
1684 592 1718 632 ac
1732 578 1823 633 tacita

117 664 376 736 sacerdotum,qui
393 664 493 738 lapsis,
507 671 573 738 post
588 667 715 723 debitam
731 666 943 740 paenitentiam,
998 664 1128 720 veritatis
1145 664 1279 736 ignarum
1304 664 1417 736 ietellit,
1434 669 1466 721 ut
1491 666 1654 721 exambiret
1669 665 1771 738 reponi
1796 683 1824 722 se

116 770 219 827 pacem
236 754 364 809 dandam
389 754 560 823 censebant,
580 755 716 828 judicare
741 770 848 827 eosque
873 770 890 810 a
913 769 945 809 se
998 751 1108 825 injuste
1122 751 1152 808 ln
1168 753 1381 825 episcopatum,
1400 754 1435 809 de
1450 770 1508 827 quo
1532 755 1626 811 inerat
1641 754 1725 826 juste
1741 756 1825 826 depo·

116 858 271 915 segregare
295 858 354 897 non
377 842 505 913 timeret,
520 859 587 898 eum
608 845 644 900 ab
669 844 716 899 bis
740 843 803 916 ipse
818 841 944 898 necdum
999 842 1085 898 situs.
1102 839 1162 898 Hoc
1176 858 1209 898 eo
1224 842 1361 914 pertinet,
1373 847 1405 898 ut
1420 842 1558 899 Basilidis
1574 859 1632 899 non
1648 849 1708 900 tam
1720 842 1826 899 abolita

116 932 267 986 abstentus
293 931 448 987 videretur.
465 931 506 987 De
528 932 630 988 eadem
646 948 676 988 re
693 932 851 988 Faustinus
866 930 945 988 idem
998 930 1070 1002 sint,
1086 947 1175 1004 quam
1191 931 1340 988 cumulata
1354 931 1471 1001 delicta,
1486 935 1520 988 nt
1538 933 1574 988 ad
1590 931 1747 1005 superiora
1762 949 1826 1004 pec·

116 1018 207 1075 semel
223 1019 372 1076 etiterum
389 1020 425 1075 ad
441 1020 618 1093 cyprianum
631 1021 747 1094 scripsit
758 1022 856 1094 (Epist.
874 1038 895 1086 ι,
910 1018 945 1075 od
1000 1023 1063 1075 rata
1077 1021 1154 1091 ejus,
1168 1020 1256 1076 etiam
1271 1019 1393 1077 fallaciae
1408 1025 1438 1077 et
1457 1021 1718 1080 circumventionis
1732 1021 1825 1079 scelus

116 1109 224 1181 steph,
240 1127 270 1163 n.
287 1109 323 1180 l).
346 1110 427 1175 Quod
453 1110 518 1166 ideo
533 1111 642 1166 laetum
667 1110 854 1182 suspicantur
872 1125 945 1166 uon·
1000 1109 1166 1166 accesserit.
1183 1109 1282 1181 Neque
1296 1110 1374 1165 enim
1391 1114 1452 1165 tam
1468 1108 1632 1183 culpandus
1647 1115 1695 1166 est
1708 1109 1759 1166 ille
1783 1111 1825 1166 cui

117 1196 202 1268 nulli,
220 1202 253 1254 ut
266 1214 334 1255 cum
349 1198 508 1256 Faustinus
532 1199 652 1257 associi
677 1199 751 1257 nihil
768 1198 945 1270 aStephano
1000 1198 1183 1271 negligenter
1196 1198 1350 1273 obreptum
1367 1204 1423 1271 est,
1446 1215 1535 1272 quem
1557 1198 1606 1256 hio
1627 1198 1826 1258 exsecrandus

117 1286 328 1356 obtinuissent,
342 1288 407 1358 ejus
423 1303 512 1360 opera
525 1287 570 1345 vel
586 1288 707 1345 monitis
723 1287 877 1361 suppetias
892 1286 945 1344 Ca·
1001 1287 1050 1358 qui
1067 1285 1268 1344 fraudulenter
1281 1287 1412 1360 obrepsit
1423 1304 1455 1342 :a
1472 1291 1506 1344 ut
1521 1285 1632 1344 scilicet
1645 1285 1766 1345 litteras
1779 1287 1825 1344 ob·

117 1375 235 1432 tholieis
249 1375 394 1448 episcopis
410 1376 612 1448 impetrarent.
628 1377 738 1449 Nempe
754 1378 805 1450 qui
821 1376 946 1433 summis
999 1376 1117 1442 linerat,
1133 1377 1242 1447 quibus
1256 1381 1285 1433 et
1298 1376 1467 1432 communic
1490 1380 1521 1432 et
1539 1377 1624 1433 sedes
1647 1375 1709 1447 ipsi
1728 1376 1825 1432 redde·

116 1465 204 1521 rebus
216 1466 435 1538 president,ubi
449 1466 607 1523 nonnullas
622 1466 666 1524 val
683 1483 740 1540 pre
755 1465 847 1523 nimia
860 1480 945 1521 occu·
1001 1469 1112 1521 rantur.
1128 1464 1271 1520 Neutrum
1285 1463 1364 1521 enim
1379 1465 1436 1537 ipsi
1453 1464 1517 1521 sine
1531 1463 1650 1531 litteris,
1662 1481 1729 1536 que
1744 1471 1774 1521 et
1783 1465 1826 1537 jn·

116 1555 234 1625 petione
253 1554 298 1611 vel
322 1571 375 1628 pro
400 1554 557 1628 prudentia
580 1554 696 1612 differre
720 1553 946 1627 compelluntur,
1000 1551 1068 1609 dicii
1084 1552 1237 1625 Stephani,
1254 1558 1283 1609 et
1297 1552 1354 1609 sibi
1370 1553 1406 1609 ab
1421 1568 1455 1610 ec
1471 1552 1590 1609 indulta
1605 1553 1825 1611 communionis

117 1660 193 1716 sepa
213 1643 371 1716 culpantur
399 1648 433 1700 ut
456 1660 572 1716 segnes,
596 1643 648 1700 ubi
673 1660 739 1701 vero
762 1642 945 1715 diligentiam
1000 1646 1090 1699 testes
1104 1646 1213 1711 essent,
1229 1642 1408 1716 sperandum
1429 1642 1533 1700 iuerat.
1558 1643 1633 1700 Eum
1656 1646 1824 1701 autemnon

117 1732 268 1800 adhibent,
284 1732 332 1788 vin
345 1733 436 1788 vitare
451 1737 564 1806 queunt
579 1732 738 1806 praecipitis
748 1732 840 1788 animi
850 1730 946 1803 suspi-
998 1734 1113 1787 tantum
1127 1730 1267 1804 Stephani
1283 1731 1531 1803 communionem,
1557 1731 1608 1788 sed
1633 1740 1662 1788 et
1677 1731 1826 1804 episcopa·

117 1822 243 1879 cionem.
260 1822 300 1877 td
318 1820 495 1895 cyprianum
511 1822 589 1894 quod
605 1822 718 1891 attinet,
734 1822 806 1878 adeo
820 1837 877 1876 non
890 1822 946 1876 du·
964 1855 988 1920 B
1002 1824 1076 1887 tum,
1087 1824 1116 1875 et
1126 1836 1193 1876 eum
1204 1819 1323 1892 quidem
1334 1836 1392 1893 quo
1403 1821 1533 1892 dejectus
1543 1820 1825 1892 iuerat,exambiiase

118 1910 232 1979 bitauit,
249 1909 321 1983 quin
338 1910 506 1984 Stephanus
521 1909 616 1983 ipsius
638 1910 763 1968 consilio
778 1913 806 1967 et
828 1909 946 1966 hortatu
1003 1909 1133 1982 proxime
1146 1909 1382 1982 relataCyprlani
1393 1908 1824 1982 verhapersuadent.0uorsurn

116 1998 230 2055 litteras
245 1999 281 2055 ad
297 1999 476 2070 provinciam
492 2004 522 2055 et
535 1999 651 2071 plebem
664 1998 864 2056 arelatensem
879 1998 947 2055 mit·
1001 1997 1079 2055 enim
1091 1997 1332 2072 Sabiniinipsius
1343 1996 1439 2056 locum
1450 1998 1601 2071 subrogati
1612 1998 1825 2055 ordinationem

117 2091 203 2154 teret,
226 2087 335 2158 quibus
356 2091 386 2143 et
415 2087 598 2144 Marcianum
621 2087 772 2155 abstineri,
800 2090 829 2143 et
855 2087 947 2144 alium
1002 2086 1177 2154 rescindere,
1194 2085 1234 2142 rei
1250 2091 1339 2159 geste
1356 2086 1446 2142 tacita
1458 2087 1589 2156 veritate,
1605 2091 1764 2154 tentasset,
1777 2086 1825 2143 nisi

27 2243 29 2257 Ι
116 2176 287 2249 episcopum
312 2175 342 2230 in
366 2178 430 2246 ejus
452 2175 548 2232 locum
565 2176 704 2232 substitui
720 2176 897 2250 preciperet,
915 2178 948 2231 ut
1002 2178 1036 2230 ut
1050 2174 1086 2230 ad
1098 2190 1164 2231 eam
1179 2175 1279 2231 aedem
1294 2173 1411 2243 rediret,
1426 2175 1502 2231 unde
1516 2191 1547 2231 se
1561 2174 1822 2248 inlustadejectum

117 2269 146 2320 et
158 2265 226 2338 quis
237 2263 323 2321 inerit
334 2263 514 2322 substitutus
525 2265 581 2322 sibi
596 2263 756 2339 significari
767 2262 948 2338 simulroget
1002 2262 1223 2321 mentiebatur?

116 2351 196 2422 (M
215 2369 243 2409 ¹¹·
267 2353 285 2410 3
307 2356 336 2408 οἱ
349 2354 390 2422 5)·
409 2353 586 2425 H⁰j¹²⁸m⁰di
609 2358 708 2411 ”stem
724 2352 837 2410 lim
852 2371 870 2410 ⁸
883 2353 946 2411 εἶθ’
1035 2389 1062 2443 l.
1078 2387 1218 2444 Observat
1232 2387 1379 2445 Pamelius
1394 2411 1409 2439 «
1425 2388 1504 2446 huno
1524 2389 1622 2445 locum
1641 2406 1695 2463 pro
1708 2389 1825 2447 Romani

117 2441 215 2543 phano
230 2441 338 2498 missas
353 2440 445 2543 fuisse
459 2441 514 2499 hoe
528 2441 637 2498 indicio
648 2443 793 2543 estquod
809 2441 838 2497 in
850 2440 948 2542 arela-
1002 2476 1150 2550 pontificis
1174 2476 1347 2535 auctoritate
1369 2477 1473 2547 sm,
1500 2482 1600 2552 utpote
1625 2495 1686 2552 quo
1710 2483 1825 2550 comm.

116 2531 250 2586 tensrbus
267 2530 424 2603 diptychis,
439 2534 472 2586 ut
482 2532 544 2603 jam
562 2532 791 2602 observavimus,
806 2529 947 2587 Marciani
1001 2565 1155 2638 episcopos
1170 2566 1240 2623 sede
1260 2565 1390 2638 dejectos
1404 2565 1435 2622 in
1452 2567 1601 2638 Hispaniis
1622 2567 1720 2625 8olm
1738 2568 1776 2625 nd
1795 2566 1824 2625 ss·

117 2635 224 2676 ¹¹⁰m⁰¹¹
239 2636 297 2675 ¹¹⁰⁰
314 2623 473 2694 mmmm·
500 2620 582 2688 Qu⁰d
603 2620 633 2677 in
655 2604 771 2694 ”⁰3⁰t50
785 2619 947 2693 Cypriam
1001 2653 1063 2710 lum
1076 2669 1264 2710 recurrere.»
1287 2653 1340 2710 Cui
1364 2654 1559 2712 observationi
1579 2672 1694 2713 novum
1718 2657 1823 2729 pondus

117 2725 207 2809 Qum,
220 2709 285 2781 ip⁸⁰
299 2724 352 2781 pm
367 2708 505 2766 ⁰m¹¹ib¹¹⁸
516 2708 655 2810 E⁰⁰¹⁰⁸iiff
670 2709 803 2810 ”udfunff
818 2725 852 2767 ⁸⁰
867 2707 946 2766 ⁸⁰ffi'
1001 2742 1161 2807 accederet,
1177 2740 1202 2798 ai
1217 2747 1245 2798 et
1257 2741 1420 2799 Martialem
1431 2743 1644 2800 Emeritensem
1656 2745 1819 2817 episcopum

118 2798 279 2853 crtudrnem
294 2797 502 2868 comprobans,
528 2798 650 2855 Romani
666 2798 813 2868 pontificis
831 2801 895 2853 tum
910 2797 946 2853 ed
1000 2830 1102 2887 eodem
1113 2834 1244 2902 tempore
1257 2830 1294 2886 ab
1306 2830 1475 2904 episcopatu
1488 2832 1673 2901 submotum,
1684 2832 1822 2906 quemn?

117 2886 329 2987 dim⁰v⁰nd9m
343 2885 462 2986 ὀψο
484 2902 538 2942 ⁸¹¹⁸
554 2885 945 2987 Arelat⁶n⁸⁰m,⁰pi⁸⁰⁰p⁰mt
1001 2919 1124 2993 prienus
1133 2919 1209 2976 981
1220 2919 1336 2977 Fallacia
1348 2920 1458 2992 pariter
1468 2937 1557 2978 usum
1568 2938 1635 2978 esse
1645 2923 1823 2991 notat,utab·

116 2980 180 3031 tum
196 2974 232 3030 ad
249 2973 339 3032 alium
365 2991 390 3031 er
407 2973 630 3049 subrogandum
650 2978 852 3032 auctoritatem
868 2974 947 3032 haud

115 3064 205 3121 dubio
220 3063 391 3121 testimonio
408 3065 534 3136 agnovit.
556 3063 656 3137 Neque
679 3063 757 3120 enim
782 3063 947 3122 audiendus

114 3153 231 3209 videtur
246 3168 348 3209 recens
373 3152 533 3210 annalium
547 3151 787 3227 Cyprianicorum
811 3153 947 3226 scriptor·

113 3242 198 3313 cujus
213 3238 361 3298 sententie
375 3240 450 3297 nihil
466 3264 480 3292 «
491 3240 564 3297 nihil
579 3259 596 3296 a
610 3242 758 3314 Stephano
773 3241 943 3313 postulabat

113 3329 302 3404 Cyprianus»
318 3334 397 3399 (cum
413 3329 456 3386 illi
473 3334 575 3388 auctor
589 3334 652 3387 erat
666 3336 699 3385 ut
711 3329 870 3388 litterasad
879 3346 946 3404 pro·

111 3419 239 3477 vinciam
265 3419 414 3492 mitteret),
432 3440 446 3469 κ
471 3419 549 3491 quod
574 3419 637 3491 ipse
660 3424 799 3491 prestare
821 3423 946 3492 paratus

114 3524 172 3563 non
189 3512 261 3575 erat,
277 3527 290 3560 ι
304 3507 361 3563 nisi
376 3507 584 3575 subaudiatur,
598 3529 612 3558 a
628 3507 699 3563 siin
715 3507 817 3564 eadem
832 3507 902 3565 sede
912 3523 946 3567 ao

118 3594 311 3651 innotuisset.
329 3618 341 3647 s

152 3686 180 3737 2.
198 3683 330 3740 Faustini
354 3684 389 3738 ad
416 3682 599 3756 Stephanum
624 3682 736 3740 litteras
760 3684 796 3740 ad
816 3683 945 3757 primum

119 3773 211 3844 hujus
238 3771 385 3846 pontilicis
409 3788 519 3829 annum
554 3772 655 3829 reterri
685 3772 758 3829 nihil
784 3774 947 3833 natatiles

1001 3013 1133 3080 rogatam
1143 3007 1200 3065 sibi
1215 3008 1389 3081 dignitatem
1404 3009 1656 3082 usurparet‚hanc
1666 3010 1761 3084 ipsius
1771 3011 1822 3067 Ste-

1002 3096 1091 3170 phani
1106 3097 1278 3154 auctoritate
1292 3097 1441 3155 vindicare
1455 3099 1511 3155 sibi
1524 3098 1655 3156 voluisse
1670 3104 1818 3156 constaret.

957 3217 979 3285 c
1002 3186 1054 3242 llis
1068 3187 1219 3257 preiverat
1241 3187 1406 3262 exemplum
1427 3187 1534 3244 Privati
1550 3187 1751 3245 Lamheaitani
1765 3188 1818 3263 opi·

999 3275 1089 3349 scopi,
1102 3274 1153 3345 qui
1167 3296 1182 3326 a
1199 3274 1266 3332 moh
1277 3274 1339 3333 ulte
1353 3275 1452 3349 grevia
1466 3275 1573 3334 delicta
1588 3277 1754 3350 nonaginta
1766 3276 1818 3349 epi·

999 3379 1154 3436 scoporum
1170 3363 1316 3420 sententia
1328 3365 1542 3422 condemnatus
1558 3367 1658 3438 (Gypr.
1675 3367 1765 3440 Epist.
1776 3381 1817 3432 m,

999 3453 1132 3521 n.10).«
1154 3452 1276 3508 Romam
1301 3452 1432 3525 legatum
1457 3453 1589 3524 miserat,
1616 3460 1659 3520 ut,
1686 3455 1761 3511 Sede
1779 3470 1818 3509 ra·

1000 3545 1096 3610 cante,
1112 3538 1154 3597 vel
1172 3556 1189 3596 a
1204 3538 1281 3596 clero
1296 3540 1361 3613 ejus
1376 3540 1453 3598 furto
1464 3546 1493 3597 et
1504 3541 1707 3599 fraudulenter
1720 3542 1816 3600 litteras

1000 3629 1104 3688 elicere
1114 3634 1240 3686 curaret.
1256 3627 1339 3686 Unde
1351 3628 1485 3688 Ecclesia
1494 3631 1584 3704 hujus
1596 3631 1756 3690 auctoritas
1763 3647 1815 3689 ms·

1000 3719 1046 3792 gis
1059 3735 1093 3776 aa
1110 3718 1206 3791 magis
1220 3719 1453 3777 commendatur.
1477 3721 1512 3778 ut
1530 3720 1608 3777 hano
1625 3720 1746 3795 quidem
1760 3720 1816 3777 licat

115 3864 191 3918 certe
206 3865 274 3918 ante
288 3859 421 3918 obortam
437 3861 473 3917 de
488 3860 637 3933 baptismo
652 3861 857 3919 hereticorum
877 3877 947 3920 con·
1001 3807 1814 3971 Εὲἓέἑεξζοξᾞὲἓἓῦὲοὶυξῃέῗᾚῗωξῖῗὴὲῗὲθζῖ

113 3949 286 4005 troversinm
311 3949 437 4022 scriptas
462 3964 527 4005 esse
550 3948 653 4022 liquet.
670 3949 852 4022 Ambiguum
867 3949 946 4007 enim
1001 3984 1047 4042 lut
1061 3985 1147 4057 longe
1161 3982 1290 4057 positum
1314 3989 1344 4043 οἱ
1366 3984 1408 4042 rei
1431 3989 1519 4060 gem
1541 3986 1692 4060 ignarum,
1708 3987 1814 4058 imque

115 4042 239 4138 nonest
264 4038 336 4110 qnln
361 4038 422 4094 hec
446 4037 512 4113 ipsa
530 4037 727 4138 controversia
751 4039 894 4109 posterior
909 4031 949 4095 sit
1001 4075 1157 4146 deceptum
1185 4077 1376 4146 ,emmam
1399 4073 1507 4146 (Cym
1537 4075 1624 4147 plu-,y
1648 4078 1726 4148 m),
1752 4074 1815 4138 0110·

114 4126 248 4200 epistola,
266 4143 355 4200 quam
379 4126 567 4200 postmodum
591 4126 753 4199 Cyprianus
769 4127 945 4199 adStephe-
1002 4163 1078 4220 eim
1105 4162 1250 4236 ,umqum
1280 4163 1370 4236 Epist·
1400 4179 1451 4229 qn,
1481 4180 1511 4219 n,
1531 4166 1577 4231 qq,
1604 4165 1640 4222 ,d
1664 4164 1813 4221 comptum

115 4233 188 4273 ”¹¹¹⁰
204 4217 240 4273 ὼ
261 4216 403 4273 Mffliani
418 4231 508 4273 ΜΕ
523 4215 652 4316 ἷῦήρεῆ·
667 4215 748 4272 Hm
763 4220 862 4272 ‘ntem
877 4233 947 4273 Μ’
1000 4250 1128 4327 scripsit,
1138 4251 1174 4307 ab
1190 4250 1327 4308 omnibus
1342 4251 1393 4325 qui
1407 4259 1587 4309 secumsunt
1600 4256 1744 4310 statutum
1753 4265 1814 4317 mse.

117 4303 949 4410 ⁸f²m⁸d⁵⁰⁰⁰f¹dumst⁶phss⁸n¹⁸nnmf¹jffmaunuum*
1002 4365 1017 4393 α
1033 4341 1316 4415 utuniuscujusque
1339 4358 1429 4400 cause
1457 4341 1517 4400 illic
1546 4342 1697 4415 audiatur,
1722 4342 1817 4400 uhisst

118 4401 211 4451 tmere
225 4396 382 4470 predictus
396 4394 551 4451 Annatsom
567 4394 798 4467 Cyproootcorom
822 4398 949 4466 sorrptor
1003 4429 1113 4485 crimen
1145 4428 1386 4497 admimumvubi
1410 4434 1439 4486 e,
1462 4435 1649 4488 mmm
1674 4429 1817 4487 mm,

119 4485 233 4556 prohat.
251 4483 331 4541 Unde
345 4483 479 4556 sequitur
494 4487 527 4540 ut
541 4482 567 4540 si
583 4500 656 4557 quas
672 4483 815 4540 suadebat
828 4481 950 4556 Cypria·
1002 4522 1094 4575 testes
1109 4516 1241 4575 oriminis
1255 4516 1302 4572 wi
1317 4517 1607 4589 possinwsonm,
1619 4516 1818 4592 pomam

120 4589 177 4629 nus
200 4571 314 4629 litteras
336 4572 501 4645 Stephanus
515 4574 551 4629 ad
567 4572 752 4631 Arelatenses
767 4573 890 4645 miserit,
904 4571 988 4652 hel)
1003 4607 1097 4666 simu,
1125 4604 1254 4679 pontifex
1282 4607 1439 4679 Gregorius
1463 4605 1543 4665 idom
1574 4606 1792 4665 incommodum
1810 4621 1817 4660 :

119 4677 177 4716 ⁰⁰¹¹
193 4660 280 4716 ⁰ffi¹¹⁸
299 4677 376 4716 ³⁰⁰⁰
389 4662 443 4717 25⁴
457 4673 581 4719 ⁰¹⁰¹¹¹¹⁹⁰
594 4662 765 4734 ⁰⁰⁰⁸⁰riptae
781 4662 851 4719 ΒΜ·
1000 4696 1126 4769 ideoque
1136 4693 1215 4750 Petri
1231 4693 1386 4766 cujusdam
1398 4693 1528 4770 episcopi
1540 4694 1820 4770 Numidas,quidam·

513 4823 537 4880 ss
1001 4789 1089 4841 natus
1105 4783 1141 4839 ad
1160 4783 1259 4855 ipsum
1281 4783 1495 4854 consecrated
1520 4783 1655 4853 eiusdem
1677 4784 1820 4860 provincia

542 4866 548 4877 '
1002 4871 1143 4946 presules
1157 4888 1278 4928 causam
1298 4871 1413 4929 detulit.
1435 4872 1483 4929 Sic
1500 4888 1535 4928 ea
1557 4873 1595 4930 de
1611 4891 1645 4931 re
1666 4876 1706 4931 ad
1721 4875 1823 4932 Colum

155 4968 182 5024 3.
198 4964 351 5037 Basilides,
368 4965 505 5039 Legionis
516 4969 544 5021 et
557 4966 697 5022 Asturica
711 4964 948 5039 episcopus,eum
1000 4961 1074 5017 bum
1087 4958 1232 5016 Numidiae
1252 4960 1422 5034 episcopum
1444 4961 1600 5034 loquitur:
1624 4986 1639 5014 a
1663 4965 1825 5022 Indicamua

119 5058 156 5112 ob
171 5054 342 5112 idololatriae
359 5054 456 5111 scelus
466 5053 583 5126 aliaque
593 5053 719 5109 crimina
730 5053 766 5109 ah
777 5054 948 5126 episcopatu
1003 5049 1104 5121 itaque
1118 5048 1273 5105 Sanctitati
1286 5049 1409 5118 Vestras,
1423 5050 1537 5107 venisse
1550 5050 1587 5106 ad
1604 5067 1661 5108 nos
1676 5052 1826 5125 quemdam

119 5144 261 5217 depulsus
275 5147 363 5213 esset,
379 5145 502 5217 ejusque
517 5141 580 5199 loco
595 5141 722 5199 Sabinus
737 5141 842 5198 luisset
857 5142 947 5197 sutie-
1002 5138 1122 5194 Petrum
1141 5138 1270 5205 nomine,
1296 5137 1346 5211 qui
1362 5154 1393 5195 se
1409 5139 1515 5195 asserit
1539 5139 1633 5197 luisse
1647 5141 1830 5215 episcopum,

121 5241 196 5303 ctus,
213 5248 277 5290 seso
292 5234 415 5291 Romam
431 5233 467 5289 ad
482 5232 666 5304 Stephanum
678 5230 813 5302 contulit,
823 5248 840 5286 a
850 5233 950 5303 quout
1004 5232 1091 5299 atque
1105 5245 1201 5284 cause
1216 5245 1275 5286 sue
1290 5245 1309 5285 a
1323 5227 1408 5286 nobis
1427 5227 1591 5287 remedium
1608 5230 1787 5303 postulasse.
1801 5229 1830 5286 lit

121 5321 152 5375 in
168 5323 266 5378 sedem
291 5340 374 5379 suam
396 5322 599 5378 restitueretur
618 5319 754 5378 obtinuit.
775 5319 815 5377 De
838 5319 893 5377 ban
918 5336 950 5379 re
1003 5316 1086 5388 prius
1110 5316 1231 5388 quidem
1254 5315 1434 5388 retulitque
1449 5316 1538 5390 digna
1557 5333 1624 5375 esse
1649 5321 1836 5377 miseratione

123 5409 194 5479 quid
219 5412 339 5467 sentiret
362 5409 523 5482 Cyprianus
547 5409 588 5465 ita
612 5409 728 5482 aperuit
743 5409 785 5464 Ec
801 5408 948 5480 Cypriane,
1004 5405 1191 5477 potuissent:
1209 5405 1260 5461 sed
1287 5405 1481 5476 requirentes,
1503 5410 1608 5477 postea
1635 5407 1733 5465 multo
1762 5408 1838 5465 aliter

123 5499 203 5568 epist.
217 5500 264 5569 68)
280 5515 313 5552 z«
328 5499 386 5555 Nec
399 5499 564 5554 rescindere
578 5498 791 5554 ordinationem
801 5497 869 5569 jure
884 5513 949 5568 per·
1004 5510 1092 5565 quam
1106 5494 1247 5549 indicavit
1261 5492 1472 5560 invenimus‚et
1483 5494 1674 5552 vehementer
1683 5498 1753 5570 ejus
1765 5498 1837 5554 actio

124 5587 230 5642 lectam
253 5585 314 5658 (id.)
339 5593 444 5659 potest,
468 5588 546 5659 quod
573 5587 713 5643 Basilidas
737 5593 803 5659 post
827 5586 950 5641 crimina
1004 5600 1057 5649 noe
1071 5582 1264 5638 contristavit.
1273 5582 1327 5638 Sed
1343 5581 1412 5653 qnia
1421 5597 1517 5638 canae
1528 5582 1626 5656 ipsius
1640 5585 1761 5642 interna
1772 5586 1837 5643 sub·

125 5691 180 5731 sua
194 5675 316 5742 detecta,
333 5677 362 5730 et
373 5675 582 5731 conscientiam
597 5679 686 5732 etiam
704 5674 822 5747 propria
836 5673 950 5729 conles·
1003 5671 1097 5727 tiliter
1112 5687 1298 5744 nequaquam
1313 5670 1546 5742 addiscare,tam
1562 5670 1651 5748 lango
1664 5674 1784 5732 itineris
1797 5675 1838 5732 in·
