3892 6104
101 336 130 346 ..
165 332 170 339 .
299 338 302 343 ,
667 260 671 267 '
746 248 750 253 ¹
822 248 1095 323 leSERTA'PiO.
1244 242 1248 251 ¹
1924 342 1928 349 Ι

107 355 224 464 attffllssi
252 352 362 449 tonum
375 386 555 464 crepitaculo
570 388 735 459 lacerabat
752 386 886 467 sepelite,
902 394 931 449 et
943 393 972 460 A
985 390 1037 449 lib.
1053 408 1074 449 u
1094 394 1218 465 Prosper.
1241 392 1358 469 donno,
1381 410 1445 469 cap.
1471 396 1498 465 l,
1524 410 1591 470 paq.
1616 398 1672 469 lb).
1707 397 1811 455 Postea
1881 418 1886 427 ·
1927 446 1930 453 ,

111 478 308 547 'radiitentorii
321 478 353 537 io
368 480 466 539 Grnco
479 480 690 555 epigrammate
703 476 845 557 χελιδόσιν
860 478 929 535 ciac·
982 496 1051 539 roro
1066 498 1115 539 eas
1131 484 1185 539 lsis
1199 482 1319 551 invenit,
1336 500 1369 541 ec
1384 483 1518 559 singulas
1530 500 1663 559 quaeque
1677 486 1707 543 in
1724 486 1810 543 lebri-

114 572 223 651 adpone
252 570 396 628 dicantur
422 568 559 643 (Salmas,
588 570 618 627 in
645 570 748 639 Solin,
771 587 838 645 paq.
856 569 931 642 3⁴3.)
985 572 1442 646 catabominiscitigieinelusit.
1468 574 1624 631 accersitis
1638 576 1743 633 deinde
1764 580 1809 633 to-

121 668 203 735 ltqae
214 658 284 716 inde
304 658 348 715 eic
363 658 567 733 corrigendum
583 666 682 717 censet
696 660 824 716 auctoris
838 658 931 715 nostri
985 662 1048 717 tius
1067 661 1182 735 AEgppti
1208 664 1418 733 sacerdotibus,
1440 680 1682 737 unamquamque
1696 670 1809 737 partem
1878 660 1882 701 ἶ
1918 672 1946 738 .'·.'

121 754 217 809 tutam
232 763 240 805 :
256 770 272 799 a
282 748 430 821 Arpicesis
440 745 568 804 laidisad
580 747 769 805 hirundinem
780 749 932 806 sistrum.»
986 750 1120 805 tributim
1136 750 1247 817 divisit,
1262 768 1351 825 quam
1368 768 1422 807 suo
1444 752 1569 826 quisque
1588 751 1652 809 loco
1666 751 1814 827 sepeliret.

125 837 200 899 seta
210 836 358 894 liinucius
374 834 491 909 aliquod
508 836 598 894 Graeci
612 838 764 912 scriptoris
775 855 849 911 opus
860 837 935 910 lege·
988 840 1183 907 Quamobrem
1200 840 1336 912 quelibet
1349 840 1462 913 Aigypti
1476 841 1572 897 tribus
1582 840 1705 897 Osiridis
1714 846 1815 897 tomu·

123 928 163 997 rit,
175 944 228 984 uon
253 924 333 983 aliud
358 942 429 983 eane
451 925 568 983 videtur
580 932 685 999 praeter
697 928 816 984 citatam
832 927 868 984 ab
884 926 934 983 illo
988 927 1062 995 lum,
1079 930 1155 1001 apud
1173 946 1204 985 se
1219 928 1327 987 habere
1336 930 1531 995 existimabat,
1544 930 1651 997 sed,uti
1662 930 1704 987 eit
1714 936 1815 987 auctor
1899 930 1942 1009 ἦν

128 1015 263 1075 ιΙνννινᾱνί
275 1016 371 1089 Magni
386 1013 553 1087 epistolam,
570 1016 615 1070 uel
628 1014 788 1085 Plutarchi,
803 1014 847 1071 vel
862 1014 934 1072 alio·
989 1023 1099 1088 noster,
1125 1018 1242 1073 inanem
1267 1023 1296 1075 at
1319 1036 1455 1075 vacuum.
1478 1018 1650 1075 Plutarchus
1664 1034 1732 1076 asro
1747 1018 1816 1075 sim·

128 1122 176 1163 ran:
189 1103 332 1162 libroset
342 1104 373 1160 in
389 1102 448 1159 illia
463 1103 533 1175 quid
545 1120 579 1159 ea
590 1104 626 1161 de
639 1104 823 1177 rescriptum
836 1103 935 1171 inerit,
991 1105 1096 1180 plicius
1114 1107 1289 1179 breviusque
1304 1107 1375 1163 dicit
1390 1108 1496 1164 isidem
1514 1108 1636 1163 cadaver
1645 1106 1769 1165 Osiridis
1784 1122 1817 1165 ee

127 1196 176 1269 qais
189 1194 320 1250 divinare
335 1191 453 1266 potest?
470 1193 533 1250 Non
550 1198 611 1249 tam
627 1194 739 1250 incerta
753 1192 853 1266 itaque
868 1209 936 1250 con·
992 1196 1061 1251 dare
1073 1195 1320 1263 dissimulantem,
1335 1196 1453 1269 singula
1467 1200 1584 1252 tantum
1599 1194 1723 1269 singulis
1738 1197 1818 1252 urbi·
1894 1184 1912 1207 '¹
1927 1236 1941 1276 ,Ι

125 1286 334 1359 jacturacoutra
346 1281 542 1354 manuscripti
563 1282 937 1355 antiquissimi,eteditio·
992 1284 1048 1341 bus
1068 1284 1818 1360 dedissesimulacra,rcl,utnliiopinantur,aingu·
1882 1284 1942 1367 'pr‘

128 1390 179 1431 cam
192 1371 326 1429 omniurn
343 1372 443 1437 fldem,
459 1374 558 1428 textam
574 1370 624 1428 ills
640 1372 790 1429 emendari
806 1372 902 1428 debet.
992 1374 1037 1431 las
1060 1372 1140 1429 illins
1164 1374 1312 1429 cadaveris
1338 1378 1446 1446 partes,
1465 1374 1506 1428 ite
1522 1377 1553 1429 ut
1567 1373 1741 1446 inciderant,
1761 1375 1818 1433 hu·

150 1462 216 1531 Ouid
239 1477 311 1534 ergo
339 1460 380 1516 ibi
396 1459 453 1516 sibi
471 1460 617 1517 Minucius
632 1460 766 1527 uoluerit,
783 1479 799 1518 a
814 1461 899 1517 nobis
913 1454 939 1516 sl
995 1478 1091 1519 masse
1105 1462 1278 1535 (Plutarch,
1296 1462 1345 1519 lib.
1362 1463 1395 1518 de
1408 1462 1485 1532 leid„
1501 1465 1527 1518 et
1543 1462 1656 1527 Osirid,
1670 1464 1820 1537 peg.35ti).
1872 1474 1876 1481 ·
1903 1502 1907 1513 .
1925 1496 1942 1539 .···

129 1547 329 1627 postules,nibil
345 1566 400 1605 nos
419 1549 490 1605 certi
508 1549 616 1605 babere
631 1549 758 1623 ingenue
773 1550 930 1606 fatebimur
1031 1556 1109 1618 Esto,
1139 1551 1250 1623 inquiet
1277 1551 1399 1623 aliquis;
1430 1552 1557 1608 concedo
1581 1551 1698 1608 inanem
1729 1552 1820 1611 inisse
1912 1558 1938 1622 ,ᾖ

128 1640 183 1709 Ouid
196 1655 265 1698 vero
280 1638 487 1710 conjiciamus,
504 1639 527 1694 ei
545 1654 640 1711 roges,
657 1639 752 1694 uttibi
771 1655 881 1694 morem
894 1654 939 1711 ge·
995 1640 1119 1697 Osiridis
1134 1639 1417 1696 tumulurrSedcur
1428 1639 1714 1696 Minuciusaddidit:
1728 1640 1821 1697 «Sive
1883 1630 1902 1678 '-
1925 1642 1929 1652 '

129 1726 470 1802 ramuaobservareprius
481 1726 566 1798 juvat
582 1728 658 1801 quod
670 1726 843 1783 Plutarchus
853 1725 941 1805 tradis
957 1762 980 1827 Β
996 1730 1144 1803 Serapidis
1160 1730 1226 1785 tuit
1241 1751 1256 1779 »
1272 1732 1308 1784 At
1323 1728 1384 1784 hec
1400 1730 1581 1802 percontanti
1596 1728 1744 1785 Plutarchi
1759 1746 1821 1785 ver·
1892 1786 1895 1791 ,
1918 1704 1945 1802 Ῑξ

131 1820 173 1887 dit,
184 1818 287 1876 laidem
304 1818 334 1873 in
351 1817 542 1873 hirundinem
559 1816 939 1890 mutatam(Plntarob.,lib‚
995 1820 1041 1877 bis
1058 1819 1301 1892 respondebimus
1325 1820 1416 1890 (idem
1432 1819 1511 1884 itia..
1527 1834 1594 1890 pag.
1610 1818 1693 1887 362):
1709 1840 1725 1871 ν
1742 1818 1817 1876 Pro·

133 1906 223 1965 irlaitl.
235 1914 259 1963 et
274 1905 378 1963 Osirid.
396 1921 463 1978 pag.
483 1906 556 1974 356;
576 1906 647 1961 lbid.
665 1921 730 1978 pag.
746 1905 820 1978 376).
833 1905 941 1963 Deinde
995 1913 1053 1965 stat
1068 1908 1175 1964 Osirim
1198 1924 1266 1963 cum
1289 1907 1401 1962 Baccho
1429 1908 1564 1963 eumdem
1586 1908 1690 1975 iacere,
1705 1911 1818 1963 etcum
1910 1918 1917 1935 ¹
1936 1920 1941 1955 τ

133 1995 310 2053 urodstrum
329 1994 462 2067 depingit
477 1992 627 2066 superiore
642 1998 723 2065 parte
734 1994 940 2063 rotundum,ao
994 1996 1107 2052 Osiride
1135 1995 1274 2068 Serapim,
1304 1994 1345 2050 sic
1370 1994 1481 2049 dictum
1510 2000 1665 2065 postquam
1681 1998 1819 2051 naturam
1911 1990 1943 2069 ΙΞῖ

137 2082 272 2143 armamini
299 2082 380 2139 illins
400 2084 430 2138 in
455 2083 562 2138 vertice
586 2082 684 2156 effingi
710 2082 794 2139 selem
810 2083 941 2139 bumana
995 2084 1128 2153 mutarit,
1153 2085 1223 2156 quia
1246 2082 1384 2139 omnibus
1406 2083 1572 2139 communia
1598 2088 1643 2138 eet
1656 2084 1784 2155 Serapis.
1800 2104 1815 2135 ν
1892 2106 1909 2125 -ν
1923 2106 1946 2159 q·

139 2174 219 2249 specie,
235 2173 345 2229 etima
361 2172 448 2245 parti,
463 2171 598 2240 iniraea,
615 2188 678 2244 quae
693 2170 939 2243 quatiuntur,ali·
994 2174 1104 2231 Deinde
1133 2174 1267 2230 observat
1297 2171 1451 2245 plerosque
1480 2172 1645 2228 sacerdotes
1682 2172 1820 2228 docuisse

139 2262 227 2335 pando
242 2261 341 2329 laidis,
358 2261 517 2333 aliquando
532 2260 681 2333 Nepbtyos
698 2262 813 2317 i'aciem.
830 2266 866 2316 et
881 2278 938 2317 non
994 2264 1130 2320 eumdem
1145 2279 1209 2320 esse
1225 2261 1330 2318 Osirim
1347 2267 1434 2333 atque
1444 2261 1541 2333 Apim,
1553 2266 1582 2317 et
1592 2260 1671 2319 hunc
1686 2282 1701 2311 a
1712 2259 1821 2317 intelli·
1916 2264 1937 2331 2.ss

140 2350 204 2408 anius
216 2355 346 2418 tantum,
362 2350 413 2406 aed
430 2349 500 2405 rarii
515 2350 629 2422 generis
646 2350 825 2422 diverseque
841 2350 940 2407 iorme
994 2354 1123 2427 gendum
1136 2353 1294 2407 formosam
1305 2352 1408 2407 animo
1420 2350 1544 2407 Osiridis
1554 2350 1742 2422 imaginem·
1761 2348 1820 2407 lios

91 2452 94 2479 ¹
142 2438 705 2512 siatmerant,utroctecontrallossium
716 2439 939 2510 Tollius(Tom.
994 2441 1138 2498 vcroalibi
1150 2440 1333 2498 ostendimus
1351 2441 1499 2513 quomodo
1513 2457 1548 2497 ex
1564 2440 1616 2512 Api
1633 2440 1743 2496 factum
1760 2440 1822 2495 lbe-

140 2526 309 2602 illatiqait.
335 2527 421 2586 Graec.
451 2543 518 2600 pag.
541 2528 588 2583 lli
617 2532 647 2583 et
661 2527 745 2600 seq),
766 2526 876 2601 aliique
890 2528 940 2583 de·
995 2532 1034 2587 rit
1056 2530 1206 2603 Serapidis
1231 2546 1337 2586 nomen
1360 2533 1441 2598 (tom.
1464 2529 1619 2600 lipporat.
1636 2526 1688 2585 lib.
1704 2544 1750 2594 ur,
1764 2528 1824 2583 dia·
1922 2540 1938 2603 J.

141 2624 289 2676 monstrant.
315 2618 404 2673 Porro
429 2623 526 2673 autem
542 2616 629 2672 leidis
645 2616 739 2689 ligura
754 2622 940 2690 repraesenta·
995 2624 1065 2677 sert.
1092 2620 1120 2688 2,
1148 2635 1211 2690 cap.
1238 2619 1264 2689 l,
1289 2623 1345 2675 art.
1371 2619 1397 2683 l,
1422 2633 1488 2689 pag.
1514 2618 1603 2689 loeo).
1624 2617 1822 2683 Quamobrem
1909 2612 1941 2675 ,ἵε

142 2704 212 2777 hatur,
226 2708 328 2764 dextra
343 2723 432 2762 manu
449 2706 570 2761 sistrum
587 2709 716 2775 gestans.
734 2709 801 2776 Ipsa
815 2720 893 2773 vero,
909 2710 941 2761 ut
996 2707 1172 2774 brabantina,
1200 2705 1355 2762 Plutarcho
1371 2707 1447 2761 baud
1464 2705 1552 2761 dubie
1567 2705 1753 2776 subscripsit,
1769 2704 1822 2761 ubi
1925 2692 1942 2747 f,

141 2794 254 2863 illinus,
269 2795 373 2853 eadem
387 2799 432 2851 est
444 2810 477 2850 ao
492 2795 588 2859 Ceres,
604 2809 670 2865 quae
683 2796 781 2865 lruges
795 2793 942 2851 inuenisse
995 2798 1052 2853 ait:
1069 2819 1083 2845 «
1101 2796 1150 2851 list
1163 2795 1266 2864 Osiris,
1283 2811 1372 2866 quem
1388 2795 1508 2865 Serapio
1524 2799 1552 2848 et
1567 2793 1737 2865 Serapidem
1755 2794 1822 2850 aul·

143 2880 274 2943 herrm.
298 2885 411 2950 Ouibus
435 2884 474 2938 ita
498 2882 660 2955 explicetis,
675 2883 815 2954 expende,
832 2899 940 2954 queso,
995 2903 1051 2959 gns
1070 2883 1207 2957 appellat.
1223 2884 1324 2939 Solent
1341 2884 1420 2939 enirn
1436 2882 1560 2938 mortuis
1574 2882 1752 2939 consecratis
1766 2898 1820 2937 no·
1913 2866 1940 2951 '53

141 2984 166 3029 tn
179 2976 230 3031 diei
254 2976 350 3048 possit
373 2972 448 3029 banc
467 2989 532 3029 esse
546 2972 673 3028 auctoris
685 2971 777 3027 nostri
794 2976 940 3029 mentem:
996 2976 1076 3032 mina
1091 2972 1261 3041 immutari;
1287 2973 1373 3028 eredo
1386 2989 1421 3027 ne
1437 2972 1503 3044 quis
1520 2976 1602 3044 putet
1617 2987 1666 3027 eoa
1681 2970 1819 3027 homines
1928 2972 1945 3033 ,-’,

140 3058 279 3121 Mendes
301 3079 358 3120 aua
382 3062 411 3117 in
443 3060 566 3135 epistole
593 3060 942 3133 scripsit‚repraesentari
998 3064 1088 3120 luisse
1112 3066 1251 3131 (tractant.
1277 3060 1327 3116 lib.
1352 3078 1372 3126 1,
1396 3077 1460 3132 cap.
1474 3062 1520 3127 21,
1536 3076 1603 3133 pag.
1619 3060 1691 3128 118).
1710 3080 1724 3109 o
1739 3056 1821 3115 Utri·
1924 3070 1941 3093 '³

140 3144 225 3209 lo’dem
254 3169 306 3207 eeu
332 3151 463 3207 Cererem
489 3150 637 3220 frumenti,
659 3166 676 3205 a
698 3166 738 3217 re,
759 3151 799 3205 uti
816 3151 941 3219 aiebant,
958 3130 979 3196 C
998 3170 1055 3226 que
1079 3152 1262 3224 adjiciamus,
1286 3150 1335 3222 qui
1350 3149 1429 3223 prior
1443 3150 1525 3205 citari
1536 3148 1647 3218 debuit,
1664 3148 1822 3205 Diodorum
1884 3176 1890 3183 ·

91 3254 96 3277 ·
139 3232 242 3309 inventi,
267 3240 366 3314 spicas
389 3239 417 3296 io
440 3240 546 3311 capite,
576 3239 681 3295 subtus
702 3238 901 3306 hirundinem,
914 3239 945 3296 in
1000 3237 1722 3311 Siculum,cujusbeclegimusverba:«Osirim
1735 3238 1822 3293 modo
1927 3264 1936 3279 ··

133 3336 208 3397 tuam
232 3334 348 3387 motata
377 3330 481 3397 iuerat,
497 3344 530 3383 ac
546 3327 647 3383 dextra
659 3344 747 3383 manu
764 3328 883 3384 sistrum
900 3345 947 3401 ge·
999 3328 1129 3403 serapin,
1147 3329 1232 3384 modo
1255 3328 1422 3400 llionpsum,
1438 3327 1586 3382 interdum
1604 3326 1764 3395 Plutonem,
1780 3326 1823 3381 in·

129 3416 381 3478 'hutemddeliore
395 3424 494 3474 tauma
508 3418 561 3473 tibi
577 3416 606 3472 in
618 3422 746 3473 mentem
762 3418 786 3471 si
803 3418 946 3488 venerint,
999 3419 1114 3475 terdum
1141 3423 1324 3486 ammonem,
1350 3415 1526 3487 quandoque
1549 3415 1661 3485 lovem,
1683 3430 1741 3473 non
1758 3428 1823 3471 raro

125 3510 263 3584 accisque
288 3524 441 3581 suggeras.
466 3507 632 3573 confestim,
657 3506 837 3579 minimeque
852 3507 946 3563 reluc·
1001 3506 1079 3563 Pana
1103 3521 1167 3561 esse
1191 3509 1296 3577 putent
1315 3520 1322 3559 ε
1338 3500 1384 3557 τὸν
1407 3504 1513 3577 Ὄσιριν
1539 3502 1565 3556 ol
1587 3502 1635 3575 μὶν
1654 3500 1824 3579 Σάραπιν...
1888 3538 1891 3543 -

120 3588 227 3665 itales,
253 3598 407 3656 sententia
427 3602 483 3652 tua
499 3596 730 3652 subscribemus.
745 3598 781 3651 et
795 3596 946 3654 latendum
1000 3594 1154 3666 νενομίκασι
1171 3617 1184 3644 ν
1201 3595 1327 3666 (Diodor.
1343 3592 1394 3649 lib.
1412 3611 1420 3649 1
1435 3593 1565 3649 utttiott.
1578 3609 1645 3666 pag.
1662 3592 1716 3665 15).

118 3678 217 3745 ilatren
242 3688 298 3743 erit
323 3686 483 3742 Minucium
509 3684 578 3740 binc
602 3690 680 3740 recte
693 3684 867 3740 concludere
882 3684 949 3740 ridi-
1037 3686 1094 3741 Cor
1109 3688 1205 3739 autem
1227 3682 1371 3738 Minucius
1392 3683 1539 3738 addiderit
1554 3683 1606 3747 toi,
1623 3680 1707 3738 l'aoile
1721 3678 1828 3737 intelli·
1906 3665 1944 3685 ”

112 3776 215 3835 'alam
233 3774 355 3833 omnino
369 3790 433 3832 esse
448 3777 477 3830 et
490 3772 701 3847 explodendam
715 3773 791 3829 banc
806 3773 893 3831 leidis
906 3772 949 3829 di·
1001 3790 1063 3849 gos,
1079 3773 1103 3829 si
1120 3772 1335 3828 animadvertas
1350 3770 1434 3827 illum
1454 3775 1556 3828 contra
1570 3769 1717 3826 Caecilium
1728 3769 1817 3843 dispu
1922 3786 1938 3823 ·.

109 3858 282 3923 fluitatem.
1003 3867 1074 3930 tare,
1099 3861 1150 3934 qui
1174 3866 1203 3917 et
1216 3860 1351 3916 ethnicus
1365 3860 1461 3917 adhuc
1476 3864 1548 3927 erat,
1565 3865 1595 3915 et
1608 3859 1726 3916 obvium
1742 3858 1827 3915 Sera·
1919 3920 1922 3925 ,

152 3954 306 4013 Postremo
328 3952 358 4008 in
381 3953 483 4009 eadem
510 3950 664 4007 Alexandri
679 3950 812 4022 epistola,
829 3951 898 4023 sive,
916 3955 949 4008 ut
1002 3952 1080 4025 pidis
1094 3949 1297 4018 simulacrum,
1314 3950 1400 4006 siculi
1416 3948 1481 4006 libri
1501 3949 1591 4021 hujus
1605 3948 1634 4003 in
1651 3948 1734 4004 initio
1757 3962 1827 4001 nar·
1906 3952 1911 3957 '

107 4026 252 4119 leqaim
264 4046 366 4100 auctor
380 4046 479 4098 noster
493 4061 508 4091 α
523 4040 682 4105 uolumine,
698 4063 713 4092 ν
730 4039 872 4111 scriptum
887 4044 950 4097 erat
1002 4046 1095 4109 ratur,
1112 4039 1202 4111 impio
1226 4038 1306 4094 culto
1332 4037 1519 4094 salutaverat.
1534 4036 1618 4109 Atqui
1634 4036 1695 4093 sive
1709 4033 1827 4106 plenum

105 4140 129 4177 ἱ
144 4131 301 4208 dispersis.
318 4153 332 4181 ν
349 4130 393 4187 uel
412 4152 426 4184 ν
440 4129 569 4202 aspersis
585 4129 725 4185 membris
743 4130 858 4185 inanem
869 4130 949 4185 Sera·
1003 4129 1126 4186 Osiridis
1151 4127 1194 4184 uel
1216 4128 1365 4199 Serapidis
1380 4128 1509 4194 ossibus,
1526 4127 1586 4181 aira
1601 4140 1724 4180 vacuum
1741 4122 1829 4179 luerit

103 4220 206 4293 nidis,
234 4221 297 4278 sive
322 4220 446 4277 Osiridis
462 4217 620 4274 tumulum.
639 4240 653 4269 ν
670 4218 728 4275 Nec
744 4234 864 4289 prorsus
879 4235 950 4275 sene
1003 4218 1182 4292 sepulcrum,
1199 4216 1267 4272 binc
1292 4217 1454 4273 certissime
1473 4216 1627 4271 coniicitur
1641 4228 1736 4284 neque
1749 4210 1828 4278 illos,

103 4294 280 4365 immerito.
296 4308 404 4364 Narrat
418 4307 496 4363 enim
516 4305 660 4361 Diodorus
674 4305 789 4361 siculus
804 4306 949 4379 quosdam
1004 4324 1098 4381 neque
1113 4306 1186 4363 alios
1202 4305 1338 4361 similiter
1351 4310 1482 4360 mortuos
1497 4302 1658 4358 diuinitatis
1672 4314 1738 4357 esse
1752 4314 1831 4355 com·
1928 4312 1938 4337 τ-

109 4388 278 4454 traditiose
292 4395 461 4469 Typhonem
480 4394 579 4450 iratris
594 4394 640 4451 sui
655 4394 868 4461 Osiridie,aee
886 4411 950 4451 cru·
1005 4402 1096 4470 potes.
1130 4400 1204 4451 Deus
1228 4396 1375 4449 enimvero
1404 4398 1449 4448 ost
1473 4397 1612 4461 aeternus,
1632 4389 1682 4461 qui
1699 4387 1829 4460 aseipao
1922 4386 1943 4459 .'j

110 4480 224 4541 delitet·
242 4485 352 4555 necati,
377 4482 453 4541 Μ
479 4499 585 4556 eorpus
606 4483 636 4538 in
660 4488 758 4554 partes
773 4483 885 4555 viginta
899 4501 947 4541 ser
966 4501 989 4565 Ι)
1005 4491 1119 4541 tantum
1141 4483 1229 4539 uitam
1254 4480 1353 4551 habet,
1378 4498 1466 4553 quam
1482 4480 1590 4535 idcireo
1605 4478 1742 4536 amittere
1753 4491 1830 4534 nun·
1910 4476 1920 4513 '-

108 4568 281 4645 desecasse,
297 4589 373 4647 quas
387 4573 510 4630 totidem
523 4571 671 4644 parricidii
684 4572 731 4629 sui
747 4573 835 4629 sociis
848 4574 949 4629 distri·
1005 4590 1093 4646 qaam
1107 4577 1211 4645 potest.

110 4652 188 4721 hoa
202 4662 333 4735 (Diodor.
347 4661 437 4719 Sicut.
453 4662 547 4718 illibi.
563 4676 630 4734 pag.
648 4662 700 4729 12;
716 4666 746 4718 et
756 4661 834 4734 apud
845 4662 950 4719 lluseb.

856 4852 985 4915 CAPUT
1006 4850 1085 4915 xvl.

121 4992 206 5056 ⁸⁸0
235 4996 335 5069 Onam
368 4994 471 5057 ualida
507 4994 571 5055 sint
607 4992 669 5054 alia
700 4997 899 5071 argumenta,
929 4994 1044 5073 quibus
1067 4992 1214 5055 Octavius
1242 5000 1352 5055 contra
1379 4994 1538 5057 Ooecilium
1581 4990 1705 5073 probat,
1734 4984 1831 5047 ialaos

709 5074 877 5154 nullosque
892 5092 959 5137 ease
973 5074 1137 5155 gentilium
1153 5074 1240 5135 deos.

353 5223 554 5283 laricanus
576 5223 717 5281 PRIMUS.
1042 5226 1205 5297 imprimere
1221 5223 1339 5293 litteras,
1352 5241 1386 5281 oc
1398 5224 1478 5297 cajus
1487 5222 1599 5281 nomine
1613 5218 1748 5275 Saturnio
1760 5230 1832 5273 aaa

132 5306 210 5379 Oeam
225 5312 384 5373 luculenter
408 5318 541 5372 Octooma
561 5328 597 5368 ea
612 5314 703 5384 prima
717 5312 831 5371 deorum
845 5316 953 5388 criptae
1041 5306 1140 5370 Μαῖα
1154 5303 1204 5353 0⁸1·

160 5384 283 5441 ”m
303 5401 348 5442 ⁶⁰⁸
370 5387 432 5443 Μ’
452 5401 508 5443 '⁸⁰⁷³
528 5384 625 5458 βω
642 5386 692 5441 “d
706 5401 794 5441 mm
808 5386 951 5449 mmm:
1043 5420 1259 5478 intolerandam
1277 5436 1397 5491 prorsus
1411 5417 1528 5483 cecilii,
1544 5416 1726 5485 aliorumque
1740 5412 1835 5488 genti·

160 5458 419 5532 nmmum
442 5456 953 5601 ωνωὸινιῖῗτΐιέιῒὲειεῗῇινινςηυᾶἶῗονξέ.
1006 5510 1091 5581 lium,
1117 5511 1152 5565 de
1174 5508 1231 5564 diis
1250 5511 1313 5563 saris
1334 5509 1557 5565 ostentationem
1582 5513 1615 5563 ut
1630 5504 1776 5563 Minucius
1799 5504 1832 5563 in

801 5574 808 5599 ἱ

112 5560 115 5567 Ι
160 5527 952 5676 whwoffciiffainpraememcasamassancia,
1007 5604 1179 5677 perpetuum
1195 5596 1380 5687 comprimet,
1395 5597 1475 5675 ipsos
1491 5612 1678 5672 nequaquam
1693 5592 1833 5665 deos‚eed
