3892 6104
142 302 200 364 are
658 293 816 365 lutitant
837 295 888 363 Db
907 297 966 365 SS.
987 296 1141 365 saulem
1161 297 1323 365 GANONE
1784 297 1846 364 teo

143 437 221 493 enim
247 435 276 491 et
295 430 505 491 revelationum
534 426 616 488 solus
644 431 722 488 Deus
735 432 820 489 testie
848 436 909 488 erut
937 437 966 489 et
980 437 1007 504 Α
1023 437 1095 500 orat,
1111 431 1256 506 siquidem
1273 431 1400 489 luissent
1414 429 1499 501 ialse,
1514 444 1628 489 nevere
1640 432 1845 502 crederentur,

144 529 297 595 martyres,
314 522 365 594 qui
376 523 441 594 J'am
455 521 600 578 luerunte
610 520 743 578 vivorum
771 537 894 577 numero
910 521 968 578 im·
1020 524 1129 596 quibus
1144 528 1241 580 tantos
1253 524 1342 595 bujue
1352 520 1417 578 vitae
1428 519 1576 579 cruciatus
1589 523 1651 578 tem
1666 519 1749 578 nulla
1762 522 1846 578 lutae

143 611 284 669 munitate
300 609 471 668 oernidcum
486 607 630 667 exturbati
643 633 651 678 t
666 625 731 682 qua
741 624 810 667 vero
825 608 861 666 ad
876 608 967 667 mira·
1022 628 1121 670 rorum
1139 610 1327 683 praemiorum
1340 611 1474 667 mercede
1488 608 1641 667 lucreturi.
1656 609 1719 670 Non
1732 614 1777 667 est
1788 609 1796 666 i
1802 614 1847 668 ta·

143 701 210 759 cula
224 698 422 774 pertinentia
435 702 535 770 aperto
550 698 683 771 quaedam
698 714 811 770 eorum,
826 698 894 755 etin
919 712 967 756 rte
1020 720 1077 776 que
1090 706 1168 778 quod
1183 702 1369 775 suspicemur
1380 702 1563 772 oontemptas
1576 699 1628 757 bas
1639 698 1730 757 luisse
1740 716 1846 757 nerra·

143 790 191 846 dio
201 786 416 861 amphitheatro
427 802 445 844 a
458 786 601 860 scriptore
615 802 709 844 ocare
732 790 816 861 geste
843 803 965 845 narran-
1018 794 1130 864 tionee3
1145 793 1196 852 sed
1211 807 1278 849 vero
1292 804 1410 847 omnem
1419 788 1519 861 potius
1529 789 1565 845 ab
1578 788 1844 862 utrisquediligen·

142 879 201 946 tur,
218 875 268 932 ubi
284 875 411 949 proiecto
426 875 456 931 in
480 880 599 932 auctore
613 880 858 948 contemporaneo
886 875 965 933 nllus
1019 882 1089 938 tiam
1104 882 1135 939 in
1150 880 1209 937 illis
1223 878 1359 937 eruendis
1374 878 1435 933 iore
1449 875 1657 933 adhibendam.
1675 877 1790 943 »Quod
1818 877 1845 936 si

142 964 265 1032 fraudis,
279 969 308 1021 et
322 963 500 1037 suspicionis
515 963 670 1021 locuaesae
684 980 742 1021 non
757 968 869 1036 potest3
885 965 966 1022 seuit·
1019 972 1091 1027 Acta
1106 970 1252 1042 Perpetua
1268 969 1304 1023 ab
1319 970 1540 1022 auctoreooevo
1555 963 1677 1023 oolleota
1687 966 1781 1024 luisse
1788 966 1843 1025 Ba-

142 1070 199 1128 que
213 1052 261 1110 hio
272 1053 409 1123 maxims,
426 1054 504 1125 quod
523 1054 560 1109 de
573 1052 603 1109 id
614 1068 709 1126 genus
724 1053 877 1111 miraculis
890 1070 964 1127 pre·
1018 1058 1142 1131 anemos
1153 1059 1251 1130 neget,
1264 1057 1327 1126 jam
1341 1069 1375 1110 eo
1390 1070 1437 1110 res
1452 1053 1557 1110 recidit
1576 1059 1607 1110 ut
1635 1070 1755 1112 omnem
1783 1072 1844 1114 uon

141 1142 218 1200 olere
234 1139 401 1199 Dodwellus
416 1140 549 1198 observet
565 1141 637 1214 (9⁴)²
654 1140 685 1199 si
712 1156 747 1199 ee
773 1140 884 1199 scilieet
912 1156 965 1215 pec
1017 1146 1113 1204 solum
1132 1144 1293 1213 miraculis,
1308 1142 1360 1200 sed
1375 1141 1463 1199 ctiam
1476 1142 1640 1200 visionibus
1656 1144 1744 1201 fidem
1758 1144 1844 1202 dero·

142 1231 288 1288 historice
309 1230 376 1287 ndei
401 1234 500 1302 oaptu,
516 1235 605 1303 etque
631 1232 735 1286 nature
762 1229 879 1303 probari
907 1229 965 1287 sibl
1017 1251 1132 1308 gemus,
1149 1238 1178 1290 et
1197 1233 1234 1290 ad
1249 1235 1368 1289 externa
1382 1234 1555 1303 ergumenta
1569 1233 1769 1290 controversia
1782 1237 1846 1292 tote

142 1319 233 1378 velint
246 1319 335 1391 ethei,
351 1318 424 1376 nibil
438 1335 561 1392 prorsus
572 1334 637 1377 esse
650 1319 728 1391 quod
741 1317 789 1376 bio
797 1318 965 1377 desiderare
1018 1327 1178 1393 revocetur,
1195 1321 1225 1379 in
1241 1321 1349 1394 quibus
1377 1319 1506 1377 vidimus
1527 1325 1672 1394 quantum
1694 1322 1846 1396 Perpetem

143 1409 267 1483 possint,
283 1409 442 1481 quominus
456 1407 547 1481 hujus
557 1406 638 1464 modi
652 1407 834 1465 narrationes
844 1407 963 1465 videan-
1018 1429 1109 1470 causa
1121 1412 1294 1485 triumphet·
1306 1415 1414 1466 Demus
1430 1413 1529 1467 temen
1545 1411 1628 1483 paria
1640 1426 1706 1469 esse
1732 1428 1796 1485 que
1811 1412 1845 1469 in

141 1502 191 1555 tur
200 1514 265 1555 esse
279 1498 454 1555 verissima:
471 1519 486 1548 a
498 1497 646 1570 imprimis
660 1495 739 1553 enim
748 1513 806 1555 non
820 1497 851 1554 in
868 1512 963 1570 angu-
1017 1504 1297 1574 utramquepartem
1314 1499 1847 1571 momentamodoasseruntur,110

141 1589 188 1659 lis,
205 1589 311 1662 iuquit,
328 1589 488 1663 autpaucis
502 1589 679 1660 quibusdem
687 1587 822 1659 consciis,
835 1603 962 1660 quorum
1017 1586 1084 1648 c'um
1096 1590 1165 1648 boni
1178 1589 1234 1645 viri
1248 1589 1287 1645 eit
1301 1587 1531 1662 etaeqoijudiois
1545 1589 1636 1645 dubia
1649 1589 1680 1646 in
1690 1589 1846 1648 meliorem

141 1684 241 1752 posset
254 1679 405 1748 interesse,
422 1677 473 1735 ssd
495 1676 593 1751 palam
608 1681 701 1750 geste,
729 1680 759 1734 et
773 1676 803 1732 in
828 1676 961 1734 omnium
1017 1680 1113 1754 potius
1127 1683 1240 1752 partem
1265 1694 1354 1751 quam
1370 1678 1399 1733 in
1414 1676 1588 1733 deteriorem
1601 1678 1797 1752 interpretari,
1815 1683 1848 1738 et

140 1771 297 1840 conspeetu
315 1770 446 1837 narrant,
472 1769 533 1822 tam
550 1763 737 1822 inimicorum
752 1763 963 1837 quemamico·
1017 1783 1171 1841 nemoque
1185 1767 1294 1822 inuitur
1308 1767 1390 1823 bone
1406 1765 1490 1822 lame
1502 1772 1531 1822 et
1540 1765 1768 1826 existimationis
1777 1785 1847 1842 pos·

140 1873 217 1925 rum,
229 1856 301 1930 quin
315 1855 413 1929 potius
424 1854 627 1922 inimicorum,
638 1852 791 1926 quilcoum
800 1853 830 1909 in
838 1853 961 1911 theatris
1019 1855 1223 1928 sessions,nisi
1238 1854 1554 1913 maluscertisiodiciis
1569 1859 1599 1911 et
1611 1856 1775 1929 perspicuis
1793 1874 1845 1915 ar·

140 1945 320 2019 praoipuum
334 1944 490 2001 habebam,
507 1946 549 1999 lta
565 1941 673 1999 lactum
691 1958 749 1999 non
764 1942 893 1999 modout
912 1941 963 2015 qui
1018 1945 1168 2020 gamantia
1183 1945 1410 2012 demonstretur,
1426 1943 1491 2000 exui
1509 1945 1623 2014 debeat,
1649 1944 1731 2002 nullo
1754 1947 1846 2005 modo

139 2050 175 2091 ea
189 2033 372 2107 scripserint,
384 2049 419 2089 ea
433 2036 514 2089 certo
528 2035 647 2105 possent
661 2045 856 2104 cognoscere,
872 2030 924 2088 sed
933 2034 962 2087 et
1018 2033 1248 2108 permittendum
1263 2037 1326 2089 eret
1339 2039 1372 2089 ut
1383 2049 1417 2089 ea
1437 2049 1500 2105 quae
1508 2034 1571 2104 jam
1596 2050 1647 2107 per
1673 2034 1845 2108 quindecim

140 2122 190 2196 qui
206 2122 303 2180 elioin
319 2120 464 2179 sententie
478 2123 586 2190 essent,
603 2136 638 2177 ea
648 2118 731 2176 lacils
746 2123 868 2193 possent
896 2135 961 2177 cer-
1016 2123 1123 2180 secula
1139 2127 1222 2180 rectas
1238 2122 1306 2179 fidei
1321 2126 1351 2179 et
1370 2121 1535 2179 sanctitatis
1561 2122 1777 2182 existimatione
1791 2140 1848 2198 ge·

138 2216 227 2283 toque
241 2209 371 2268 retollere
397 2208 519 2276 Deinde,
533 2207 604 2264 talia
627 2207 720 2264 tuisse
734 2207 795 2263 heo
810 2211 903 2281 gesta,
928 2210 962 2264 ut
1014 2211 1070 2268 visi
1086 2214 1167 2283 sunt,
1183 2211 1221 2267 ob
1237 2209 1313 2267 leves
1328 2211 1472 2283 quasdem
1492 2211 1686 2283 coniecturas,
1701 2212 1847 2286 Perpetua

139 2299 333 2372 plurimorum
351 2298 493 2366 intererit,
508 2300 637 2369 etquam
654 2296 791 2366 maxime,
807 2312 843 2352 ne
857 2295 962 2354 lateret
1014 2300 1145 2372 sociique
1173 2304 1316 2372 martyres
1344 2304 1528 2356 exuerentur.
1558 2302 1638 2368 Quod
1663 2300 1782 2374 quidem
1811 2301 1843 2359 iu

140 2388 257 2454 veritus,
273 2388 324 2444 sed
340 2387 437 2460 potius
451 2391 485 2443 ut
498 2391 577 2444 asset
587 2385 830 2458 compertissima.
857 2385 960 2442 Perse·
1015 2388 1171 2445 consuluit
1186 2389 1258 2444 utin
1273 2388 1327 2445 beo
1343 2388 1541 2444 controversia
1556 2388 1719 2447 defensoris
1743 2396 1845 2464 partes

139 2484 272 2534 culorum
287 2477 436 2544 intererat,
447 2491 485 2532 ue
494 2475 630 2532 bacvera
641 2474 839 2542 crederentur,
851 2475 960 2547 quibus
1014 2478 1044 2533 in
1058 2493 1106 2534 me
1126 2477 1203 2534 ultro
1231 2477 1421 2551 susciperem,
1448 2483 1477 2534 et
1505 2477 1582 2534 bano
1605 2479 1844 2553 qualemcunque

137 2565 309 2639 gravissima
319 2565 414 2623 iurent
427 2563 608 2622 crudelitatis
620 2562 743 2621 infamia
759 2564 837 2636 epod
852 2563 958 2621 absan-
1014 2582 1111 2623 meam
1125 2565 1360 2623 dissertationem
1375 2567 1404 2622 in
1421 2566 1573 2639 publicum
1582 2569 1757 2636 emitterem,
1771 2585 1839 2642 qum

136 2661 191 2723 tes,
208 2659 266 2711 tarn
293 2653 374 2711 vivos
394 2669 483 2726 quam
510 2651 599 2710 etiam
627 2656 769 2725 posteros,
799 2652 958 2722 onerandi,
1012 2659 1074 2713 tota
1088 2659 1197 2727 quanta
1211 2657 1393 2722 est‚ntinam
1408 2656 1438 2713 in
1454 2656 1502 2714 Dei
1518 2656 1840 2731 bonoremetgloriem

137 2745 244 2817 quibus
259 2742 358 2800 divino
373 2743 448 2799 m
465 2744 554 2799 eliam
567 2740 707 2814 sullragio
722 2740 854 2798 damnati
877 2741 958 2800 vide·
1014 2748 1175 2817 martyrum
1191 2745 1291 2801 aedatl

136 2829 584 2892 remuncbristlanorumetiem
592 2829 960 2889 maximsomntumintaa

170 2951 227 3025 (94)
243 2950 363 3010 Dissert.
377 2966 418 3008 aar
430 2948 610 3024 Cyprieoioa,
626 2948 663 3007 de
676 2946 793 3023 llartpr.
809 2947 958 3024 Fortitad,
973 2949 1043 3026 §ts

597 3273 654 3362 ΙΝ
683 3273 1089 3364 FRAGMENTUM
1117 3274 1375 3388 SEQUENS

99 3352 317 3642 nn
359 3472 759 3645 canons
802 3473 947 3644 ss
996 3475 1785 3731 sunurnnnnnn

793 3757 1164 3856 ADMONITIO.

127 3927 169 4000 (L
187 3923 375 3982 Auamma
392 3920 745 3995 Amiqqltnlmedsiani,
762 3921 840 3986 till
853 3920 907 3978 col
915 3920 1111 3978 854tlallaud.
1124 3922 1194 3980 siti
1210 3926 1279 3979 vett.
1289 3924 1344 3979 ΡΡ.
1356 3926 1377 3980 t
1391 3925 1426 3986 ll
1439 3926 1537 4009 ρ298
1547 3925 1652 3985 Routb.
1663 3927 1751 4011 Retiq.
1758 3944 1835 3987 socr.

161 4006 182 4054 t
198 3997 241 4061 lV,
251 4015 279 4069 p
288 3997 315 4052 3.
324 3997 406 4052 biver.
422 3995 520 4051 Stocb
534 3993 800 4050 commentetur
816 3964 847 4048 Ν.
860 3994 972 4065 9563,
983 3994 1079 4078 p.l.99
1095 3994 1835 4072 uraiodallor.rommem.,uiuc.1802Airchnoaer,

161 4069 452 4140 Ouellcnsammlung
465 4083 517 4122 zur
527 4064 679 4122 (leeobiote
691 4065 743 4122 der
756 4038 1073 4122 Neutestemen'tlrcben
1088 4066 1431 4137 CanonsZuriob,1842,
1447 4085 1476 4140 p.
1494 4070 1519 4141 l,
1536 4071 1575 4138 2.)

159 4359 461 4423 Primuelluratorius
475 4356 661 4418 veterrimum
677 4357 731 4417 boo
760 4358 852 4417 edidit
873 4359 1080 4434 fragmentum,
1104 4358 1134 4417 in
1163 4376 1222 4433 quo
1246 4361 1282 4418 de
1296 4377 1407 4431 oenone
1426 4361 1496 4420 Novi
1513 4364 1692 4424 Testamenti
1720 4368 1838 4442 egitur.

123 4459 153 4511 Is
164 4472 232 4511 vero
247 4455 276 4510 in
293 4454 497 4526 Antiquitatum
511 4451 675 4507 Italicorum
690 4448 776 4506 medii
789 4449 999 4518 AEvl,tomolll.
1016 4448 1131 4506 Mediol.
1149 4451 1229 4522 1740,
1244 4451 1280 4508 de
1310 4451 1408 4508 redire
1436 4457 1572 4522 msto,sx
1593 4471 1651 4527 quo
1672 4456 1752 4514 idem
1782 4460 1837 4517 (10.

123 4548 274 4616 suonptum
285 4547 341 4611 est,
355 4542 417 4599 haec
432 4539 573 4615 premisit
588 4554 595 4596 :
613 4557 623 4591 a
639 4539 694 4595 Sed
710 4540 827 4611 quaudo
841 4539 984 4612 cmpimus
994 4538 1114 4595 vulnera
1129 4538 1228 4595 rimari
1244 4539 1352 4596 litteris
1366 4540 1487 4608 indicte,
1515 4542 1586 4599 dum
1611 4544 1696 4601 rudia
1722 4547 1836 4607 saecule

121 4633 320 4696 decurrerent,
336 4647 372 4686 ue
393 4629 447 4687 boo
463 4630 581 4701 quidem
596 4628 842 4686 dissimulandum
857 4632 913 4694 est,
929 4627 1167 4701 imperitissimos
1181 4631 1210 4683 et
1224 4628 1442 4687 indoctissimus
1451 4631 1584 4688 homines
1594 4633 1724 4692 crebrius
1742 4653 1834 4710 quam

121 4725 207 4777 antea
222 4719 313 4777 luisse
328 4717 475 4777 adbibitus
489 4718 524 4773 ed
536 4717 742 4774 exscribendos
756 4718 882 4786 codices,
899 4733 974 4791 quos
987 4721 1140 4789 propterea
1154 4716 1305 4772 erroribus
1319 4733 1353 4772 ao
1368 4720 1506 4776 sordibus
1519 4721 1554 4776 ad
1570 4738 1710 4780 naussum
1734 4741 1834 4799 usque

119 4807 246 4881 repletos
260 4807 402 4863 intueare.
420 4805 459 4860 lla
471 4804 518 4860 his
533 4820 590 4859 non
606 4820 715 4876 paucos
730 4821 789 4878 prae
805 4806 941 4863 monibus
956 4804 1057 4873 habui,
1074 4809 1103 4862 et
1118 4802 1284 4877 exemplum
1300 4805 1402 4864 allerre
1413 4809 1507 4879 juvat,
1529 4812 1606 4882 quod
1623 4828 1680 4868 non
1692 4830 1753 4870 uno
1773 4831 1833 4873 no-

118 4897 206 4968 mine,
223 4896 280 4953 nisi
293 4894 364 4954 mibi
376 4892 460 4950 laoile
475 4891 620 4962 blandior,
636 4888 732 4949 luce‘m
747 4909 901 4966 exposoere
916 4893 1041 4951 videtur.
1054 4899 1191 4951 esserunt
1204 4894 1398 4952 Ambrosiana
1409 4897 1635 4957 Mediolanensis
1649 4900 1833 4963 bibliothece

118 4987 375 5043 membranaceum
390 4980 529 5050 codicem,
546 4977 711 5037 asoblensi
734 4987 896 5056 acceptum,
919 4984 1004 5055 cujus
1027 4982 1189 5055 antiquitas
1211 4999 1286 5056 pene
1305 4985 1342 5041 ad
1365 5002 1457 5043 annos
1486 4987 1566 5044 mille
1592 4990 1728 5047 accedere
1757 4993 1832 5049 mibi

117 5073 181 5132 vise
199 5081 253 5133 est.
271 5074 403 5148 Scriptus
422 5071 497 5128 enim
524 5066 578 5125 tuit
601 5067 706 5125 litteris
721 5071 895 5141 majusculis
923 5075 952 5128 et
980 5070 1142 5144 quadratis.
1171 5071 1285 5129 Titulus
1312 5075 1447 5145 prefixus
1474 5076 1572 5133 omnia
1595 5077 1700 5135 tribuit
1720 5079 1833 5138 Joaum

116 5163 333 5239 Chrysoetomo,
347 5164 397 5221 sed
409 5158 567 5227 immerito,
580 5175 608 5231 p.
618 5158 683 5214 851.
700 5181 714 5209 n
728 5158 801 5215 Tum
815 5161 1002 5218 verooeteris
1019 5160 1202 5228 tractatibus,
1219 5161 1315 5233 quiin
1332 5163 1430 5220 codice
1459 5166 1658 5237 continentur,
1686 5184 1831 5228 memora.

116 5252 167 5321 iit,
184 5255 278 5327 pergit
299 5255 344 5310 vir
372 5251 408 5309 ol.
434 5251 476 5307 ite
499 5247 645 5306 scribere:
675 5270 690 5299 n
721 5248 761 5304 Ex
791 5249 892 5307 mdem
921 5266 990 5323 ergo
1014 5250 1113 5307 codiee
1138 5249 1269 5322 decerpsi
1294 5251 1490 5325 fragmentum
1521 5256 1776 5330 antiquissimum,
1794 5259 1831 5316 ad

117 5355 256 5398 canonem
273 5344 436 5399 divinarum
453 5339 653 5411 Scipturarum
670 5340 815 5409 spectans.
841 5338 1103 5412 Nullidilligentie
1117 5339 1243 5412 peperci,
1260 5343 1293 5395 ut
1321 5343 1385 5413 ejus
1406 5348 1554 5402 auctorem
1583 5346 1760 5420 detegerem,
1789 5350 1832 5406 εἰ.

116 5431 237 5502 mulque
252 5432 389 5503 rescirem
404 5444 476 5486 num
493 5425 755 5483 baoteouseditum
771 5426 868 5483 fuerit.
890 5428 954 5486 Nisi
969 5427 1190 5485 metalellerunt
1210 5427 1298 5498 oouli,
1313 5435 1365 5487 aut
1392 5434 1589 5506 complurium
1606 5434 1751 5493 librorum
1779 5439 1830 5495 de·

114 5517 217 5588 lectus,
234 5524 321 5591 quein
336 5537 394 5577 non
408 5515 501 5577 semel
514 5516 609 5582 doleo.
626 5531 773 5588 nusquam
788 5516 966 5590 deprehendi
984 5516 1164 5590 evulgatum,
1194 5532 1228 5574 ao
1252 5523 1388 5590 proptera
1417 5537 1486 5595 epea
1510 5523 1584 5579 mibi
1599 5530 1737 5598 superest
1767 5527 1830 5586 rore

111 5612 144 5692 tit
157 5606 297 5666 libentius
310 5628 327 5666 a
341 5608 500 5666 lectoribus
514 5604 685 5679 accipiatur,
696 5621 730 5660 ac
745 5607 893 5680 precipue
908 5607 986 5679 quod
1002 5606 1209 5678 antiquitatem
1225 5605 1358 5666 redoleat
1373 5627 1487 5669 summe
1499 5612 1707 5674 venerabilem.
1719 5638 1735 5670 n
