3900 6112
118 228 179 295 tta

785 224 819 282 S.
841 216 1025 282 thllllllbll
1047 218 1165 283 PAPAE

1767 218 1829 281 ild

116 364 160 419 eis
171 377 204 418 se
217 360 410 431 adjunxerant
424 356 457 427 ⁸⁸,
473 356 530 427 (ro)
544 354 671 411 sumatis
682 354 817 427 precibus
825 352 939 411 deside·
954 360 982 425 A
996 358 1026 411 et
1040 352 1187 411 dolebant.
1211 355 1341 419 Quorum
1369 352 1518 411 voluntate
1541 352 1668 427 cognita,
1698 368 1829 427 maguus

116 456 224 517 rentes,
242 453 273 504 ot
287 464 320 503 ea
331 464 395 519 qua
410 452 478 501 ante
495 445 609 501 luerent
619 448 711 517 gesta,
723 443 752 499 in
763 442 937 500 oblivionem

115 541 259 604 aederent,
294 536 434 607 nulloque
473 550 574 590 eorum
612 532 722 587 mentio
763 532 939 601 haberetur;

116 629 237 703 proinde
252 632 340 698 atque
356 625 380 681 si
396 624 468 679 nibil
484 627 561 679 esset
572 622 614 677 ccl
629 622 821 677 commissum
832 620 940 677 vcldic·

116 726 191 789 tuni,
206 717 329 772 invicem
345 714 482 769 erunibus
507 712 648 778 remissis,
673 728 722 767 cor
745 710 887 766 inondum
912 715 940 766 et

116 823 223 881 purum
235 806 298 875 jam
316 810 372 859 tleo
386 802 566 866 exhiberent,
577 806 733 873 sequentes
742 800 939 871 evangelicam

117 912 214 952 vocem
229 895 253 927 “⁴
268 894 424 955 dicentem,
441 892 541 946 beatos
556 906 620 945 esse
644 905 731 959 puros
754 887 850 957 eorde,
870 903 941 959 quo·

993 443 1188 499 fraternitatis
1203 460 1365 501 concursus
1388 446 1482 500 laetus
1511 448 1557 499 est
1584 443 1651 516 (97).
1682 440 1747 499 Una
1774 458 1829 499 sex

993 540 1055 588 arat
1064 532 1196 589 omniurn
1206 534 1315 605 gratius
1327 532 1384 587 lleo
1396 534 1557 605 agentium,
1569 531 1711 605 gaudium
1724 536 1826 605 pecto·

994 621 1179 693 rislact·ymis
1189 622 1396 693 exprimentes,
1408 622 1636 693 complectentes
1648 636 1698 677 sos
1711 620 1828 692 quasi⁸⁸

994 709 1080 765 bodie
1095 712 1152 781 titi)
1172 726 1255 779 paena
1277 711 1402 766 carceris
1427 710 1552 767 luissent
1576 708 1702 765 liberati.
1736 710 1773 766 Et
1795 714 1829 767 ut

994 798 1124 870 ipsorum
1139 800 1256 871 propria
1271 800 1358 854 verba
1373 800 1524 871 designem
1539 816 1546 856 :
1561 821 1575 848 κ
1592 798 1661 867 Nos,
1673 798 1826 869 inquiunt,

993 887 1157 943 Cornelium
1176 912 1187 937 ι
1204 889 1375 959 episcopum
1390 888 1586 943 sanctissime
1603 885 1759 943 catholicas
1775 886 1827 943 Ee·

117 986 195 1041 niam
212 983 266 1056 ipsi
283 982 374 1037 lleum
389 980 529 1035 videbunt
543 978 645 1049 (littttit.
662 994 688 1045 v,
704 978 742 1049 8).
761 977 832 1033 721
858 976 939 1041 Quod
994 976 1089 1032 elesiae
1104 976 1157 1047 (79)
1173 975 1300 1032 electum
1319 977 1394 1033 722
1411 994 1428 1031 a
1443 976 1500 1032 lleo
1515 977 1572 1049 (80)
1583 974 1785 1045 omnipotente
1797 980 1829 1033 et

116 1078 179 1129 erat
194 1086 387 1141 consequens,
404 1068 501 1124 omnis
516 1066 562 1121 hic
578 1072 662 1122 actos
677 1064 784 1137 popolo
796 1066 941 1121 lueratiu-
994 1065 1109 1121 Christo
1126 1066 1245 1121 ttomiuo
1261 1070 1360 1121 nostro
1376 1066 1497 1122 seimus.
1515 1064 1574 1121 Nos
1602 1081 1733 1121 errorem
1761 1082 1830 1121 noe

116 1160 289 1227 sinuandos,
306 1162 338 1212 ut
353 1164 381 1211 et
395 1154 475 1229 ipsos
489 1154 621 1209 viderent
635 1152 664 1209 in
683 1152 810 1209 Ecclesia
830 1152 941 1208 consti·
995 1156 1269 1210 trurneonlitemnr:
1282 1172 1334 1211 nos
1345 1154 1626 1227 imposturampassi
1639 1171 1747 1211 sunaus
1758 1156 1827 1227 (81),

117 1255 207 1321 totos,
223 1264 296 1321 qnos
310 1250 439 1303 errantes
450 1248 479 1300 et
490 1240 942 1315 palabundcsjamrliuviderant
995 1243 1185 1299 circumventi
1200 1259 1305 1299 snmus
1321 1243 1443 1316 pertidia
1457 1249 1486 1299 et
1509 1241 1686 1315 loquacitate
1709 1242 1733 1279 θ’
1757 1260 1827 1316 eap-

835 1358 938 1420 Variae
952 1358 1112 1420 lectiones.

117 1474 170 1543 cis,
191 1472 260 1528 llud.
278 1472 303 1525 l.
321 1469 379 1525 l'ot.
396 1484 490 1539 nsque
504 1466 533 1520 in
551 1466 615 1521 istis
630 1465 739 1521 inesset
755 1468 891 1519 utrumne
907 1462 1009 1529 scisse,
1022 1465 1226 1521 tantummodo
1252 1465 1469 1521 circumductos
1483 1482 1525 1531 se,
1556 1469 1586 1520 ul
1602 1468 1775 1537 paterentur
1789 1466 1816 1521 ei

120 1562 238 1601 monum
255 1540 339 1613 qnasi
356 1540 384 1594 in
395 1540 596 1611 episcopatum
612 1538 733 1608 imponi,
750 1537 798 1605 qui
815 1552 882 1591 curn
897 1542 926 1592 et
940 1537 1052 1593 ceteris
1068 1536 1211 1592 haereticis
1227 1538 1393 1604 l'uissent,et
1413 1555 1448 1594 ne
1477 1536 1734 1608 exprobrarentur.
1754 1538 1815 1593 l'er.

118 1635 169 1673 utu
185 1615 302 1688 quidem
321 1614 348 1667 in
360 1612 424 1666 istis
435 1609 539 1665 litteris
554 1609 664 1664 inesset
677 1609 769 1664 scisse
786 1626 792 1675 ;
809 1609 1013 1664 teriturnmodo
1029 1610 1246 1663 circumductos
1262 1609 1445 1664 commisisse
1461 1626 1492 1665 se
1507 1625 1624 1681 quoque
1647 1608 1816 1677 schismati,

116 1698 146 1744 et
163 1686 280 1743 lrurcsis
292 1688 426 1739 auctores
441 1682 552 1737 luisse:
570 1686 602 1736 ut
617 1686 787 1751 paterentur
801 1680 826 1734 ei
839 1695 958 1735 manum
974 1680 1057 1752 quasi
1069 1680 1099 1734 in
1110 1680 1312 1752 episcopatum
1332 1682 1462 1751 imponi:
1482 1682 1533 1753 qui
1561 1696 1628 1736 cour
1644 1679 1706 1735 haee
1720 1685 1750 1735 et
1763 1696 1817 1735 ce·

117 1768 178 1815 tera
208 1760 331 1813 l'uissent
354 1754 536 1826 exprobrata,
554 1753 821 1807 ulabolerentnret
839 1752 874 1804 de
892 1751 977 1806 melio
1005 1751 1187 1821 tollerentur,
1203 1752 1346 1823 deprecati
1362 1756 1441 1822 sunt,
1458 1752 1816 1808 Braeu.⁸³ltd'unxerunt

119 1831 201 1887 Cor-tr.
222 1830 275 1884 “la
297 1844 347 1881 rna
364 1826 439 1881 tort.
456 1835 480 1881 et
492 1824 569 1881 Cart.
587 1840 685 1891 rocern,
704 1824 802 1877 beatos
817 1838 981 1893 essepures
995 1822 1090 1877 corde.
1103 1824 1249 1895 quodiam
1265 1840 1320 1891 qaeu
1335 1826 1486 1895 queniam)
1501 1827 1618 1895 sperent
1643 1768 1816 1881 deminum.

118 1904 148 1959 ln
166 1903 303 1971 Cypriani
318 1899 388 1953 libro
403 1896 438 1951 od
453 1898 619 1967 Quirinum,
634 1912 657 1950 r.
673 1896 708 1947 tu
732 1892 857 1949 eumdem
867 1894 998 1951 illottlraei
1012 1896 1101 1949 locum
1122 1898 1162 1950 sic
1177 1896 1268 1967 tepere
1282 1904 1339 1951 est:
1358 1896 1436 1950 lloati
1456 1896 1497 1965 (in
1513 1899 1617 1950 uetusto
1630 1894 1724 1951 codice
1738 1896 1816 1951 Call.

116 1972 236 2044 felices)
254 1970 355 2025 triundi
372 1970 469 2037 eorde,
484 1968 624 2038 quoniam
641 1967 695 2035 ipsi
707 1939 799 2020 ileum
815 1965 965 2020 videbunt.
980 1966 1003 2001 ⁵⁸
1014 1970 1073 2020 lloc
1088 1967 1135 2021 die
1151 1968 1229 2023 Cori.
1254 1967 1276 2003 ⁶⁶
1306 1966 1436 2023 l'aotiosa
1465 1967 1536 2022 idom
1565 1966 1654 2021 Codeta
1683 1967 1763 2023 Cott.
1780 1966 1820 2023 lo-

117 2045 262 2119 quacitate
278 2040 365 2114 capti,
382 2056 469 2095 sensu
487 2043 617 2093 uertentes
628 2038 809 2104 videbamur,
826 2037 911 2109 qussi
928 2038 1098 2108 quemdam.

830 2152 998 2213 variorum
1015 2160 1110 2214 nette.

117 2284 183 2327 eum
199 2265 311 2322 ceteris
327 2262 447 2319 rediisse
460 2262 494 2316 ad
511 2260 670 2315 Ecclesium
687 2262 765 2331 potet
787 2275 822 2313 ex
847 2259 942 2313 tribus
956 2263 981 2327 Β
995 2259 1119 2327 celaret,
1137 2260 1267 2315 abditam
1283 2262 1361 2315 enim
1377 2260 1468 2331 luisse
1487 2276 1521 2315 eo
1544 2264 1675 2332 tempore
1700 2275 1754 2317 nec
1779 2277 1828 2316 co·

997 2332 1109 2413 genitam
1125 2331 1597 2457 cupiditatemejus,ipseqooque
1611 2331 1826 2402 aitCernelius,

997 2419 1047 2475 qur
1064 2419 1169 2458 accusa
1188 2444 1194 2456 .

119 2338 310 2411 sequentibus
319 2334 466 2407 Epistolis,
477 2333 534 2387 Nos
545 2331 751 2402 expunximus,
765 2331 834 2401 quia
853 2334 944 2411 llaec·

119 2414 154 2469 rii
170 2426 275 2467 nornen
290 2409 320 2463 in
337 2405 418 2462 nollo
445 2420 546 2459 eorum
576 2410 705 2458 veterum
730 2399 942 2473 exemplarium

119 2486 280 2555 reperimus
296 2478 404 2551 quibus
419 2478 463 2531 usi
481 2491 596 2536 saurus,
609 2490 703 2545 aerque
719 2473 747 2527 ln
764 2472 943 2529 editionibus

118 2573 182 2627 quie
192 2552 387 2609 Patrrclinoam
400 2554 628 2603 antecesserunt.
639 2546 744 2600 Breuz.
756 2575 789 2585 —
801 2544 945 2615 lpsiosta-

120 2646 185 2682 trien
202 2622 310 2679 Buluzii
327 2627 433 2683 textam,
451 2636 508 2673 non
525 2624 603 2673 lotus
618 2622 653 2672 ab
675 2633 708 2671 eo
735 2616 854 2687 quidem
878 2615 943 2687 ipso

118 2701 293 2766 curatus,et
310 2696 509 2765 postmortem
527 2692 591 2760 ejus
615 2689 643 2742 in
671 2686 821 2759 publicum
846 2687 943 2743 editus

119 2770 241 2826 retinuit
256 2770 280 2820 el
295 2764 465 2822 llerclroriax.
484 2766 539 2833 Ego
554 2778 621 2815 cum
637 2758 804 2813 tltrnstantio
819 2758 915 2813 enrisi.

154 2842 211 2911 (Ίῦ)
237 2840 436 2903 ,illinituerttttt
467 2834 498 2887 ln
530 2850 584 2887 ms.
621 2830 705 2885 Goth.
743 2832 942 2899 (tributarium.

119 2911 256 2979 Quamvis
273 2908 319 2963 itio
335 2906 474 2977 plerique,
491 2902 540 2975 qui
556 2904 754 2959 contesserarit
773 2903 945 2957 terretoritats

121 2984 157 3039 ad
172 2982 301 3037 schisma
315 2981 490 3037 deiecerunt.
506 2992 571 3030 curn
596 2975 629 3027 iis
658 2976 692 3027 od
717 2972 871 3027 Ecclesiam
902 2990 944 3027 re-

119 3055 209 3111 diissc
223 3054 366 3117 dicuutur,
382 3050 458 3104 inira
475 3054 570 3102 tamen
586 3052 616 3099 et
631 3046 794 3099 retentioni
818 3045 903 3099 vorlra
917 3047 946 3099 el

120 3124 218 3201 populi
234 3124 269 3179 «le
283 3121 399 3177 illorum
417 3120 527 3175 reditus
541 3116 717 3189 gratulantis¹
729 3130 812 3170 rores
823 3116 857 3171 ad
870 3132 945 3171 unos

122 3202 304 3254 coulesxort‘s
319 3193 451 3249 attinent.
469 3196 508 3244 lta
520 3195 549 3244 et
563 3188 724 3259 Cyprianus
754 3190 829 3241 lnl'rtt
854 3188 943 3257 Epist.

120 3262 521 3337 v111,desoloeonlesserum
538 3261 630 3315 redito
663 3259 825 3313 rescribens
850 3258 944 3329 loqui-

121 3347 179 3398 tor.
200 3341 249 3394 llic
266 3344 403 3407 praterea
417 3337 615 3397 oliserranms,
632 3330 772 3385 cclrlrrem
790 3331 861 3384 aileu
876 3330 944 3385 cleri

122 3418 309 3476 convectant,
325 3408 370 3463 cui
384 3412 413 3461 el
433 3406 561 3475 quinque
585 3404 776 3456 interluceant
804 3401 944 3471 episcopi,

121 3486 157 3539 tle
170 3482 318 3555 proposito
331 3494 420 3533 eausa
433 3476 504 3530 ntlril
519 3476 574 3529 uisi
591 3492 657 3529 com
671 3476 767 3543 populi
783 3472 884 3527 notitia
894 3471 944 3528 tle·

122 3551 390 3611 eernmerotoisse.
407 3548 518 3612 Quuex
546 3564 575 3601 re
602 3548 629 3600 itl
646 3544 808 3599 aljar-netto
834 3548 942 3599 l'uetutn

1033 2474 1089 2545 (ru)
1114 2476 1280 2544 Episcopum
1308 2474 1490 2530 sanctissime
1513 2473 1656 2529 cestrota-rr
1684 2474 1825 2533 Ecclesiae.

997 2544 1156 2599 Ecclesiam
1173 2546 1254 2601 urbis
1270 2545 1369 2600 Romae
1383 2545 1431 2599 hic
1459 2546 1567 2617 signori
1590 2550 1673 2600 extra
1701 2548 1826 2603 dubium

997 2622 1051 2671 est.
1065 2617 1104 2671 lla
1116 2616 1202 2671 verba
1212 2618 1306 2688 ipsius
1317 2616 1442 2672 Cornelii
1459 2618 1486 2671 in
1498 2616 1623 2689 epistola
1636 2618 1723 2674 modo
1734 2620 1824 2674 dicta.

997 2686 1026 2737 'll
1052 2684 1197 2755 ἑκδεκητὴς
1221 2684 1267 2740 οὖν
1290 2684 1339 2741 τοῦ
1363 2686 1524 2760 εὐαγγελίου
1548 2688 1752 2771 (ῌοναὶἰιηιιὲ)
1775 2688 1827 2743 ota

1155 2756 1167 2775 'l

997 2756 1131 2827 ἠπίστατο
1157 2779 1202 2813 suu
1227 2757 1372 2813 ἐπέσκοπον
1402 2755 1457 2813 δεῖν
1479 2758 1544 2813 εἶναι
1569 2778 1594 2813 εν
1618 2758 1755 2825 retaliari,
1782 2758 1825 2813 ἐκ·

997 2828 1098 2899 κλητῖᾳ
1124 2828 1149 2883 ἑν
1173 2832 1192 2900 ᾗ
1216 2830 1266 2884 οὐκ
1294 2829 1385 2915 ἠγνόει
1415 2834 1484 2902 (πῶς
1517 2828 1601 2905 (ἀμ)
1625 2820 1825 2905 πρεσὸυὲἑρους

999 2902 1065 2955 εἶναι
1088 2902 1141 2972 (ις’,
1158 2898 1298 2962 διακόνους
1313 2901 1389 2967 sarit,
1406 2908 1473 2967 ste„
1489 2904 1504 2973 b
1518 2906 1546 2957 3.

1035 2976 1091 3045 (atti
1107 2976 1227 3029 Elrrttou
1241 2994 1257 3029 a
1273 2976 1334 3039 ltro,
1361 2974 1390 3029 lr.
1415 2992 1439 3029 e.
1466 2974 1628 3046 inspirante
1655 2974 1715 3030 Deo
1744 2973 1826 3029 curt-

1000 3050 1102 3116 stoque
1118 3047 1192 3115 ejus,
1209 3050 1237 3100 et
1251 3046 1286 3101 sd
1300 3046 1396 3117 legum
1423 3044 1585 3101 divinarum
1609 3045 1824 3119 praescriptum,

1003 3118 1044 3170 lta
1058 3117 1093 3169 de
1108 3116 1251 3188 Cypriane
1267 3134 1319 3172 suo
1336 3117 1438 3172 scribit
1453 3116 1572 3173 Pontius
1588 3118 1732 3173 diaconus
1753 3118 1816 3188 ejus

1002 3210 1015 3237 n
1028 3188 1140 3258 judicio
1155 3188 1204 3243 llei
1221 3197 1249 3244 et
1265 3187 1357 3260 plebis
1373 3189 1469 3244 lavore
1479 3190 1514 3243 ad
1527 3190 1657 3244 et'licium
1671 3161 1825 3245 sacerdotii

999 3264 1028 3313 et
1050 3258 1236 3331 episcopatus
1255 3260 1378 3330 gradum
1409 3260 1505 3315 adhue
1529 3261 1706 3333 neophytus,
1732 3270 1772 3329 et,
1798 3263 1826 3315 ut

1000 3332 1167 3401 putabatur.
1184 3328 1316 3387 novellus
1331 3331 1440 3386 electus
1459 3336 1513 3386 est.
1531 3354 1545 3381 u
1569 3332 1604 3386 Et
1623 3331 1713 3403 paulo
1742 3336 1823 3405 post:

999 3426 1012 3449 α
1025 3402 1086 3456 Non
1103 3403 1255 3472 preteribo
1268 3404 1354 3457 etiam
1372 3402 1443 3457 illud
1460 3402 1609 3465 eximium,
1632 3404 1823 3474 quemadmo-

999 3474 1068 3527 dum
1086 3491 1152 3528 eom
1168 3474 1196 3528 in
1221 3473 1406 3529 dilectionem
1430 3474 1495 3542 ejus
1523 3481 1550 3529 et
1579 3474 1723 3531 bonorem
1748 3480 1823 3531 totus

998 3544 1135 3627 populus,
1159 3545 1306 3617 aspirante
1329 3545 1462 3607 Domino,
1490 3544 1647 3616 prosiliret,
1675 3546 1823 3602 hiantiliter

121 3625 257 3695 colligere
270 3628 322 3679 est.
339 3621 416 3693 qood
432 3638 446 3673 n
461 3616 603 3689 Cypriane
628 3616 718 3688 Epist..
729 3634 781 3695 ⁸tt,
806 3632 857 3669 seu
869 3687 874 3696 ι
885 3630 941 3683 xtv,
958 3630 980 3695 q
999 3615 1047 3669 tlte
1059 3616 1188 3685 secessit,
1205 3617 1420 3689 antiquioribus
1436 3616 1553 3689 cedens,
1573 3623 1602 3671 et
1622 3618 1782 3691 indignum
1798 3632 1822 3673 stt

122 3702 157 3752 od
176 3695 400 3767 presbyteroset
426 3692 562 3745 diaconos
588 3704 657 3742 snos
680 3688 734 3741 eilu
761 3693 941 3758 propositum
999 3688 1084 3742 titulo
1110 3688 1180 3741 tanti
1205 3688 1324 3743 honoris
1350 3687 1521 3755 exstimans,
1547 3692 1579 3743 ut
1597 3688 1708 3761 dignus
1735 3690 1823 3761 magis

120 3768 265 3841 legimus:
282 3790 295 3811 «ι
312 3763 444 3831 Quando,
461 3762 560 3831 inquit,
591 3758 626 3813 ab
656 3758 738 3812 initio
760 3757 946 3829 episcopatus

1000 3760 1090 3813 lieret.
1106 3759 1135 3814 P.
1162 3760 1188 3813 3.
1213 3760 1254 3814 l'it
1276 3761 1421 3831 Cypriani.
1440 3782 1453 3809 »ι
1479 3760 1543 3830 lpse
1567 3776 1685 3832 quoque
1707 3760 1824 3833 Cypria·

1000 3847 1056 3884 nos
1072 3830 1100 3884 in
1114 3833 1203 3897 Epist.
1219 3848 1265 3893 xa,
1277 3834 1312 3887 al.
1339 3848 1417 3893 xtttt.
1439 3830 1608 3887 electionem
1633 3848 1722 3887 suam
1748 3834 1825 3888 uocat

1000 3924 1014 3951 o
1031 3902 1203 3973 suffragium
1222 3902 1315 3973 plebis
1336 3908 1364 3958 et
1388 3903 1437 3957 lei
1458 3902 1645 3972 judicium.»
1670 3906 1771 3977 Atque
1801 3904 1826 3959 iu

120 3982 223 4041 ρους),
1000 3972 1087 4043 Epist.
1105 3989 1188 4037 cxvii,
1212 3974 1255 4029 vel
1287 3989 1380 4040 urrrr,
1411 3975 1517 4028 modus
1541 3979 1683 4045 preterea
1709 3976 1830 4031 ordina·

155 4056 212 4125 (77)
229 4052 379 4107 Corrcursux
402 4049 488 4118 lactus
507 4048 556 4101 ext.
583 4044 624 4099 Ad
643 4042 810 4107 Ecclesiam,
832 4041 862 4097 in
888 4058 946 4114 qua
1000 4044 1113 4099 tionum
1125 4043 1366 4100 celebrandarum
1388 4045 1423 4100 ab
1441 4045 1567 4100 Ecclesia
1589 4053 1744 4118 receptus,
1759 4071 1774 4097 o
1790 4061 1831 4103 se·

119 4124 226 4197 recepti
242 4122 424 4179 eeitl'essores
440 4124 518 4183 snm,
534 4120 566 4169 ut
581 4119 679 4169 censet
694 4114 736 4169 cl.
753 4113 904 4169 llarsball.
999 4117 1128 4171 condam
1145 4117 1242 4171 diviua
1258 4116 1425 4188 magisteria
1440 4120 1662 4187 (perecliturum
1678 4120 1709 4173 ia
1730 4118 1832 4175 dietata

156 4192 425 4267 (ittlllotlie.tlor·b.
453 4205 510 4256 ms,
537 4190 586 4242 ltoc
604 4188 661 4241 die.
692 4186 736 4240 Nil
768 4185 944 4241 iricommodi
998 4188 1283 4259 Scriptoriacestont)
1311 4194 1339 4243 et
1368 4190 1530 4243 secondom
1561 4188 1609 4243 Dei
1633 4187 1832 4257 voluntatem,

119 4276 161 4325 cst
183 4269 210 4324 in
234 4263 371 4323 uocabulo
399 4260 493 4316 tortio:
524 4258 595 4329 qnia
624 4255 786 4325 Cornelios,
812 4260 843 4309 ot
870 4257 946 4312 inlra
999 4260 1235 4314 uonsocundom
1253 4258 1831 4331 hunianamprasumptionem,ostatu·

119 4340 304 4401 testitieator,
318 4334 410 4391 eodem
426 4334 505 4398 liora,
521 4330 614 4385 cortem
636 4332 780 4396 eramento,
811 4344 869 4397 tque
895 4327 946 4384 illa
1000 4337 1049 4385 tos
1063 4346 1127 4385 esse
1141 4331 1314 4385 ostenditur.
1332 4330 1444 4385 Etenim
1462 4329 1562 4387 relatio
1579 4330 1629 4385 illa
1645 4334 1681 4387 ad
1694 4330 1793 4389 Deum
1805 4330 1829 4389 si

120 4404 496 4483 gestasout.hteeseripta
515 4403 551 4456 ud
582 4400 757 4473 cyprianum
784 4399 945 4455 transmitti
1000 4402 1103 4457 iratres
1117 4400 1145 4455 in
1162 4402 1191 4456 S.
1211 4402 1323 4457 Mathia
1339 4401 1480 4457 electione
1496 4402 1571 4458 inter
1599 4401 1663 4459 haec
1684 4406 1828 4477 praecipue

120 4483 242 4539 curavit.
259 4479 323 4536 atta
338 4477 465 4551 quodum
477 4474 588 4529 ratione
607 4472 768 4543 Cyprianus
792 4471 882 4542 Epist.
907 4488 944 4538 m,
1000 4472 1124 4545 spectari
1141 4472 1263 4527 videtur.
1279 4474 1348 4545 (Act.
1366 4489 1385 4537 t,
1401 4474 1445 4536 29.
1462 4476 1537 4543 seq.)
1553 4474 1664 4529 Ilouru.

121 4571 172 4610 seu
203 4569 257 4617 arr,
287 4550 389 4605 iisdem
421 4544 638 4603 contessoribos
676 4546 717 4599 sic
759 4541 944 4614 gratulator:
1035 4544 1091 4615 (8¹)
1106 4544 1286 4616 terpestarem
1302 4547 1492 4617 praecisarum,
1507 4544 1672 4601 Trebellius
1693 4545 1790 4603 Pollia
1803 4544 1823 4601 iu

121 4648 134 4675 a
153 4624 343 4695 Posteaquam
361 4637 412 4675 vos
426 4620 461 4675 de
472 4633 585 4673 carcere
601 4616 777 4688 prodeuntes
799 4613 945 4669 schisma·
998 4614 1147 4671 Gallieno:
1166 4638 1181 4663 «ι
1199 4615 1276 4672 ldem
1293 4630 1360 4671 cum
1376 4616 1494 4687 quidam
1506 4632 1640 4689 perimas
1657 4618 1770 4675 vitreas
1782 4630 1823 4690 pro

119 4698 197 4751 ticos
225 4701 254 4751 et
281 4693 434 4749 haereticos
462 4706 542 4744 error
562 4688 683 4759 excepit.
720 4686 761 4741 sic
791 4702 835 4739 res
873 4690 944 4755 erat,
999 4686 1268 4743 verissendidisset
1287 4689 1350 4758 ejus
1379 4688 1471 4756 uxori,
1498 4693 1584 4755 atque
1612 4688 1676 4752 illa,
1709 4705 1742 4745 re
1770 4702 1822 4773 pro·

120 4768 204 4840 quasi
221 4772 315 4823 vestra
337 4763 430 4835 gloria
449 4761 478 4816 iu
505 4775 619 4815 carcere
645 4757 856 4813 remansisset:
886 4756 946 4812 illie
999 4758 1071 4819 dita.
1087 4758 1226 4814 vindicari
1241 4756 1338 4824 vellet,
1354 4760 1461 4830 surripi
1478 4759 1560 4827 quasi
1576 4760 1609 4813 ad
1632 4760 1752 4817 leonem
1767 4776 1821 4831 Jur-

120 4856 199 4895 enim
213 4837 356 4895 resedisse
372 4832 458 4890 vestri
474 4831 602 4887 norrrinis
626 4830 754 4897 dignitas
782 4828 945 4895 cidebstor,
999 4830 1047 4885 sit.
1064 4829 1173 4885 Deinde
1200 4846 1216 4885 s
1244 4846 1330 4886 cavea
1359 4846 1498 4898 caponem
1528 4831 1658 4887 emittit:
1686 4830 1820 4887 urirandi·

120 4912 237 4981 (quotide
254 4904 480 4965 militeaClrristi
503 4918 559 4955 oon
587 4900 622 4953 od
648 4899 803 4953 Ecclesiam
826 4900 861 4953 tle
885 4916 947 4954 car·
999 4901 1113 4983 busque
1128 4902 1242 4956 cunetis
1257 4918 1317 4957 rem
1333 4900 1497 4965 ridiculam,
1519 4920 1570 4975 per
1591 4904 1749 4959 curionem
1773 4901 1821 4959 diti

120 5000 184 5037 cere
199 4982 335 5047 redirent,
351 4980 379 5032 in
394 4990 478 5047 quem
496 4974 578 5045 parius
592 4987 657 5026 cunr
675 4970 806 5024 Ecclesiae
823 4971 1317 5065 loutleeleussrt:imposturam
1338 4972 1405 5028 iecit
1433 4979 1462 5028 ot
1491 4990 1595 5043 passus
1619 4980 1674 5029 eet.
1708 4974 1820 5029 odiliae

120 5056 316 5119 gratulatione
341 5048 499 5103 venissent.
514 5065 527 5091 o
552 5041 605 5097 Ubi
628 5040 758 5096 cornelio
789 5042 945 5099 concitans
1002 5044 1186 5116 Lampridius
1198 5045 1289 5100 tradit
1299 5044 1610 5101 Veranium'l‘urinum
1621 5046 1820 5117 impostorem.

121 5125 294 5197 errrianos.
315 5119 497 5177 oenlessores
527 5130 583 5167 non
608 5117 722 5168 tantum
746 5112 945 5178 schismatico,
1001 5116 1050 5185 qui
1064 5115 1683 5197 moltalallendopromiserat,etpreusnis
1703 5118 1822 5189 premis·

121 5184 170 5253 sed
186 5204 215 5253 et
230 5193 363 5249 lueretico
378 5204 475 5243 errore
490 5192 591 5257 captos
606 5184 751 5256 predicat.
767 5183 848 5239 Unde
863 5184 944 5240 colli·
999 5188 1042 5243 sis
1062 5186 1190 5259 ingentia
1212 5204 1331 5260 praemru
1355 5195 1533 5260 perceperat.
1560 5188 1719 5245 Alexandri
1731 5188 1822 5245 Seueri

120 5286 187 5329 cere
207 5272 251 5320 est
279 5258 430 5319 Nepotiani
460 5257 592 5313 heresim
624 5256 701 5311 eirea
730 5256 944 5328 paenitentiam,
996 5258 1083 5329 jussu
1100 5264 1270 5315 accusatum
1285 5258 1386 5325 luisse,
1403 5260 1621 5329 stromatum,
1642 5260 1733 5332 Jossu
1749 5260 1824 5319 llliut

118 5340 213 5411 ipsios
226 5336 384 5391 schismate
400 5344 584 5403 nequaquem
602 5328 789 5399 posteriorem
800 5328 944 5399 originem
999 5330 1151 5401 alligatum
1167 5331 1202 5386 ud
1218 5330 1345 5399 stipritem
1362 5334 1390 5385 et
1407 5332 1486 5387 furno
1508 5332 1654 5403 apposito,
1681 5348 1772 5405 quem
1792 5348 1825 5389 ex

117 5408 268 5467 babuisse.
295 5406 397 5463 Ceosr.
428 5402 521 5458 -Et
548 5400 620 5457 loeis
644 5398 777 5472 pluribus
811 5400 943 5471 Epistola
997 5402 1116 5473 stipulis
1143 5408 1231 5474 atque
1254 5402 1385 5457 humidis
1400 5401 1489 5475 liguis
1518 5403 1579 5459 lieri
1603 5405 1752 5475 jusserat,
1776 5421 1823 5462 aa·

117 5481 240 5539 Cornelii
257 5479 293 5537 ad
318 5476 448 5541 Fabium,
471 5474 556 5544 eujus
579 5475 741 5543 l'rapruenta
761 5488 829 5527 mox
843 5470 942 5539 allero,
997 5475 1118 5541 cavisse,
1132 5490 1261 5545 procons
1276 5474 1408 5529 dicente:
1440 5476 1525 5531 Firmo
1545 5478 1664 5548 praeitur
1689 5478 1739 5547 qui
1765 5492 1825 5533 eea·

118 5552 173 5615 hou
194 5552 264 5607 milri
290 5548 433 5623 persuasi,
458 5548 686 5603 controversiam
713 5544 748 5599 dc
773 5542 944 5615 poenitnntia
995 5546 1067 5600 dulit
1080 5547 1198 5613 suerrum.
1213 5546 1247 5601 l).
1264 5544 1339 5601 Nero
1353 5544 1523 5603 clementior
1550 5546 1606 5603 tuit
1626 5564 1698 5621 erga
1722 5548 1826 5605 Casei·

115 5623 273 5697 exstitisse,
285 5626 443 5701 autequam
450 5620 485 5677 ds
494 5618 663 5749 episcopatu
674 5614 827 5699 Novatisui
843 5613 941 5689 palam
995 5615 1068 5673 lium
1083 5618 1218 5677 Bassum.
1242 5616 1316 5676 Vide
1342 5616 1477 5677 'I'aoilum
1505 5617 1556 5677 lib.
1586 5634 1628 5679 zu
1656 5620 1823 5679 ansultam.

117 5702 261 5779 egeratur,
277 5692 422 5772 quidquid
436 5690 486 5752 illa
524 5704 599 5752 eea
621 5702 744 5751 munere
761 5702 861 5748 mimo
885 5702 942 5751 suo
993 5692 1144 5751 Bouaria.

122 3840 177 3895 inei
194 3838 358 3901 statuerim,
375 3834 446 3889 nilril
472 3836 535 3888 sinc
559 3830 680 3885 consilio
704 3836 808 3895 restro,
833 3838 861 3883 et
882 3831 946 3885 sins

119 3926 263 3967 consenso
281 3909 386 3981 plebis,
401 3921 467 3961 mea
482 3903 616 3975 privatim
632 3902 777 3957 sententia
791 3917 899 3973 gerere.
