3892 6104
143 264 217 339 ‘lli
733 273 995 339 bissuasaslo
1018 273 1290 340 asotoomlca
1807 276 1867 336 118

161 407 288 465 istorum
312 408 478 479 temporum
501 405 632 463 moribus
649 424 656 464 ε
672 407 723 463 sed
750 423 846 464 annon
871 405 987 479 longius
1000 407 1029 475 Α
1043 405 1212 479 quotidiano
1227 405 1256 462 id
1271 421 1365 480 genus
1374 404 1516 462 virtutum
1532 403 1868 479 experimentotschri·

164 500 211 554 est
234 495 322 552 etiam
348 495 384 550 ab
408 494 549 552 hodierna
572 496 793 565 consuetudine,
815 496 892 568 quod
916 499 988 551 tunc
1042 494 1871 568 stum112timentes,»subjungitlaudatusauotor,«et

166 581 214 639 nol
224 581 314 652 λάκις,
336 607 349 634 ιι
366 580 569 655 saepenumero
589 584 666 640 inter
680 586 783 642 tratres
802 585 909 641 lactum
925 599 989 640 csse
1043 583 1134 640 Deum
1150 584 1180 639 in
1191 584 1315 654 Christo,
1328 584 1526 656 subjiciuntur
1539 583 1630 641 servis
1640 582 1690 641 Dei
1706 587 1735 641 et
1748 583 1869 640 Christi.

66 729 76 758 ae
166 675 293 731 testatur
307 674 442 740 ireneus,
458 672 537 744 quod
553 695 567 724 ιι
583 675 644 728 tota
660 673 748 729 simul
764 674 853 729 unius
867 672 922 729 laci
937 672 989 728 llo-
1044 671 1087 727 lta
1100 672 1136 728 de
1151 676 1296 742 contactu,
1312 673 1407 745 deque
1421 672 1520 728 afflatu
1538 677 1648 741 nostro,
1659 673 1749 730 etiam
1762 674 1799 731 de
1810 691 1874 730 ουτ·

168 763 258 820 olesia
270 764 306 818 ob
328 760 456 831 aliquam
481 761 683 818 necessitatem
707 763 736 829 id
751 762 900 836 flagitante
923 777 990 818 cum
1045 760 1167 833 poribus
1181 765 1279 817 nostro
1293 761 1416 834 imperio
1431 762 1575 818 excedunt
1589 761 1672 818 insiti
1687 769 1715 819 et
1729 762 1873 834 dolentes,

163 851 285 925 jejuniis
301 849 403 906 multis
413 855 442 905 et
458 850 649 918 orationibus,
662 868 776 908 reversa
789 851 829 907 sit
842 850 872 907 in
886 865 992 923 corpus
1046 853 1075 906 et
1088 849 1170 905 vobis
1185 850 1376 922 presentibus
1402 852 1618 908 erubescentes.
1635 872 1650 901 υ
1666 851 1753 907 Libro
1774 856 1875 909 autem

168 940 267 996 anima
290 938 433 1007 defuncti,
458 943 487 995 et
515 944 682 996 sanctorum
707 941 844 1012 precibus
864 937 993 996 hominia
1047 937 1083 993 de
1100 942 1210 993 corona
1225 937 1311 993 milit.
1336 937 1392 994 hcc
1407 940 1523 1011 spiritu,
1539 938 1593 995 hac
1607 939 1714 1017 virtute
1735 956 1793 997 non
1816 939 1876 996 cle·

169 1029 229 1085 vita
243 1029 352 1085 donata
363 1027 425 1083 ait?
440 1049 454 1079 ο
735 1103 737 1106 γ
1048 1025 1124 1082 rinos
1148 1026 1233 1082 modo
1247 1030 1298 1083 aut
1320 1025 1496 1101 insigniores
1509 1027 1702 1096 christianos,
1717 1029 1769 1086 sed
1785 1046 1879 1103 quos·

207 1117 243 1174 V.
258 1116 314 1173 Sed
329 1121 363 1173 ut
376 1116 523 1190 intelligat
535 1116 709 1191 Basnagius,
726 1135 785 1191 qua
798 1118 906 1175 fiducia
919 1120 996 1173 vete·
1048 1114 1093 1170 vis
1108 1115 1285 1188 promiscue,
1301 1115 1389 1172 etiam
1411 1114 1512 1185 laicos,
1528 1116 1666 1196 preditos
1680 1117 1785 1185 inisse,
1799 1117 1878 1174 clare

172 1221 219 1263 res
234 1205 390 1262 Christiani
412 1205 511 1262 divina
534 1207 594 1263 hec
619 1207 797 1263 charismata
821 1211 850 1263 et
873 1207 997 1263 virtutes
1051 1205 1080 1259 et
1094 1207 1193 1277 aperte
1216 1202 1372 1276 significat,
1388 1203 1459 1260 dum
1474 1203 1667 1276 christianos,
1683 1203 1751 1261 illes
1776 1204 1878 1277 utique

173 1294 531 1361 administrarent,audiat
545 1311 609 1367 qua
623 1295 823 1353 ‘l'ertullianus
842 1296 934 1367 jactet
962 1295 998 1351 de
1053 1292 1163 1365 quibus
1188 1307 1224 1348 ex
1241 1292 1376 1349 Ecclesia
1399 1293 1548 1350 catholicae
1571 1292 1728 1367 discipline
1748 1293 1880 1351 militare

174 1383 294 1440 illorum
316 1384 346 1438 in
371 1383 518 1440 daemones
541 1384 665 1456 imperio
687 1384 768 1457 (θθίι
790 1406 805 1436 ιι
821 1385 929 1441 lldatur
951 1382 1000 1439 hic
1053 1379 1169 1452 licebat,
1190 1398 1207 1437 a
1232 1381 1419 1453 suscipienda
1445 1379 1490 1437 vel
1515 1382 1674 1440 exercenda
1696 1381 1803 1440 militia
1826 1382 1884 1440 hoc

176 1471 285 1545 aliquis
300 1472 360 1537 sub¹
370 1472 568 1529 tribunalibus
583 1474 697 1548 vestris,
707 1490 795 1546 quem
806 1475 938 1530 demone
953 1471 1000 1545 agi
1056 1468 1134 1525 inter
1155 1473 1259 1527 catera
1285 1474 1458 1544 argumente
1482 1471 1617 1540 deterret,
1633 1472 1711 1544 quod
1737 1470 1886 1528 militibus

177 1563 422 1632 censtctrjuseus
437 1577 454 1616 a
469 1560 600 1632 quolibet
609 1562 768 1619 christiano
783 1561 862 1635 loqui
878 1561 1002 1635 spiritus
1056 1561 1145 1614 noctu
1160 1574 1213 1630 pro
1238 1558 1404 1615 demonum
1427 1559 1544 1632 templis
1566 1560 1769 1617 excubandum
1794 1563 1886 1632 esset,

179 1648 240 1716 ille,
255 1652 315 1705 tam
339 1666 371 1706 se
386 1650 549 1707 demonem
563 1650 751 1708 confitebitur
771 1652 807 1708 de
819 1668 887 1708 vero
913 1666 1003 1722 quam
1058 1645 1181 1720 inques
1200 1647 1383 1704 christianus
1399 1647 1525 1706 interdiu
1542 1649 1700 1722 imperium
1718 1649 1888 1717 'exet-cebet,

181 1737 251 1796 alibi
266 1739 353 1795 deum
364 1739 400 1794 de
415 1738 497 1795 lalso.
510 1740 599 1812 AEque
610 1740 904 1814 producatnraliquis
919 1757 955 1796 ex
968 1739 1006 1795 iis
1059 1752 1193 1808 quosque
1214 1736 1384 1794 exorcismis
1406 1736 1525 1811 lugebat
1539 1738 1598 1811 (l):
1617 1761 1628 1788 ι
1646 1739 1680 1795 llt
1703 1755 1779 1811 quos
1797 1739 1891 1795 luter·

183 1827 284 1900 quide
305 1827 359 1884 deo
374 1826 434 1899 pati
457 1828 672 1899 existimantur,
688 1831 738 1902 qui
758 1830 817 1886 aria
840 1828 1007 1885 inhalantes
1064 1824 1115 1881 din
1130 1824 1300 1881 exorcismis
1316 1824 1435 1900 iugavit,
1447 1826 1584 1889 noctibus
1595 1826 1894 1901 defensabitinc'um·

184 1932 294 1973 nomen
310 1918 346 1973 de
361 1917 463 1973 nidore
477 1917 656 1992 concipiunt,
673 1919 723 1991 qui
738 1919 881 1976 ructando
901 1934 1009 1992 conan-
1065 1912 1138 1969 bens
1150 1918 1180 1970 et
1200 1912 1387 1985 requiescens
1412 1930 1501 1988 super
1524 1913 1631 1972 luncho
1647 1931 1705 1987 quo
1724 1915 1894 1989 periossum

185 2010 244 2076 tur,
259 2004 310 2077 qui
325 2005 490 2063 anhelando
504 2006 659 2078 profantur
675 2032 682 2065 ι
697 2007 755 2063 ista
776 2007 841 2080 ipsa
854 2007 936 2080 virge
951 2023 1010 2063 coe·
1064 2006 1111 2059 eat
1122 2001 1200 2059 latus
1225 2001 1343 2058 Christi.
1360 2024 1375 2052 ν
1399 2002 1461 2071 Cui,
1478 2008 1509 2059 ut
1524 2002 1665 2071 vidimus,
1690 2003 1818 2060 concinit
1833 2004 1895 2061 lre·

187 2093 270 2151 lestis
286 2092 452 2166 pluviarum
468 2093 667 2166 pollicitatrix,
680 2095 736 2152 iste
747 2094 811 2167 ipse
825 2094 1011 2168 AEeculapius
1066 2107 1149 2147 naens
1163 2090 1214 2163 qui
1224 2106 1307 2147 veros
1319 2090 1426 2147 Christi
1436 2089 1607 2163 discipules,
1625 2091 1707 2148 nulla
1727 2091 1894 2148 distinctio·

190 2181 404 2239 medicinarum
427 2182 653 2256 demonstrator,
669 2182 742 2241 alias
757 2184 944 2241 demeritorie
960 2183 1012 2239 So·
1066 2196 1102 2236 ne
1127 2178 1269 2248 adhibita,
1285 2180 1350 2247 hac,
1365 2179 1416 2247 ait,
1436 2179 1513 2236 inter
1527 2184 1630 2237 catera
1654 2181 1731 2237 dena
1755 2179 1896 2254 preditos

190 2270 299 2340 cerdic,
316 2273 346 2326 et
359 2269 481 2326 Decetia
495 2274 524 2326 et
536 2271 737 2344 Asclepiodoto
761 2272 1012 2342 subministrator,
1067 2267 1159 2324 luisse
1174 2271 1327 2341 potestate,
1353 2273 1385 2325 ut
1407 2269 1555 2326 demones
1580 2268 1757 2348 expellerent
1773 2262 1894 2345 βεθαίως

191 2357 249 2415 nisi
265 2374 296 2414 se
311 2359 459 2415 demones
472 2359 598 2417 eoniessi
622 2360 739 2426 suerint,
755 2361 915 2418 christiano
931 2378 1013 2418 men·
1066 2355 1112 2410 καὶ
1136 2352 1257 2427 ἀληθῶς.
1274 2358 1308 2413 lit
1330 2361 1456 2429 utroque
1481 2357 1629 2431 antiquior
1650 2359 1787 2415 tustinus
1812 2359 1896 2431 ipsos

190 2447 239 2503 tiri
255 2464 313 2504 non
337 2448 489 2516 audentes,
504 2447 613 2505 ibidem
630 2449 709 2506 illius
733 2449 885 2507 christiani
911 2466 1014 2524 proca-
1067 2445 1202 2503 ethnicos
1216 2445 1322 2502 harum
1343 2445 1486 2502 virtutum
1510 2450 1600 2503 testes
1614 2445 1753 2520 appellat,
1769 2451 1803 2504 ut
1826 2463 1894 2519 qnae

191 2534 304 2593 cissimi
317 2536 492 2609 sauguinem
515 2537 635 2594 tundite.
651 2538 723 2602 Quid
741 2539 796 2595 isto
820 2555 906 2611 opere
920 2538 1014 2595 mani·
1068 2536 1124 2591 sub
1139 2535 1270 2607 ipsorum
1286 2533 1378 2591 oculis
1392 2538 1428 2590 et·
1440 2534 1537 2608 palam
1552 2536 1709 2592 ederentur
1721 2536 1760 2609 (2)
1777 2553 1784 2593 :
1801 2556 1818 2587 ιι
1832 2535 1894 2592 iloc

191 2624 321 2682 festiue?
335 2623 407 2689 Quid
423 2624 479 2681 hac
495 2626 665 2697 probatione
686 2626 824 2684 fidelius?
838 2628 1014 2700 Simplicitas
1068 2625 1167 2698 ipsum
1177 2639 1214 2678 ex
1226 2622 1284 2689 his,
1301 2639 1365 2694 que
1379 2622 1434 2679 sub
1449 2627 1567 2696 aspectu
1583 2628 1679 2681 vestro
1694 2629 1774 2692 sunt,
1785 2622 1896 2682 intelli-

190 2712 320 2771 veritatis
335 2713 365 2769 in
381 2713 477 2770 medio
489 2719 541 2770 est.
549 2714 648 2771 Virtus
662 2715 705 2772 illi
720 2732 775 2773 sua
790 2717 903 2774 assistit
918 2734 924 2772 :
942 2715 1016 2773 nihil
1069 2728 1137 2786 gere
1151 2712 1284 2785 potestis.
1308 2711 1477 2784 Complures
1501 2712 1647 2785 siquidem
1662 2713 1830 2771 daemonum
1849 2713 1898 2770 ln·

192 2800 452 2876 suspicarllicebit,
462 2803 560 2875 magia
574 2803 733 2877 autaliqua
746 2805 891 2876 ejusmodi
901 2803 1018 2864 fallacia
1070 2798 1221 2873 temperiis
1235 2804 1383 2872 correptos
1398 2799 1532 2857 homines
1548 2818 1600 2873 per
1612 2802 1716 2859 'orbem
1731 2818 1850 2859 emnem
1865 2805 1898 2859 st

193 2891 256 2947 fleri
281 2890 396 2959 dicetis,
411 2891 435 2946 si
459 2891 535 2947 oculi
558 2893 646 2949 vestri
669 2896 697 2950 et-
718 2910 805 2951 aures
829 2893 1018 2966 permiserint
1070 2891 1147 2947 hanc
1161 2894 1286 2946 vestram
1311 2889 1424 2960 urbem,
1441 2906 1515 2962 quos
1538 2889 1587 2946 alii
1603 2891 1786 2962 adjuratores
1808 2892 1900 2948 etin·

192 2979 276 3037 vobis
293 2997 301 3036 ι
318 2979 389 3051 quid
404 2984 502 3037 autem
518 2979 599 3052 injici
613 2985 709 3054 potest
730 2983 871 3040 adversus
895 2983 923 3039 id
939 2983 1017 3054 quod
1071 2981 1236 3036 carneres
1250 2982 1279 3034 et
1293 2978 1413 3034 venetici
1427 2978 1516 3035 vestri
1538 2995 1640 3036 curare
1655 2996 1711 3036 nou
1728 2983 1902 3052 potuerunt,

194 3068 359 3126 ostenditur
377 3069 457 3125 nuda
480 3069 670 3127 sinceritate?
684 3093 699 3122 »
714 3077 820 3129 Αυοοο
835 3072 897 3128 baec
912 3089 1019 3144 magna
1073 3067 1213 3141 permulti
1229 3066 1382 3123 hominum
1399 3071 1578 3136 nostrorum,
1595 3067 1842 3135 Christianorum,
1853 3069 1904 3126 in·

195 3157 312 3227 fiducia,
327 3157 364 3212 de
372 3156 502 3227 cujusvis
516 3158 668 3214 christiani
684 3160 828 3233 sangnine
842 3177 909 3216 cum
919 3165 1017 3234 tyran·
1033 3141 1055 3210 C
1074 3173 1173 3229 quam,
1189 3171 1242 3229 per
1264 3172 1370 3212 nomen
1394 3155 1464 3212 Jesu
1490 3156 1597 3214 Christi
1612 3158 1667 3215 snb
1690 3157 1792 3214 Pontio
1806 3156 1905 3216 Pilato

195 3244 243 3300 nis
257 3243 428 3317 transigere,
443 3244 469 3300 si
492 3263 550 3301 non
564 3247 600 3301 ad
626 3247 778 3304 arbitrium
803 3254 832 3305 et
855 3265 943 3321 quam
961 3266 1020 3306 ma·
1073 3243 1201 3301 crucifixi
1225 3244 1397 3315 adjurantes
1421 3250 1574 3313 sanarunt,
1598 3250 1685 3318 atque
1708 3245 1797 3303 etiam
1820 3263 1905 3304 nunc

195 3332 284 3389 luerit
298 3332 329 3389 in
344 3333 492 3390 damonae
506 3339 637 3391 exercent
652 3338 850 3409 potestatem?
871 3345 916 3394 sn
930 3339 1018 3395 istam
1073 3337 1179 3390 sanant
1194 3337 1377 3389 exarmautes
1392 3335 1480 3405 atque
1495 3334 1643 3406 exigentes
1667 3336 1703 3391 ab
1717 3334 1903 3404 hominibus,

196 3437 314 3494 quoque
326 3421 464 3478 fiduciam
475 3422 538 3480 sola
548 3423 675 3480 Montani
688 3424 799 3481 familia
809 3426 939 3499 dignam,
950 3427 1021 3483 Bas·
1074 3421 1124 3494 qui
1140 3420 1207 3476 illos
1217 3419 1396 3477 obsederunt
1408 3420 1566 3478 daemones.
1578 3444 1592 3473 ιι
1609 3423 1644 3479 lit
1658 3423 1688 3478 in
1705 3421 1903 3498 dialogorum

196 3510 302 3589 nagim
317 3510 412 3566 dicere
425 3511 554 3579 audebit,
565 3512 1019 3584 quodhuicsectae'lertullianns
1074 3509 1230 3584 Tryphone
1245 3509 1307 3583 (l):
1333 3531 1348 3560 ιι
1371 3509 1581 3583 Opitulatorem
1608 3528 1736 3585 namque
1756 3513 1854 3584 ipsum
1871 3517 1904 3571 at

196 3597 286 3652 tuerit
300 3597 459 3654 addictus?
473 3600 510 3655 At
525 3598 625 3656 nullus
640 3600 687 3657 bic
699 3604 844 3674 ejusmodi
861 3603 1020 3661 cavillatio·
1074 3600 1288 3671 redemptorem
1300 3598 1500 3672 nominamus,
1511 3599 1596 3672 cujus
1611 3601 1699 3657 etiam
1712 3600 1839 3657 nominis
1849 3618 1904 3674 po-

198 3685 286 3740 nibus
301 3685 401 3755 locus;
417 3702 475 3742 non
490 3685 539 3743 hic
555 3687 591 3743 de
605 3689 730 3747 occultis
745 3691 1020 3764 privatisquevisio-
1075 3687 1198 3744 tentiam
1214 3687 1361 3744 demones
1375 3691 1507 3743 tremunt
1515 3692 1545 3744 et
1560 3688 1761 3753 reformidant,
1772 3692 1802 3747 et
1813 3689 1903 3746 hodie

197 3772 286 3830 nibus
311 3777 362 3830 aut
382 3774 608 3833 revelationibus
633 3778 741 3850 agitur,
758 3780 807 3835 sed
824 3780 860 3837 de
884 3796 914 3836 re
937 3780 1023 3852 culus
1076 3790 1191 3848 quoque
1207 3773 1250 3830 illi
1275 3790 1327 3847 per
1350 3792 1458 3831 noman
1472 3775 1543 3833 Jaau
1567 3776 1675 3833 christi
1699 3776 1829 3834 crucifixi
1843 3777 1904 3835 sub

199 3861 362 3936 publicum,
378 3870 408 3919 et
423 3864 478 3919 sub
501 3864 574 3938 ipsis
588 3865 772 3924 ethnicorum
794 3866 1021 3940 magistratuum
1076 3864 1179 3921 Pontio
1194 3862 1287 3919 Pilato
1302 3863 1352 3935 qui
1364 3863 1472 3921 Judaae
1488 3869 1706 3937 procuratorem
1721 3866 1792 3940 egit,
1816 3867 1906 3940 adju·

200 3951 1023 4028 tribunalibus,exhibeturexperimentum;ctchristianae
1078 3952 1232 4011 retinebis
1247 3956 1382 4024 parant.»
1397 3953 1433 4009 ut
1442 3969 1562 4010 rursum
1578 3970 1585 4010 :
1602 3977 1616 4005 ιι
1633 3955 1669 4010 lit
1681 3972 1761 4011 nunc
1775 3971 1839 4023 nos,
1850 3955 1908 4029 qni

202 4040 352 4112 religionis
363 4040 452 4099 decus
462 4042 955 4121 etchristianihominissanguisin
966 4049 1025 4105 dis·
1078 4042 1108 4098 in
1128 4040 1299 4098 crucifixum
1314 4043 1370 4098 sub
1394 4043 1496 4100 Pontio
1511 4042 1603 4100 Pilato
1627 4043 1643 4100 J
1647 4060 1730 4101 ceum
1746 4043 1908 4102 Dominum

202 4129 313 4186 crimen
332 4134 461 4197 vocatur,
480 4131 537 4188 nisi
552 4132 669 4204 siguum
685 4134 816 4192 oblatum
831 4152 864 4192 ex
880 4137 1026 4194 sententia
1080 4134 1213 4187 nostrum
1237 4130 1395 4198 credimus,
1412 4131 1557 4188 demonia
1582 4137 1697 4204 cuncta,
1724 4133 1909 4207 spiritusque

202 4218 496 4291 processeritllunon
508 4236 573 4276 vero
585 4221 625 4277 ita
636 4238 668 4278 se
678 4223 811 4295 garit,ita
821 4224 1026 4296 loquitur‘l'er·
1079 4219 1226 4291 malignes
1258 4220 1446 4292 adjurantes,
1469 4221 1524 4276 sub
1553 4225 1697 4294 potestate
1729 4237 1778 4279 eos
1806 4227 1910 4280 nostra

200 4307 354 4378 tullianus,
366 4307 451 4380 quasi
462 4307 604 4379 Spiritum
616 4314 751 4366 sanctum
763 4313 799 4367 ad
810 4313 985 4369 coercendos
998 4316 1027 4371 st
1079 4309 1214 4366 subditos
1226 4308 1378 4364 habemus.
1386 4312 1472 4364 »Non
1487 4309 1593 4366 minori
1605 4326 1694 4382 quam
1705 4309 1908 4369 Tertullianus

202 4396 1026 4473 subjiciendessibidemones,velutimonilequoddamin
1081 4396 1909 4474 fiduciamagnushacdereloquiturllthanasius‚quam-

204 4484 1026 4561 arcainclnsumsuachristianihaberentadnutum,eJus
1042 4509 1065 4575 D
1081 4487 1125 4543 vis
1150 4491 1255 4559 quarto
1280 4485 1397 4553 οιιουίο,
1427 4503 1484 4543 non
1511 4487 1614 4549 eadem
1639 4504 1698 4559 qna
1726 4489 1799 4546 m
1819 4489 1908 4548 tertio

203 4572 312 4628 virtute
326 4589 362 4647 ac
374 4577 526 4643 potestate,
542 4576 660 4646 quaudo
670 4575 784 4647 vallent,
799 4578 881 4634 usuri
897 4579 933 4634 ad
949 4580 1028 4635 arbi·
1082 4575 1212 4645 ineunte,
1228 4576 1362 4632 ubertate
1376 4575 1437 4631 hec
1460 4574 1587 4648 Spiritus
1610 4577 1706 4633 sancti
1728 4577 1910 4637 charismata

204 4659 407 4716 trium‘lUnde
420 4664 518 4718 autem
528 4661 704 4721 Christianis
715 4665 984 4737 tantassdncia,nisi
995 4684 1031 4724 ex
1085 4665 1282 4722 redundarent
1297 4664 1336 4736 (l)
1350 4680 1358 4721 τ
1374 4686 1388 4715 ιι
1405 4664 1471 4721 lisso
1494 4669 1591 4722 autem
1616 4682 1678 4736 qne
1693 4665 1910 4747 dicimus,·non

1656 4807 1730 4862 urle
1759 4805 1900 4882 καλοῦμεν

258 4874 270 4928 1
297 4874 367 4947 Gap.
384 4874 428 4929 11.
1086 4877 1118 4934 οὗ
1141 4873 1186 4933 καί
1209 4877 1259 4946 τὴν
1283 4875 1331 4932 τοῦ
1364 4874 1394 4932 ud
1419 4896 1481 4939 ατος
1507 4873 1635 4951 ίοχὺνκα
1659 4850 1911 4952 τθθιιιμιίνιατρίΞ

256 4946 274 4999 2
309 4945 359 5000 Καὶ
383 4947 430 4997 νῦν
454 4943 485 4998 ἐκ
511 4947 565 4998 τῶν
600 4945 642 4999 ὑπ’
670 4944 732 5021 ὄψιν
760 4949 912 5022 γινομένων
939 4951 1032 5023 μαθεῖν
1087 4971 1143 5045 ρει,
1166 4948 1212 5004 καί
1235 4898 1587 5033 οήμῇρον,,1θορκιζόμαα
1609 4948 1677 5004 κατὰ
1703 4947 1752 5006 tou
1774 4950 1910 5025 ὀνόματος

243 4802 424 5018 γ99)1ροίορ.
440 4804 563 4875 cap.23.
1122 4807 1160 4881 (3)
1188 4805 1291 4874 Βοηθὸν
1319 4805 1371 4932 γὰρ
1395 4803 1496 4861 ἐκεῖνον
1520 4804 1565 4860 καὶ
1588 4811 1654 4931 λυτρ

212 5014 346 5071 δύνασθε·
372 5011 628 5143 θαιρλοιολιγπτους
652 5017 702 5094 γὰρ
740 5016 863 5082 πολλοὺς
890 5022 958 5076 κατὰ
985 5019 1032 5076 τὸν
1097 5024 1177 5089 loccis
1201 5025 1316 5103 Χριστου
1339 5042 1388 5076 του
1418 5017 1618 5094 οτανρωθὲντος
1646 5018 1690 5075 ἐπὶ
1720 5021 1836 5077 Ποντίου
1862 5027 1913 5078 Πι-

210 5087 314 5162 adapes
347 5087 374 5144 1ν
401 5107 436 5160 τῃ
461 5086 476 5141 ὑ
500 5106 528 5141 ετ
544 5107 577 5164 ρᾳ
603 5086 683 5145 πόλει
698 5088 801 5146 πολλοὶ
821 5096 875 5147 τῶν
890 5092 1032 5165 ἡμετέρων
1087 5091 1171 5147 λάτον
1193 5112 1242 5149 του
1265 5092 1412 5167 γενομένου
1436 5089 1584 5167 θιιιτρόιιου
1602 5096 1651 5160 τῆς
1680 5090 1824 5163 Ἰουδαίας,
1842 5094 1911 5150 ὑπο·

213 5159 374 5237 ἀνθρώπων,
399 5158 445 5213 καί
460 5107 653 5244 ’θριπιανῶη
676 5159 856 5240 ἐξορκίξοντες
888 5164 956 5219 κατὰ
983 5167 1033 5218 τοῦ
1085 5166 1220 5220 τάσσεται.
1259 5165 1309 5220 Καὶ
1345 5161 1389 5219 νῦν
1424 5164 1442 5231 ἦ
1468 5166 1507 5226 εἷς
1535 5161 1561 5217 ol
1596 5161 1767 5227 neutericum<
1800 5165 1841 5228 είς
1863 5165 1911 5221 τὸν

215 5229 347 5303 ὀνόματος
385 5230 406 5287 '1
428 5249 476 5285 ceu
512 5235 629 5306 Χριστοῦ
665 5237 714 5288 τοῦ
751 5235 950 5311 σταυρῶθὲντες
988 5232 1032 5290 ἐπί
1086 5235 1271 5311 αταυρῶθὲντα
1297 5235 1342 5292 ἐπὶ
1370 5183 1485 5290 Ποντίθυ
1523 5230 1642 5288 Πιλάτου
1676 5233 1780 5307 Ἰησοῦν
1811 5235 1913 5311 Κιίριον

214 5303 327 5356 Ποντίου
351 5298 403 5359 Πιλ
440 5322 482 5369 ου,
512 5301 564 5357 ὑπὸ
591 5306 645 5357 τῶν
673 5302 765 5360 ἄλλων
799 5305 906 5360 πάντων
923 5303 1033 5377 irrepat·
1087 5309 1178 5421 ἠρῶν,
1193 5307 1227 5361 τὰ
1242 5303 1368 5380 δαιμόνια
1383 5303 1469 5360 πάντα
1483 5304 1528 5359 καὶ
1547 5303 1687 5377 πνεύματα
1710 5308 1820 5382 πονηρὰ
1840 5307 1914 5385 ὲξορ·

214 5375 283 5425 στῶν
307 5372 352 5426 καὶ
376 5372 509 5446 ἐπαιτῶν,
534 5373 579 5430 καί
612 5394 810 5454 ραργιαιιευτων
840 5377 877 5450 μὴ
904 5375 1033 5450 ίαθὲντας,
1087 5383 1206 5447 ιιζοντες
1223 5377 1508 5449 ὑποτασσόμεναήμῖν
1525 5372 1636 5452 ἐ’χομεν.

215 5441 332 5529 ίάοαντο.
357 5445 402 5498 καί
431 5443 468 5499 ἔτι
493 5443 539 5498 νῦν
561 5446 670 5514 taceat,
690 5451 885 5522 καταργοῦντες
909 5448 955 5502 καὶ
989 5448 1033 5504 tx·
1123 5453 1162 5522 (l)
1184 5447 1271 5503 Ταῦτα
1294 5448 1322 5504 δὲ
1347 5449 1379 5504 τὰ
1404 5447 1538 5523 λεγόμενοι
1562 5448 1626 5522 παρ’
1649 5449 1730 5520 ἡμῶν
1761 5447 1812 5503 οθιι
1843 5445 1861 5503 θ
1901 5469 1913 5505 ι

213 5513 360 5576 οιώκοντες
374 5515 440 5570 coire
454 5518 620 5593 κατέχοντας
634 5517 697 5580 τοὺς
715 5519 874 5594 ἀνθρώπους
891 5516 1033 5592 δαίμονας.
1089 5521 1178 5598 λόγων
1207 5520 1288 5590 ἑοτῖν,
1318 5518 1390 5575 ἀλλὰ
1417 5520 1462 5574 καὶ
1489 5518 1515 5590 ἐξ
1539 5518 1633 5590 αὐτῆς,
1660 5467 1912 5650 τῆς·ἰτείγοςέ“1ι

214 5586 515 5657 Apol09.2adSenut.
599 5606 609 5628 ¹
712 5662 716 5671 γ
1089 5594 1137 5661 τήν
1159 5598 1210 5661 τῆς
1236 5590 1364 5663 ἀληθείας
1386 5590 1544 5668 μαρτυρίαν·
1572 5590 1688 5667 παρίτω,
1704 5592 1758 5667 γὰρ
1812 5592 1863 5668 βου
