3892 6104
110 294 192 361 1228
617 292 719 359 PARS
740 294 819 357 1.-
839 297 1089 362 MONUMEN'I'A
1115 299 1316 366 vastabat.
1740 304 1819 368 tete

108 429 278 506 apostolum
292 433 323 487 et
337 428 471 486 dolosum
487 429 654 502 operarium
680 427 787 485 dicere.
804 429 859 498 Qui
874 446 936 487 em·
951 449 979 514 Α
994 432 1097 490 1178
1114 438 1143 491 et
1155 435 1269 493 cunctis
1283 435 1397 494 clericis
1412 441 1441 492 et
1455 436 1536 493 omni
1553 436 1736 495 fraternitate
1751 439 1816 494 uni·

109 521 160 579 nia
174 520 231 595 (25)
247 519 278 576 in
305 535 337 576 se
361 534 427 576 esse
450 518 588 575 conscius
611 519 713 575 1177
737 519 885 592 prevenit,
907 523 939 576 ut
992 522 1069 578 versi
1095 527 1242 597 optamus,
1265 529 1299 581 ut
1322 529 1461 600 perpetuo
1490 526 1646 584 unanimes
1670 531 1815 585 etenum

109 609 195 670 alteri
209 626 244 667 ea
259 625 311 683 per
325 607 512 665 mendacium
528 606 666 679 objiceret
682 623 747 680 que
760 608 824 680 ipse
839 609 895 680 (26)
904 625 939 666 ex
993 611 1153 669 sentientes
1170 612 1332 671 habeamus
1345 615 1499 673 nobiscum
1510 615 1597 674 etiem
1608 615 1816 690 delonginquo

111 702 217 759 mento
232 700 336 758 audire
350 699 477 756 deberet.
494 699 569 759 Bene
584 704 611 755 te
625 697 719 756 valere
735 700 875 757 omnibus
890 717 940 757 ne·
994 701 1149 758 adunatos.

110 790 156 849 bis
169 791 227 866 (27)
242 805 310 847 cum
328 788 471 846 universis
486 788 537 861 qui
553 788 584 844 in
598 788 696 846 Airica
706 794 777 846 sunt
791 789 939 862 episcopis

831 906 997 969 Ventorum
1012 912 1107 968 nota.

111 1013 372 1080 aurtirmilianus,
386 1012 476 1085 quiin
489 1012 935 1086 totaepistolasummumamo·
989 1012 1100 1086 ipsum,
1121 1018 1153 1068 ut
1176 1013 1300 1083 videtur,
1326 1014 1501 1087 cprianum
1529 1014 1710 1074 lacessiverit
1731 1021 1815 1076 vetus

113 1100 175 1144 rem
190 1086 314 1142 unitatis
330 1084 468 1156 declarat,
484 1085 527 1140 sic
540 1088 639 1141 tamen
653 1084 682 1139 in
695 1083 877 1156 Stephanum
893 1083 936 1140 in·
989 1085 1109 1158 quidam
1124 1084 1327 1157 Stephaniana
1356 1103 1372 1143 e
1387 1087 1814 1161 hereticorumbaptismosen-

111 1158 245 1222 vehatur,
257 1162 290 1213 ut
299 1173 367 1213 eum
377 1156 585 1229 disputationis
596 1162 668 1213 estu
680 1156 833 1229 abreptum
845 1157 935 1213 luisse
990 1157 1088 1213 tentia
1104 1162 1206 1224 stator,
1218 1158 1269 1241 qui
1280 1163 1325 1214 est
1340 1164 1442 1216 auctor
1450 1159 1483 1216 da
1494 1160 1702 1232 Receptumeta,
1714 1163 1750 1217 ad
1762 1162 1814 1218 tin.

111 1235 220 1304 petest.
238 1227 316 1288 Nihil
328 1228 423 1285 lenius
438 1245 472 1285 eo
487 1227 661 1301 placabilius
684 1229 837 1300 Cypriane,
854 1232 933 1299 ejus·
990 1245 1037 1300 op.
1053 1234 1082 1284 S.
1099 1228 1245 1303 Cypriani.
1271 1231 1408 1286 Conlaras
1432 1247 1497 1304 quae
1522 1232 1557 1289 ds
1580 1231 1741 1289 Firmiliani
1756 1233 1816 1308 epi·

111 1317 169 1377 que
184 1301 276 1358 animi
292 1300 453 1357 moderatio
468 1315 535 1356 cum
550 1300 580 1357 in
602 1300 739 1357 omnibus
755 1300 820 1356 aliis
837 1301 934 1369 rebus,
990 1300 1066 1357 stola
1082 1316 1172 1371 supra
1185 1305 1373 1357 annotantur.
1391 1302 1497 1359 Soura.

110 1379 177 1430 tum
192 1373 320 1430 manime
331 1371 362 1428 in
378 1372 432 1428 hac
446 1374 482 1428 de
496 1371 646 1445 baptismo
664 1371 860 1428 controversia
874 1371 934 1427 eni·
1026 1372 1083 1454 (25)
1097 1374 1156 1442 Qui
1169 1375 1273 1430 omnio.
1291 1373 1356 1442 Qum
1367 1376 1464 1430 omnia
1479 1375 1635 1447 legendum
1648 1374 1718 1431 olim
1732 1375 1813 1443 duxi,

110 1446 188 1512 tuit;
206 1447 257 1501 sed
272 1449 371 1500 tamen
387 1460 454 1500 eum
470 1443 618 1500 interdum
634 1459 782 1500 asumma
797 1442 848 1499 illa
862 1442 935 1499 leni·
991 1459 1170 1517 priusquam
1182 1444 1378 1501 siesehabere
1388 1446 1815 1520 novissemeditionemprinoi-

111 1522 174 1574 tate
189 1518 224 1573 ad
239 1515 486 1572 vehementiorem
510 1531 604 1571 cause
623 1515 823 1571 defensionem
838 1520 936 1570 treus·
991 1531 1068 1589 pem,
1085 1515 1231 1586 siquidem
1244 1521 1342 1588 postea
1352 1516 1498 1574 Pamelius
1508 1520 1557 1590 qui
1566 1535 1618 1591 pro
1628 1532 1700 1590 quae,
1710 1535 1745 1575 en
1756 1535 1814 1576 ms.

111 1589 185 1646 iisse
198 1587 375 1660 perspicitur
389 1585 555 1661 exepistola
566 1587 602 1643 ad
616 1586 798 1670 Pompeium.
815 1586 937 1642 Videtur
991 1602 1044 1642 suo
1058 1587 1159 1654 edidit,
1177 1587 1252 1654 eliis,
1265 1588 1366 1659 fateor,
1382 1588 1465 1645 libris
1476 1590 1595 1663 scriptis
1607 1590 1815 1648 consentienti-

114 1664 214 1717 autem
229 1658 448 1731 Cyprianumet
469 1657 761 1715 Firmilianumrllud
787 1658 816 1712 in
853 1657 937 1714 rimis
991 1658 1057 1714 bus.
1074 1658 1128 1713 Sed
1144 1661 1268 1714 tortasse
1283 1659 1378 1716 Graece
1393 1661 1552 1733 scripserat
1567 1661 1755 1719 Firmilianus
1770 1661 1814 1719 vel

113 1732 281 1797 offendisse,
294 1731 372 1802 quod
383 1728 551 1803 Stephanus
564 1734 679 1801 putaret
689 1674 879 1786 abstinentlos
895 1744 937 1783 ra·
991 1727 1008 1782 a·
1022 1725 1055 1796 δὴ
1067 1728 1162 1801 πάντα,
1179 1730 1222 1786 vel
1236 1726 1300 1784 cette
1313 1726 1342 1785 δὶ
1356 1730 1452 1787 πάντα.
1470 1737 1510 1787 to.

112 1803 306 1875 baptizantes.
324 1801 442 1874 Propter
463 1800 524 1855 hac
538 1805 636 1856 autem
658 1801 756 1866 verba,
773 1816 836 1882 que
854 1803 938 1872 putat
1027 1801 1083 1873 (26)
1098 1801 1166 1870 Quae
1188 1803 1255 1873 ipsa.
1281 1802 1313 1857 la
1338 1804 1499 1860 recentiore
1522 1803 1620 1861 codice
1642 1803 1815 1877 Semigiano

114 1890 174 1931 non
188 1889 253 1930 asse
266 1872 416 1955 Stephani,
433 1873 568 1954 dubitare
583 1888 614 1928 sa
629 1873 670 1928 ait
686 1872 868 1927 Christianus
885 1872 939 1926 Lu·
955 1877 979 1942 Β
994 1876 1023 1929 et
1033 1871 1066 1954 ¹in
1079 1873 1123 1927 An
1146 1872 1240 1930 licano
1265 1875 1384 1931 Pamelii
1410 1874 1527 1948 legitur,
1551 1890 1614 1948 quea
1636 1878 1664 1932 ai
1677 1877 1815 1932 immerito

116 1963 174 2019 pus
189 1945 219 2002 in
234 1944 351 2000 scholue
366 1960 429 2001 suis
443 1944 479 1999 cd
499 1943 608 2000 librum
630 1942 800 2000 Tertulliani
816 1944 848 1999 da
863 1944 939 1999 Prae·
993 1944 1076 2071 otfici
1089 1889 1224 2001 coierent.
1251 1945 1298 2001 Sic
1323 1946 1410 2002 etiam
1433 1947 1463 2003 in
1489 1957 1615 2021 quatuor
1635 1947 1765 2021 antiquis
1784 1946 1815 2004 in

113 2015 312 2089 scriptionibus
327 2016 457 2072 adversus
472 2017 621 2084 haereticos,
637 2031 674 2071 an
698 2013 822 2089 epistole
837 2014 938 2070 Firmi·
993 2032 1009 2072 e
1033 2015 1122 2071 itione
1137 2016 1297 2143 anglicana
1311 2015 1450 2076 laudatis.

113 2088 187 2145 ilani
204 2088 243 2144 sit
256 2104 333 2143 vera.
348 2088 458 2143 Tamen
476 2103 560 2142 nemo
578 2085 717 2142 hactonus
741 2089 807 2143 ante
823 2086 938 2158 Lupum
1028 2085 1084 2159 (27)
1102 2087 1182 2143 Omni
1200 2105 1232 2144 us
1247 2090 1336 2145 uobis.
1358 2088 1423 2146 Haec
1448 2089 1521 2146 mihi
1540 2090 1676 2146 videntur
1689 2105 1754 2146 esse
1767 2089 1816 2145 lu-

115 2160 146 2216 id
162 2159 219 2216 sibi
233 2158 372 2232 sumpsit,
389 2165 421 2214 ut
435 2158 531 2214 dicero
542 2159 662 2214 auderet
674 2174 738 2214 cam
754 2172 818 2213 esse
834 2156 938 2212 falsam
993 2162 1068 2213 nata.
1085 2158 1160 2222 Ouid
1177 2159 1202 2215 si
1213 2159 1326 2232 legatur
1339 2161 1500 2218 chaussime
1517 2162 1617 2231 freter,
1633 2176 1729 2217 errore
1743 2161 1815 2217 irre-

115 2235 170 2288 aut
183 2232 218 2288 de
233 2232 297 2302 ejus
314 2230 486 2287 auctoritate
497 2230 653 2286 dubitaret.
669 2234 703 2285 Et
714 2228 858 2285 certeista
872 2228 940 2285 leoi-
1015 2233 1080 2287 ente
1094 2246 1128 2285 ex
1149 2231 1315 2303 ignorantia
1336 2236 1483 2301 notarum,
1510 2236 1543 2286 ut
1565 2233 1654 2289 etiam
1669 2232 1818 2288 adnotavit

113 2303 185 2361 litae
200 2301 357 2359 accusandi
373 2301 508 2360 falsitatis
524 2301 580 2358 scri
604 2305 633 2357 ta
653 2300 939 2383 ueterumvaldete·
994 2245 1189 2385 hieronymus
1218 2304 1278 2359 ine
1302 2303 1388 2359 istola
1410 2304 1446 2360 ad
1474 2304 1582 2359 Auitum
1604 2303 1640 2360 de
1668 2303 1817 2361 erroribus

113 2375 244 2433 macaria
257 2379 302 2431 ast
325 2378 355 2430 et
367 2373 553 2456 periculosa.
578 2318 662 2455 llam·
676 2373 701 2430 si
723 2388 830 2446 curque
853 2371 940 2454 liceat
993 2372 1137 2446 origenis,
1155 2373 1202 2430 ubi
1218 2375 1259 2430 ait
1273 2320 1392 2431 ‹lllllcila
1416 2391 1478 2431 esse
1494 2381 1630 2431 notarum
1654 2392 1740 2449 posse
1754 2390 1816 2431 ser·

112 2445 219 2503 inanes
230 2446 374 2517 ejusmodi
386 2446 568 2517 conjecturas
579 2460 683 2528 sequa:
698 2443 814 2500 nullum
825 2448 880 2500 eru
891 2460 940 2499 an·
993 2460 1060 2500 vare
1075 2445 1258 2518 compendia.
1281 2445 1382 2504 Simon
1403 2446 1572 2503 Goulartius
1595 2448 1710 2503 monuit
1723 2447 1752 2502 in
1768 2461 1817 2502 co-

112 2517 265 2575 tiuitatis
280 2523 516 2581 monumentum,
532 2516 610 2589 quod
626 2515 744 2588 iniquas
757 2515 940 2588 suspiciones
994 2515 1057 2573 dice
1092 2517 1219 2591 episcopi
1243 2517 1418 2574 acconensis
1440 2519 1582 2590 scriptum
1611 2517 1720 2575 tuisse:
1745 2519 1819 2574 Baua

112 2607 131 2647 e
154 2590 246 2662 ugiat.
261 2590 360 2645 Banna.
378 2620 412 2630 -
427 2590 470 2645 lta
485 2588 631 2646 Baluzius.
641 2589 725 2644 Haud
740 2587 853 2644 interea
867 2586 940 2643 mihi
995 2595 1021 2644 ta
1034 2588 1125 2645 uetare
1138 2605 1201 2644 cum
1215 2591 1352 2646 universis
1371 2592 1420 2662 qui
1443 2592 1474 2645 iu
1488 2590 1582 2661 Africa
1605 2598 1669 2646 suet
1683 2590 1817 2662 episcopis

112 2661 198 2719 daus
212 2666 259 2716 est
272 2660 400 2716 voluisse
413 2661 466 2716 boc
480 2661 609 2717 scribere
632 2658 816 2717 Christianus
834 2659 940 2730 lupus,
995 2668 1020 2716 at
1033 2661 1140 2716 cundia
1153 2661 1295 2718 claricitat
1308 2663 1599 2733 omnitrutamttutee
1618 2660 1816 2725 tumuetluam

114 2731 282 2791 Firmiliani
298 2731 423 2804 epistola
445 2749 482 2788 an
502 2748 643 2805 germane
665 2731 715 2798 sit,
730 2747 761 2788 se
786 2731 940 2799 dubitare;
997 2730 1162 2799 lectionem,
1178 2737 1210 2787 ut
1222 2731 1383 2801 meliorem,
1400 2732 1499 2806 posuit
1521 2679 1708 2789 caniacus.
1724 2732 1758 2788 lit
1775 2732 1820 2787 ni·

113 2804 152 2861 de
168 2803 415 2878 appellationibus
429 2808 526 2860 autem
561 2801 943 2876 robresisGyprianoaSte-
996 2801 1158 2859 bilominus
1172 2819 1225 2876 ego
1241 2804 1360 2875 prefero
1401 2805 1599 2875 conjecturem
1620 2819 1725 2860 meam.
1742 2800 1821 2858 Nihil

115 2875 217 2950 phano
232 2875 390 2945 attributis,
408 2892 444 2932 an
460 2875 504 2932 hae
524 2821 559 2930 ah
575 2891 608 2932 eo
632 2889 731 2930 revera
767 2873 864 2929 roiate
880 2873 941 2928 tue·
997 2877 1096 2930 tamen
1110 2891 1200 2930 ausus
1212 2891 1278 2930 sum
1292 2881 1416 2944 mutare,
1428 2874 1824 2933 destitutusauctoriteteve-

116 2949 192 3017 rint,
207 2963 239 3004 se
254 2947 397 3004 hesitare.
423 2946 477 3002 Vid
497 2946 608 3003 Scholia
630 2946 695 3018 eJus
718 2891 763 3001 acl)
770 2942 942 3027 Tertulliani
997 2948 1093 3002 terum
1108 2947 1332 3019 exemplarium.

115 3036 144 3079 e.
163 3021 191 3090 1,
209 3036 277 3093 pag.
299 3020 361 3087 121,
391 3024 428 3075 at
454 3018 655 3092 cogitandum,
681 3018 789 3090 quibus
813 3016 944 3074 dicteriis

742 3302 1219 3401 PROLEGOMENA

470 3487 522 3548 DS
543 3485 728 3549 Auctoris
749 3482 944 3547 ANONYMO
965 3483 1070 3546 Llllltl
1092 3484 1144 3545 ott
1166 3482 1483 3547 RSBAPTISMA'PS.

407 3753 621 3812 sericatus.
643 3755 665 3811 1.
965 3753 987 3821 c
1007 3752 1112 3820 datur;
1129 3756 1181 3809 aut
1195 3753 1220 3810 si
1236 3769 1254 3810 a
1269 3754 1381 3810 minore
1395 3752 1471 3810 clero
1487 3769 1539 3828 per
1554 3753 1760 3811 necessitatem
1770 3756 1831 3811 tra·

1007 3840 1102 3897 ditum
1114 3841 1212 3910 luerit,
1224 3847 1360 3899 eventum
1371 3848 1585 3917 exspectemus,
1596 3848 1630 3901 ut
1638 3847 1690 3900 aut
1699 3840 1834 3915 supples-

1008 3933 1057 3985 tur
1066 3930 1186 3997 anobis,
1198 3936 1273 3987 aute
1287 3931 1409 3988 Domino
1420 3931 1618 4007 supplendum
1630 3935 1805 3989 reservetur.
1819 3952 1830 3981 ι

166 4023 252 4081 Liber
267 4024 299 4080 de
314 4025 490 4097 baptismata,
505 4021 602 4094 inquit
615 4022 659 4077 vir
670 4022 773 4078 doctus
788 4020 838 4092 (1),
855 4034 955 4076 anon·
1008 4018 1172 4075 Occurrunt
1186 4019 1216 4075 in
1232 4019 1332 4076 eodem
1354 4020 1503 4094 Scriptura
1518 4020 1616 4078 seculi
1625 4020 1704 4077 tertii
1718 4018 1834 4093 perspi·

127 4110 224 4171 nullis
238 4112 377 4169 tribuitur
391 4112 496 4168 Ursino
513 4109 667 4178 monacho,
683 4127 770 4183 quem
787 4109 956 4166 Gennadius
1010 4124 1071 4166 cue
1084 4112 1171 4165 note.
1190 4107 1236 4164 Sic
1251 4107 1329 4165 enim
1345 4111 1381 4165 de
1395 4113 1458 4165 tota
1473 4108 1522 4166 illa
1533 4107 1730 4166 controversia
1742 4106 1836 4180 loqui·

129 4203 274 4260 adversus
288 4217 350 4270 eos,
364 4200 414 4274 qui
436 4200 655 4274 rebaptizabant
677 4198 782 4256 saeclo
807 4215 845 4268 iv,
862 4199 956 4271 scrip·
1011 4202 1071 4267 tur,
1085 4203 1118 4254 ut
1131 4215 1196 4255 eam
1213 4213 1313 4255 recens
1338 4203 1467 4255 exortam
1484 4215 1558 4267 esse,
1575 4203 1603 4255 et
1628 4198 1725 4255 adhue
1739 4197 1837 4270 vigere

129 4290 410 4363 sissetestaturt2).
428 4292 495 4357 oue
511 4289 609 4346 Ursini
626 4288 761 4344 monachi
775 4287 849 4344 libro
864 4286 956 4346 conti·
1011 4286 1129 4344 indicet.
1144 4286 1191 4342 Ait
1203 4287 1281 4343 enim
1304 4288 1352 4360 (1),
1378 4287 1494 4344 Monstri
1516 4288 1608 4344 simite
1626 4302 1682 4344 asse
1701 4289 1838 4360 episcopos

129 4379 195 4440 neri
209 4379 252 4437 ait
264 4380 444 4449 Gennadius,
456 4380 531 4436 eain
549 4380 602 4435 hac
616 4380 652 4435 de
668 4379 878 4451 rebaptismate
894 4393 958 4449 per·
1013 4378 1086 4434 tutte
1101 4376 1232 4433 scaudala
1254 4377 1393 4447 copttcra:
1417 4376 1600 4449 propositum
1623 4375 1680 4433 sibi
1698 4392 1765 4433 esse
1776 4379 1840 4431 tur·

129 4469 309 4528 tractatione
332 4485 390 4526 non
416 4467 533 4524 dittlciie
557 4472 601 4525 est
624 4465 865 4524 animadvertere.
881 4464 960 4521 Nihil
1014 4466 1132 4523 tutantia
1146 4465 1302 4522 homiuibus
1318 4469 1348 4521 ut
1362 4465 1404 4522 oet
1416 4481 1491 4521 auec
1504 4480 1585 4521 auum
1599 4465 1747 4539 uectium
1760 4479 1841 4537 epm

130 4558 214 4617 enim
239 4557 318 4616 aliud
347 4558 408 4631 egit
435 4561 546 4626 auctor,
576 4555 744 4629 quicunque
772 4555 891 4611 tandem
912 4553 960 4609 ille
1014 4556 1153 4626 incipient
1163 4553 1337 4626 persuadere.
1362 4554 1394 4610 ln
1411 4553 1474 4628 ipso
1496 4553 1559 4611 loco
1574 4553 1635 4623 illo,
1657 4552 1842 4627 quiaBalu-

133 4647 174 4704 sit
189 4646 247 4704 nisi
262 4650 296 4704 ut
319 4661 369 4703 eos
393 4645 443 4719 qui
468 4645 497 4701 in
527 4643 630 4700 heresi
654 4642 792 4716 baptizati
818 4646 888 4699 sunt
902 4657 960 4698 non
1015 4641 1059 4699 aio
1073 4642 1220 4714 objicitur,
1238 4641 1309 4698 utils
1324 4658 1389 4700 esse
1410 4642 1514 4699 statuit
1527 4643 1567 4717 (5)
1582 4660 1589 4700 :
1606 4664 1621 4695 a
1636 4646 1681 4700 tot
1695 4658 1841 4700 annorum

135 4734 372 4809 rebaptizandos,
395 4734 446 4791 sed
470 4733 506 4789 ad
532 4733 677 4790 saniorem
701 4732 788 4788 fldem
815 4729 963 4788 conversis
1015 4729 1844 4805 totquellcclesiarum,itemqueapostolorumetepisco·

139 4840 248 4883 manus
257 4823 453 4898 imponendae
462 4838 527 4880 esse
536 4822 642 4878 vincat.
657 4821 713 4878 Sed
723 4821 858 4878 Ursunus
871 4819 963 4877 libelli
1018 4837 1121 4896 porum
1137 4819 1303 4878 auctoritati
1325 4821 1486 4879 cambone
1510 4822 1622 4879 ratione
1646 4823 1843 4895 acquiescere,

139 4915 232 4988 hujus
260 4918 361 4971 auctor
385 4912 477 4970 videri
507 4928 565 4968 non
596 4914 701 4984 potest,
726 4909 783 4966 nisi
809 4909 964 4983 episcopus
1018 4908 1842 4983 cumsitmanimumincommodumetquedispandium

140 5002 333 5060 luissetertio
363 5001 468 5058 saeuis
495 5001 619 5056 dicatur.
647 5000 824 5073 Episcopum
850 5015 880 5055 se
901 5015 965 5055 esse
1020 4999 1214 5056 sanctissimae
1230 4999 1332 5056 matris
1348 4999 1482 5056 Ecclesia
1507 4999 1844 5072 adversuspriscacon-

141 5096 244 5150 noster
263 5090 314 5148 ille
338 5090 467 5163 Scriptur
492 5090 598 5146 diserte
622 5088 758 5145 declarat.
782 5086 963 5160 «Siquidem
1020 5089 1099 5145 suite
1114 5092 1180 5161 post
1194 5091 1237 5144 tot
1251 5087 1424 5144 seculorum
1442 5092 1554 5146 tantem
1570 5087 1675 5145 seriem
1691 5103 1771 5143 nune
1787 5085 1847 5159 pri-

140 5197 194 5255 per
215 5197 270 5237 nos
300 5179 447 5253 baptisma
474 5179 646 5249 tradetur‚»
676 5177 771 5249 inquit
794 5177 832 5250 (3)
851 5176 964 5250 integre
1019 5193 1102 5236 mum
1117 5181 1284 5250 repenteao
1306 5177 1370 5234 aine
1394 5177 1507 5236 ratione
1530 5178 1721 5251 insurgere·
1745 5175 1848 5249 Colligp

139 5276 170 5328 et
181 5268 364 5338 solemniter,
379 5274 408 5326 et
421 5284 473 5341 per
487 5267 587 5324 omnia
600 5284 665 5340 que
681 5268 789 5339 scripta
805 5271 875 5323 sunt
889 5266 963 5324 assi-
1022 5283 1056 5324 ex
1071 5267 1117 5324 his
1132 5265 1228 5324 verbis
1255 5283 1313 5324 non
1340 5267 1425 5325 debet
1450 5273 1598 5326 auctorem
1623 5266 1731 5325 seculo
1743 5269 1848 5340 quade

139 5361 259 5435 gestor,
275 5361 363 5432 atque
377 5356 441 5416 sine
456 5355 516 5415 ulia
535 5355 625 5414 ullius
642 5355 683 5413 rei
707 5354 891 5429 separatione
905 5361 968 5413 trs-
1021 5355 1140 5431 vixisse,
1158 5357 1209 5414 sed
1224 5357 1430 5413 tantummodo
1445 5373 1513 5413 eum
1527 5356 1558 5414 in
1570 5357 1774 5432 exaggerando
1790 5370 1850 5416 nou

175 5501 219 5576 (1)
242 5500 382 5557 Prudent.
410 5497 534 5567 lteram,
568 5497 599 5556 in
631 5498 689 5555 l'itc
716 5498 862 5571 cypriani,
887 5499 902 5567 ᾗ
923 5497 968 5570 35,
1072 5501 1100 5572 3)
1114 5502 1270 5573 anonym,
1286 5497 1475 5573 daltcptism„
1490 5499 1505 5576 ἓ
1521 5501 1565 5559 10.

142 5589 181 5649 pa
205 5573 292 5642 Aac,
318 5571 388 5628 edit.
414 5569 518 5639 Paris,
545 5574 574 5627 et
598 5586 665 5643 pag.
692 5568 753 5639 117,
778 5568 970 5630 adiuvaret.
1073 5573 1088 5627 i
1117 5572 1157 5630 ld.
1173 5570 1189 5654 ξ
1205 5572 1230 5626 1.

179 5589 221 5722 ἃ)
235 5642 378 5714 ecanae,
392 5641 539 5715 descript.
556 5642 666 5711 licem,
683 5657 748 5722 cap.
763 5641 813 5727 27ζ
1060 5503 1102 5727 {hl
1117 5643 1159 5703 ld.
1176 5642 1249 5702 ibid.
1264 5642 1320 5719 16,

310 5772 444 5841 Pateor..
467 5770 521 5841 111.

206 3874 272 3943 Quia
286 3877 382 3930 auctor
398 3874 500 3946 operte,
515 3877 541 3928 at
556 3886 608 3943 quc
622 3871 724 3929 aaecuto
738 3871 875 3942 floruerit.
