<?xml version="1.0" encoding="UTF-8"?>
<!DOCTYPE html PUBLIC "-//W3C//DTD XHTML 1.0 Transitional//EN"
    "http://www.w3.org/TR/xhtml1/DTD/xhtml1-transitional.dtd">
<html xmlns="http://www.w3.org/1999/xhtml" xml:lang="en" lang="en">
 <head>
  <title>
</title>
<meta http-equiv="Content-Type" content="text/html;charset=utf-8" />
  <meta name='ocr-system' content='tesseract 3.04.00' />
  <meta name='ocr-capabilities' content='ocr_page ocr_carea ocr_par ocr_line ocrx_word'/>
</head>
<body>
  <div class='ocr_page' id='page_1' title='image "./patrologiaecurs23goog/patrologiaecurs23goog_0224.png"; bbox 0 0 3892 6104; ppageno 0'>
   <div class='ocr_carea' id='block_1_1' title="bbox 69 114 1944 537">
    <p class='ocr_par' dir='ltr' id='par_1_1' title="bbox 69 114 1942 179">
     <span class='ocr_line' id='line_1_1' title="bbox 69 114 1942 175; baseline -0.006 -10"><span class='ocrx_word' id='word_1_1' title='bbox 69 115 122 175; x_wconf 60' lang='lat' dir='ltr'>,tes</span> <span class='ocrx_word' id='word_1_2' title='bbox 153 126 172 162; x_wconf 93' lang='grc'>·.</span> <span class='ocrx_word' id='word_1_3' title='bbox 194 114 253 164; x_wconf 51' lang='grc' dir='ltr'>ἓν·</span> <span class='ocrx_word' id='word_1_4' title='bbox 274 116 294 171; x_wconf 80' lang='lat'>&#39;,&#39;·</span> <span class='ocrx_word' id='word_1_5' title='bbox 744 150 749 163; x_wconf 95' lang='lat'>.</span> <span class='ocrx_word' id='word_1_6' title='bbox 1017 158 1020 166; x_wconf 91' lang='grc'><strong>,</strong></span> <span class='ocrx_word' id='word_1_7' title='bbox 1091 143 1094 151; x_wconf 83' lang='lat'>·</span> <span class='ocrx_word' id='word_1_8' title='bbox 1306 167 1311 175; x_wconf 84' lang='lat'>.</span> <span class='ocrx_word' id='word_1_9' title='bbox 1443 164 1447 173; x_wconf 41' lang='grc' dir='ltr'>Ι</span> <span class='ocrx_word' id='word_1_10' title='bbox 1605 164 1608 169; x_wconf 48' lang='grc'><strong>,</strong></span> <span class='ocrx_word' id='word_1_11' title='bbox 1929 139 1942 170; x_wconf 49' lang='grc'>.,,</span> 
     </span>
    </p>

    <p class='ocr_par' dir='ltr' id='par_1_2' title="bbox 69 193 1944 537">
     <span class='ocr_line' id='line_1_2' title="bbox 69 194 1816 303; baseline -0.007 4"><span class='ocrx_word' id='word_1_12' title='bbox 69 199 163 297; x_wconf 70' lang='lat' dir='ltr'>“stt</span> <span class='ocrx_word' id='word_1_13' title='bbox 259 297 263 303; x_wconf 93' lang='lat'>.</span> <span class='ocrx_word' id='word_1_14' title='bbox 340 194 347 209; x_wconf 51' lang='lat'>⁸</span> <span class='ocrx_word' id='word_1_15' title='bbox 857 234 1066 303; x_wconf 85' lang='lat' dir='ltr'>ouranos.</span> <span class='ocrx_word' id='word_1_16' title='bbox 1257 265 1262 273; x_wconf 91' lang='lat'><em>-</em></span> <span class='ocrx_word' id='word_1_17' title='bbox 1755 236 1816 303; x_wconf 82' lang='lat' dir='ltr'>sii</span> 
     </span>
     <span class='ocr_line' id='line_1_3' title="bbox 103 352 1944 445; baseline 0.001 -20"><span class='ocrx_word' id='word_1_18' title='bbox 103 364 319 443; x_wconf 75' lang='lat' dir='ltr'>penitentibus</span> <span class='ocrx_word' id='word_1_19' title='bbox 345 364 473 425; x_wconf 89' lang='lat' dir='ltr'>credite:</span> <span class='ocrx_word' id='word_1_20' title='bbox 510 368 539 425; x_wconf 90' lang='lat' dir='ltr'>et</span> <span class='ocrx_word' id='word_1_21' title='bbox 565 383 620 425; x_wconf 89' lang='lat' dir='ltr'>nos</span> <span class='ocrx_word' id='word_1_22' title='bbox 648 366 727 426; x_wconf 88' lang='lat' dir='ltr'>enirn</span> <span class='ocrx_word' id='word_1_23' title='bbox 758 368 836 427; x_wconf 90' lang='lat' dir='ltr'>idem</span> <span class='ocrx_word' id='word_1_24' title='bbox 865 370 1154 443; x_wconf 72' lang='lat' dir='ltr'>ieci-Arisbamus,</span> <span class='ocrx_word' id='word_1_25' title='bbox 1169 374 1203 429; x_wconf 94' lang='lat' dir='ltr'>ut</span> <span class='ocrx_word' id='word_1_26' title='bbox 1221 374 1426 445; x_wconf 68' lang='lat' dir='ltr'><strong>torqueremus</strong></span> <span class='ocrx_word' id='word_1_27' title='bbox 1446 370 1504 445; x_wconf 80' lang='grc'><strong>(33)</strong></span> <span class='ocrx_word' id='word_1_28' title='bbox 1517 370 1691 431; x_wconf 82' lang='lat' dir='ltr'>matltsatee</span> <span class='ocrx_word' id='word_1_29' title='bbox 1714 370 1751 431; x_wconf 88' lang='lat' dir='ltr'>ad</span> <span class='ocrx_word' id='word_1_30' title='bbox 1766 388 1818 431; x_wconf 90' lang='lat' dir='ltr'>ee·</span> <span class='ocrx_word' id='word_1_31' title='bbox 1897 352 1900 358; x_wconf 43' lang='lat'><strong>¹</strong></span> <span class='ocrx_word' id='word_1_32' title='bbox 1937 387 1944 427; x_wconf 92' lang='grc'>·.</span> 
     </span>
     <span class='ocr_line' id='line_1_4' title="bbox 106 456 1896 537; baseline 0.002 -22"><span class='ocrx_word' id='word_1_33' title='bbox 106 472 172 515; x_wconf 85' lang='lat' dir='ltr'>uiue</span> <span class='ocrx_word' id='word_1_34' title='bbox 191 456 260 531; x_wconf 73' lang='grc'><strong>(28),</strong></span> <span class='ocrx_word' id='word_1_35' title='bbox 291 462 322 513; x_wconf 88' lang='lat' dir='ltr'>et</span> <span class='ocrx_word' id='word_1_36' title='bbox 349 457 452 515; x_wconf 88' lang='lat' dir='ltr'>eadem</span> <span class='ocrx_word' id='word_1_37' title='bbox 480 458 634 515; x_wconf 88' lang='lat' dir='ltr'>vobiscum</span> <span class='ocrx_word' id='word_1_38' title='bbox 661 460 810 531; x_wconf 89' lang='lat' dir='ltr'>quondam</span> <span class='ocrx_word' id='word_1_39' title='bbox 841 460 938 519; x_wconf 90' lang='lat' dir='ltr'>adhuc</span> <span class='ocrx_word' id='word_1_40' title='bbox 991 462 1132 535; x_wconf 87' lang='lat' dir='ltr'>gandam,</span> <span class='ocrx_word' id='word_1_41' title='bbox 1147 460 1282 518; x_wconf 81' lang='lat' dir='ltr'>uidelicet</span> <span class='ocrx_word' id='word_1_42' title='bbox 1305 478 1341 517; x_wconf 91' lang='lat' dir='ltr'>ne</span> <span class='ocrx_word' id='word_1_43' title='bbox 1365 460 1495 535; x_wconf 91' lang='lat' dir='ltr'>perirent</span> <span class='ocrx_word' id='word_1_44' title='bbox 1517 462 1585 535; x_wconf 84' lang='grc'><strong>(37),</strong></span> <span class='ocrx_word' id='word_1_45' title='bbox 1603 464 1771 518; x_wconf 84' lang='lat' dir='ltr'>exercentes</span> <span class='ocrx_word' id='word_1_46' title='bbox 1785 460 1817 518; x_wconf 84' lang='lat' dir='ltr'>iii</span> <span class='ocrx_word' id='word_1_47' title='bbox 1893 532 1896 537; x_wconf 23' lang='grc' dir='ltr'>Ι</span> 
     </span>
    </p>
   </div>
   <div class='ocr_carea' id='block_1_2' title="bbox 108 546 1930 712">
    <p class='ocr_par' dir='ltr' id='par_1_3' title="bbox 108 546 1930 712">
     <span class='ocr_line' id='line_1_5' title="bbox 108 546 1914 625; baseline 0.002 -22"><span class='ocrx_word' id='word_1_48' title='bbox 108 546 174 603; x_wconf 76' lang='lat' dir='ltr'>ceci</span> <span class='ocrx_word' id='word_1_49' title='bbox 202 551 231 603; x_wconf 90' lang='lat' dir='ltr'>et</span> <span class='ocrx_word' id='word_1_50' title='bbox 259 546 392 615; x_wconf 75' lang='lat' dir='ltr'>hebetes,</span> <span class='ocrx_word' id='word_1_51' title='bbox 421 547 633 613; x_wconf 86' lang='lat' dir='ltr'>sentiebamus,</span> <span class='ocrx_word' id='word_1_52' title='bbox 657 549 741 623; x_wconf 88' lang='lat' dir='ltr'>qussi</span> <span class='ocrx_word' id='word_1_53' title='bbox 776 550 936 607; x_wconf 85' lang='lat' dir='ltr'>Christiani</span> <span class='ocrx_word' id='word_1_54' title='bbox 992 550 1218 625; x_wconf 86' lang='lat' dir='ltr'>hisperirersam</span> <span class='ocrx_word' id='word_1_55' title='bbox 1235 550 1438 624; x_wconf 75' lang='lat' dir='ltr'>questionem,</span> <span class='ocrx_word' id='word_1_56' title='bbox 1455 566 1512 607; x_wconf 94' lang='lat' dir='ltr'>non</span> <span class='ocrx_word' id='word_1_57' title='bbox 1537 565 1817 623; x_wconf 79' lang='lat' dir='ltr'>qumverumerue·</span> <span class='ocrx_word' id='word_1_58' title='bbox 1910 562 1914 573; x_wconf 94' lang='grc'><strong><em>·</em></strong></span> 
     </span>
     <span class='ocr_line' id='line_1_6' title="bbox 111 633 1930 712; baseline 0.002 -19"><span class='ocrx_word' id='word_1_59' title='bbox 111 633 937 707; x_wconf 81' lang='lat' dir='ltr'>aionstracolerent,inlantesuorsrent,conuiuiaincesta</span> <span class='ocrx_word' id='word_1_60' title='bbox 990 646 1044 709; x_wconf 88' lang='lat' dir='ltr'>ret,</span> <span class='ocrx_word' id='word_1_61' title='bbox 1061 641 1111 697; x_wconf 91' lang='lat' dir='ltr'>sed</span> <span class='ocrx_word' id='word_1_62' title='bbox 1128 658 1190 711; x_wconf 88' lang='lat' dir='ltr'>quia</span> <span class='ocrx_word' id='word_1_63' title='bbox 1206 640 1392 695; x_wconf 91' lang='lat' dir='ltr'>mendacium</span> <span class='ocrx_word' id='word_1_64' title='bbox 1414 644 1539 712; x_wconf 86' lang='lat' dir='ltr'>cogeret.</span> <span class='ocrx_word' id='word_1_65' title='bbox 1563 638 1817 712; x_wconf 79' lang='lat' dir='ltr'>Etaiquisinllr·</span> <span class='ocrx_word' id='word_1_66' title='bbox 1921 646 1930 673; x_wconf 87' lang='lat'>·&#39;</span> 
     </span>
    </p>
   </div>
   <div class='ocr_carea' id='block_1_3' title="bbox 143 724 1868 803">
    <p class='ocr_par' dir='ltr' id='par_1_4' title="bbox 143 724 1868 803">
     <span class='ocr_line' id='line_1_7' title="bbox 143 724 1868 803; baseline 0.003 -22"><span class='ocrx_word' id='word_1_67' title='bbox 143 724 282 781; x_wconf 77' lang='lat' dir='ltr'>iacerent:</span> <span class='ocrx_word' id='word_1_68' title='bbox 301 742 354 781; x_wconf 90' lang='lat' dir='ltr'>nec</span> <span class='ocrx_word' id='word_1_69' title='bbox 368 725 607 799; x_wconf 79' lang='lat' dir='ltr'>intelligebamus</span> <span class='ocrx_word' id='word_1_70' title='bbox 622 728 658 783; x_wconf 89' lang='lat' dir='ltr'>ab</span> <span class='ocrx_word' id='word_1_71' title='bbox 674 726 721 783; x_wconf 93' lang='lat' dir='ltr'>bis</span> <span class='ocrx_word' id='word_1_72' title='bbox 736 727 851 785; x_wconf 84' lang='lat' dir='ltr'>tubulas</span> <span class='ocrx_word' id='word_1_73' title='bbox 862 730 935 785; x_wconf 89' lang='lat' dir='ltr'>istas</span> <span class='ocrx_word' id='word_1_74' title='bbox 990 730 1076 799; x_wconf 83' lang='lat' dir='ltr'>mian,</span> <span class='ocrx_word' id='word_1_75' title='bbox 1092 728 1170 785; x_wconf 91' lang='lat' dir='ltr'>malo</span> <span class='ocrx_word' id='word_1_76' title='bbox 1185 745 1306 801; x_wconf 89' lang='lat' dir='ltr'>pressus</span> <span class='ocrx_word' id='word_1_77' title='bbox 1325 734 1354 785; x_wconf 89' lang='lat' dir='ltr'>et</span> <span class='ocrx_word' id='word_1_78' title='bbox 1367 728 1463 785; x_wconf 57' lang='lat' dir='ltr'>iricius</span> <span class='ocrx_word' id='word_1_79' title='bbox 1487 728 1554 803; x_wconf 85' lang='grc'><strong>(38).</strong></span> <span class='ocrx_word' id='word_1_80' title='bbox 1569 729 1768 786; x_wconf 82' lang='lat' dir='ltr'>christianum</span> <span class='ocrx_word' id='word_1_81' title='bbox 1784 746 1817 787; x_wconf 92' lang='lat' dir='ltr'>se</span> <span class='ocrx_word' id='word_1_82' title='bbox 1865 724 1868 732; x_wconf 85' lang='lat'>&#39;</span> 
     </span>
    </p>
   </div>
   <div class='ocr_carea' id='block_1_4' title="bbox 114 808 1927 893">
    <p class='ocr_par' dir='ltr' id='par_1_5' title="bbox 114 808 1927 893">
     <span class='ocr_line' id='line_1_8' title="bbox 114 808 1927 893; baseline 0.001 -20"><span class='ocrx_word' id='word_1_83' title='bbox 114 830 220 887; x_wconf 82' lang='lat' dir='ltr'>temper</span> <span class='ocrx_word' id='word_1_84' title='bbox 233 814 370 871; x_wconf 79' lang='lat' dir='ltr'>ventilari</span> <span class='ocrx_word' id='word_1_85' title='bbox 386 815 455 887; x_wconf 69' lang='grc'><strong>(29),</strong></span> <span class='ocrx_word' id='word_1_86' title='bbox 472 821 501 871; x_wconf 91' lang='lat' dir='ltr'>et</span> <span class='ocrx_word' id='word_1_87' title='bbox 522 832 672 887; x_wconf 91' lang='lat' dir='ltr'>nunquam</span> <span class='ocrx_word' id='word_1_88' title='bbox 696 816 739 873; x_wconf 87' lang='lat' dir='ltr'>vel</span> <span class='ocrx_word' id='word_1_89' title='bbox 755 818 934 893; x_wconf 82' lang='lat' dir='ltr'>investigari,</span> <span class='ocrx_word' id='word_1_90' title='bbox 989 824 1134 891; x_wconf 79' lang='lat' dir='ltr'>negasset,</span> <span class='ocrx_word' id='word_1_91' title='bbox 1147 818 1316 874; x_wconf 84' lang='lat' dir='ltr'>favebamus</span> <span class='ocrx_word' id='word_1_92' title='bbox 1343 816 1485 889; x_wconf 88' lang='lat' dir='ltr'>ei,quaai,</span> <span class='ocrx_word' id='word_1_93' title='bbox 1498 818 1851 891; x_wconf 73' lang='lat' dir='ltr'>ejeratouomine,lam·</span> <span class='ocrx_word' id='word_1_94' title='bbox 1922 808 1927 852; x_wconf 68' lang='grc' dir='ltr'>ἶ</span> 
     </span>
    </p>
   </div>
   <div class='ocr_carea' id='block_1_5' title="bbox 116 871 1944 1070">
    <p class='ocr_par' dir='ltr' id='par_1_6' title="bbox 116 871 1944 1070">
     <span class='ocr_line' id='line_1_9' title="bbox 116 871 1944 983; baseline 0.001 -20"><span class='ocrx_word' id='word_1_95' title='bbox 116 904 182 963; x_wconf 69' lang='lat'>828</span> <span class='ocrx_word' id='word_1_96' title='bbox 194 903 239 960; x_wconf 83' lang='lat' dir='ltr'>uel</span> <span class='ocrx_word' id='word_1_97' title='bbox 251 904 379 977; x_wconf 89' lang='lat' dir='ltr'>probari,</span> <span class='ocrx_word' id='word_1_98' title='bbox 396 920 450 959; x_wconf 90' lang='lat' dir='ltr'>nec</span> <span class='ocrx_word' id='word_1_99' title='bbox 468 909 549 960; x_wconf 80' lang='lat' dir='ltr'>tanto</span> <span class='ocrx_word' id='word_1_100' title='bbox 565 910 697 978; x_wconf 86' lang='lat' dir='ltr'>tempore</span> <span class='ocrx_word' id='word_1_101' title='bbox 712 906 839 979; x_wconf 87' lang='lat' dir='ltr'>aliquem</span> <span class='ocrx_word' id='word_1_102' title='bbox 857 909 934 963; x_wconf 82' lang='lat' dir='ltr'>ersi·</span> <span class='ocrx_word' id='word_1_103' title='bbox 989 908 1086 966; x_wconf 91' lang='lat' dir='ltr'>omnin</span> <span class='ocrx_word' id='word_1_104' title='bbox 1098 908 1174 963; x_wconf 88' lang='lat' dir='ltr'>iacta</span> <span class='ocrx_word' id='word_1_105' title='bbox 1185 924 1240 963; x_wconf 88' lang='lat' dir='ltr'>sua</span> <span class='ocrx_word' id='word_1_106' title='bbox 1252 906 1303 963; x_wconf 92' lang='lat' dir='ltr'>illa</span> <span class='ocrx_word' id='word_1_107' title='bbox 1313 906 1467 979; x_wconf 89' lang='lat' dir='ltr'>negatione</span> <span class='ocrx_word' id='word_1_108' title='bbox 1482 912 1629 980; x_wconf 87' lang='lat' dir='ltr'>purgaret.</span> <span class='ocrx_word' id='word_1_109' title='bbox 1640 907 1818 983; x_wconf 83' lang='lat' dir='ltr'>Agnoscitis·</span> <span class='ocrx_word' id='word_1_110' title='bbox 1898 871 1944 907; x_wconf 26' lang='grc' dir='ltr'><strong><em>Ν</em></strong></span> 
     </span>
     <span class='ocr_line' id='line_1_10' title="bbox 118 993 1944 1070; baseline 0.002 -19"><span class='ocrx_word' id='word_1_111' title='bbox 118 1000 192 1063; x_wconf 86' lang='lat' dir='ltr'>itere,</span> <span class='ocrx_word' id='word_1_112' title='bbox 208 993 258 1065; x_wconf 94' lang='lat' dir='ltr'>qui</span> <span class='ocrx_word' id='word_1_113' title='bbox 276 994 422 1065; x_wconf 79' lang='lat' dir='ltr'>proderet,</span> <span class='ocrx_word' id='word_1_114' title='bbox 439 1009 496 1049; x_wconf 91' lang='lat' dir='ltr'>non</span> <span class='ocrx_word' id='word_1_115' title='bbox 521 997 637 1049; x_wconf 91' lang='lat' dir='ltr'>tantum</span> <span class='ocrx_word' id='word_1_116' title='bbox 654 995 720 1051; x_wconf 87' lang='lat' dir='ltr'>laeti</span> <span class='ocrx_word' id='word_1_117' title='bbox 744 996 870 1060; x_wconf 88' lang='lat' dir='ltr'>veniam,</span> <span class='ocrx_word' id='word_1_118' title='bbox 885 1012 934 1053; x_wconf 84' lang='lat' dir='ltr'>ire·</span> <span class='ocrx_word' id='word_1_119' title='bbox 989 1014 1026 1055; x_wconf 92' lang='lat' dir='ltr'>ne</span> <span class='ocrx_word' id='word_1_120' title='bbox 1040 998 1141 1053; x_wconf 88' lang='lat' dir='ltr'>eadem</span> <span class='ocrx_word' id='word_1_121' title='bbox 1158 1013 1210 1052; x_wconf 93' lang='lat' dir='ltr'>iios</span> <span class='ocrx_word' id='word_1_122' title='bbox 1222 995 1351 1052; x_wconf 77' lang='lat' dir='ltr'>sensisse</span> <span class='ocrx_word' id='word_1_123' title='bbox 1364 1000 1392 1051; x_wconf 93' lang='lat' dir='ltr'>ct</span> <span class='ocrx_word' id='word_1_124' title='bbox 1402 995 1508 1067; x_wconf 86' lang='lat' dir='ltr'>egisse,</span> <span class='ocrx_word' id='word_1_125' title='bbox 1520 996 1577 1069; x_wconf 64' lang='lat' dir='ltr'>[tt]</span> <span class='ocrx_word' id='word_1_126' title='bbox 1588 1014 1652 1070; x_wconf 80' lang='lat' dir='ltr'>que</span> <span class='ocrx_word' id='word_1_127' title='bbox 1662 996 1778 1054; x_wconf 90' lang='lat' dir='ltr'>sentitis</span> <span class='ocrx_word' id='word_1_128' title='bbox 1788 1000 1817 1054; x_wconf 91' lang='lat' dir='ltr'>et</span> <span class='ocrx_word' id='word_1_129' title='bbox 1939 995 1944 1008; x_wconf 93' lang='lat'>&#39;</span> 
     </span>
    </p>
   </div>
   <div class='ocr_carea' id='block_1_6' title="bbox 120 1082 1944 1339">
    <p class='ocr_par' dir='ltr' id='par_1_7' title="bbox 120 1082 1944 1339">
     <span class='ocr_line' id='line_1_11' title="bbox 120 1082 1944 1168; baseline 0.001 -27"><span class='ocrx_word' id='word_1_130' title='bbox 120 1099 173 1141; x_wconf 87' lang='lat' dir='ltr'>run</span> <span class='ocrx_word' id='word_1_131' title='bbox 187 1084 277 1137; x_wconf 86' lang='lat' dir='ltr'>etiam</span> <span class='ocrx_word' id='word_1_132' title='bbox 293 1082 394 1137; x_wconf 92' lang='lat' dir='ltr'>indicii</span> <span class='ocrx_word' id='word_1_133' title='bbox 404 1082 528 1155; x_wconf 88' lang='lat' dir='ltr'>gratiam</span> <span class='ocrx_word' id='word_1_134' title='bbox 545 1084 599 1155; x_wconf 79' lang='grc'>(30)</span> <span class='ocrx_word' id='word_1_135' title='bbox 614 1091 838 1141; x_wconf 87' lang='lat' dir='ltr'>consecuturum</span> <span class='ocrx_word' id='word_1_136' title='bbox 853 1102 934 1153; x_wconf 67' lang='lat' dir='ltr'>:mu</span> <span class='ocrx_word' id='word_1_137' title='bbox 988 1086 1090 1159; x_wconf 88' lang='lat' dir='ltr'>geritis</span> <span class='ocrx_word' id='word_1_138' title='bbox 1101 1087 1157 1157; x_wconf 87' lang='grc'><strong>(39)</strong></span> <span class='ocrx_word' id='word_1_139' title='bbox 1167 1085 1181 1141; x_wconf 85' lang='lat' dir='ltr'>‘i</span> <span class='ocrx_word' id='word_1_140' title='bbox 1191 1085 1297 1151; x_wconf 85' lang='lat' dir='ltr'>Ouum,</span> <span class='ocrx_word' id='word_1_141' title='bbox 1309 1084 1334 1139; x_wconf 87' lang='lat' dir='ltr'>si</span> <span class='ocrx_word' id='word_1_142' title='bbox 1347 1083 1429 1147; x_wconf 85' lang='lat' dir='ltr'>ratio,</span> <span class='ocrx_word' id='word_1_143' title='bbox 1442 1100 1500 1140; x_wconf 90' lang='lat' dir='ltr'>non</span> <span class='ocrx_word' id='word_1_144' title='bbox 1511 1084 1660 1157; x_wconf 80' lang='lat' dir='ltr'>instigatio</span> <span class='ocrx_word' id='word_1_145' title='bbox 1674 1086 1816 1143; x_wconf 84' lang='lat' dir='ltr'>demonis</span> <span class='ocrx_word' id='word_1_146' title='bbox 1897 1104 1901 1111; x_wconf 85' lang='grc'><strong>’</strong></span> <span class='ocrx_word' id='word_1_147' title='bbox 1930 1148 1944 1168; x_wconf 37' lang='lat'>¹,</span> 
     </span>
     <span class='ocr_line' id='line_1_12' title="bbox 122 1170 1944 1247; baseline 0.003 -19"><span class='ocrx_word' id='word_1_148' title='bbox 122 1172 172 1229; x_wconf 90' lang='lat' dir='ltr'>iiim</span> <span class='ocrx_word' id='word_1_149' title='bbox 184 1176 282 1227; x_wconf 86' lang='lat' dir='ltr'>autern</span> <span class='ocrx_word' id='word_1_150' title='bbox 298 1170 353 1241; x_wconf 82' lang='lat'><strong>(31)</strong></span> <span class='ocrx_word' id='word_1_151' title='bbox 369 1171 442 1227; x_wconf 86' lang='lat' dir='ltr'>adeo</span> <span class='ocrx_word' id='word_1_152' title='bbox 456 1188 514 1227; x_wconf 90' lang='lat' dir='ltr'>non</span> <span class='ocrx_word' id='word_1_153' title='bbox 530 1188 604 1240; x_wconf 86' lang='lat' dir='ltr'>esec,</span> <span class='ocrx_word' id='word_1_154' title='bbox 622 1179 654 1229; x_wconf 94' lang='lat' dir='ltr'>ut</span> <span class='ocrx_word' id='word_1_155' title='bbox 669 1173 853 1230; x_wconf 78' lang='lat' dir='ltr'>Christianus</span> <span class='ocrx_word' id='word_1_156' title='bbox 866 1191 934 1231; x_wconf 86' lang='lat' dir='ltr'>reus</span> <span class='ocrx_word' id='word_1_157' title='bbox 983 1171 1470 1247; x_wconf 74' lang='lat' dir='ltr'>judicaret,urguendimagisitdl,</span> <span class='ocrx_word' id='word_1_158' title='bbox 1482 1173 1816 1233; x_wconf 82' lang='lat' dir='ltr'>nonutdiliiterenturse</span> <span class='ocrx_word' id='word_1_159' title='bbox 1931 1190 1944 1240; x_wconf 77' lang='lat'>,¹</span> 
     </span>
     <span class='ocr_line' id='line_1_13' title="bbox 125 1260 1944 1339; baseline 0.001 -20"><span class='ocrx_word' id='word_1_160' title='bbox 125 1278 164 1319; x_wconf 88' lang='lat' dir='ltr'>ies</span> <span class='ocrx_word' id='word_1_161' title='bbox 174 1260 367 1329; x_wconf 88' lang='lat' dir='ltr'>erubesceret,</span> <span class='ocrx_word' id='word_1_162' title='bbox 380 1276 431 1315; x_wconf 90' lang='lat' dir='ltr'>nec</span> <span class='ocrx_word' id='word_1_163' title='bbox 448 1260 575 1331; x_wconf 86' lang='lat' dir='ltr'>timeret,</span> <span class='ocrx_word' id='word_1_164' title='bbox 587 1266 616 1319; x_wconf 91' lang='lat' dir='ltr'>et</span> <span class='ocrx_word' id='word_1_165' title='bbox 630 1278 721 1318; x_wconf 90' lang='lat' dir='ltr'>unum</span> <span class='ocrx_word' id='word_1_166' title='bbox 736 1264 932 1331; x_wconf 89' lang='lat' dir='ltr'>solummodo,</span> <span class='ocrx_word' id='word_1_167' title='bbox 988 1264 1184 1331; x_wconf 86' lang='lat' dir='ltr'>Christianos,</span> <span class='ocrx_word' id='word_1_168' title='bbox 1199 1264 1249 1321; x_wconf 86' lang='lat' dir='ltr'>sed</span> <span class='ocrx_word' id='word_1_169' title='bbox 1267 1268 1300 1319; x_wconf 90' lang='lat' dir='ltr'>ut</span> <span class='ocrx_word' id='word_1_170' title='bbox 1312 1263 1347 1319; x_wconf 89' lang='lat' dir='ltr'>de</span> <span class='ocrx_word' id='word_1_171' title='bbox 1362 1262 1483 1319; x_wconf 86' lang='lat' dir='ltr'>incestis</span> <span class='ocrx_word' id='word_1_172' title='bbox 1498 1263 1619 1335; x_wconf 90' lang='lat' dir='ltr'>stupris,</span> <span class='ocrx_word' id='word_1_173' title='bbox 1636 1263 1671 1320; x_wconf 91' lang='lat' dir='ltr'>de</span> <span class='ocrx_word' id='word_1_174' title='bbox 1686 1262 1815 1335; x_wconf 86' lang='lat' dir='ltr'>impiatis</span> <span class='ocrx_word' id='word_1_175' title='bbox 1915 1328 1920 1339; x_wconf 35' lang='lat'>¹</span> <span class='ocrx_word' id='word_1_176' title='bbox 1938 1283 1944 1309; x_wconf 72' lang='lat' dir='ltr'>i</span> 
     </span>
    </p>
   </div>
   <div class='ocr_carea' id='block_1_7' title="bbox 126 1350 1813 1425">
    <p class='ocr_par' dir='ltr' id='par_1_8' title="bbox 126 1350 1813 1425">
     <span class='ocr_line' id='line_1_14' title="bbox 126 1350 1813 1425; baseline 0.001 -18"><span class='ocrx_word' id='word_1_177' title='bbox 126 1351 184 1425; x_wconf 92' lang='lat' dir='ltr'>quod</span> <span class='ocrx_word' id='word_1_178' title='bbox 200 1366 258 1405; x_wconf 89' lang='lat' dir='ltr'>uon</span> <span class='ocrx_word' id='word_1_179' title='bbox 283 1354 351 1405; x_wconf 89' lang='lat' dir='ltr'>ante</span> <span class='ocrx_word' id='word_1_180' title='bbox 375 1350 473 1411; x_wconf 82' lang='lat' dir='ltr'>fuerit.</span> <span class='ocrx_word' id='word_1_181' title='bbox 496 1350 650 1422; x_wconf 84' lang='lat' dir='ltr'>pinniteret</span> <span class='ocrx_word' id='word_1_182' title='bbox 673 1354 740 1423; x_wconf 82' lang='grc'><strong>(32).</strong></span> <span class='ocrx_word' id='word_1_183' title='bbox 757 1353 815 1409; x_wconf 85' lang='lat' dir='ltr'>Nos</span> <span class='ocrx_word' id='word_1_184' title='bbox 835 1359 932 1409; x_wconf 85' lang='lat' dir='ltr'>tamen</span> <span class='ocrx_word' id='word_1_185' title='bbox 988 1353 1091 1419; x_wconf 87' lang='lat' dir='ltr'>sacris,</span> <span class='ocrx_word' id='word_1_186' title='bbox 1103 1352 1139 1407; x_wconf 91' lang='lat' dir='ltr'>de</span> <span class='ocrx_word' id='word_1_187' title='bbox 1150 1352 1313 1408; x_wconf 79' lang='lat' dir='ltr'>insentibus</span> <span class='ocrx_word' id='word_1_188' title='bbox 1325 1350 1485 1409; x_wconf 88' lang='lat' dir='ltr'>immolatis</span> <span class='ocrx_word' id='word_1_189' title='bbox 1496 1352 1665 1408; x_wconf 83' lang='lat' dir='ltr'>letarentur.</span> <span class='ocrx_word' id='word_1_190' title='bbox 1673 1350 1725 1409; x_wconf 89' lang='lat' dir='ltr'>liis</span> <span class='ocrx_word' id='word_1_191' title='bbox 1734 1352 1813 1409; x_wconf 86' lang='lat' dir='ltr'>enim</span> 
     </span>
    </p>
   </div>
   <div class='ocr_carea' id='block_1_8' title="bbox 126 1438 1945 1795">
    <p class='ocr_par' dir='ltr' id='par_1_9' title="bbox 126 1438 1935 1603">
     <span class='ocr_line' id='line_1_15' title="bbox 126 1438 1814 1514; baseline 0 -16"><span class='ocrx_word' id='word_1_192' title='bbox 126 1456 175 1499; x_wconf 84' lang='lat' dir='ltr'>oiim</span> <span class='ocrx_word' id='word_1_193' title='bbox 189 1438 346 1511; x_wconf 86' lang='lat' dir='ltr'>sacrilegos</span> <span class='ocrx_word' id='word_1_194' title='bbox 366 1438 482 1513; x_wconf 88' lang='lat' dir='ltr'>aliquos</span> <span class='ocrx_word' id='word_1_195' title='bbox 497 1442 555 1509; x_wconf 67' lang='grc'><strong>(33)</strong></span> <span class='ocrx_word' id='word_1_196' title='bbox 569 1445 598 1496; x_wconf 91' lang='lat' dir='ltr'>et</span> <span class='ocrx_word' id='word_1_197' title='bbox 618 1440 756 1507; x_wconf 86' lang='lat' dir='ltr'>incestos,</span> <span class='ocrx_word' id='word_1_198' title='bbox 772 1442 933 1514; x_wconf 90' lang='lat' dir='ltr'>parricidas</span> <span class='ocrx_word' id='word_1_199' title='bbox 987 1446 1017 1499; x_wconf 88' lang='lat' dir='ltr'>et</span> <span class='ocrx_word' id='word_1_200' title='bbox 1031 1440 1201 1513; x_wconf 89' lang='lat' dir='ltr'>hujusmodi</span> <span class='ocrx_word' id='word_1_201' title='bbox 1224 1439 1333 1497; x_wconf 84' lang='lat' dir='ltr'>tabulis</span> <span class='ocrx_word' id='word_1_202' title='bbox 1356 1439 1445 1497; x_wconf 91' lang='lat' dir='ltr'>iidem</span> <span class='ocrx_word' id='word_1_203' title='bbox 1459 1440 1607 1497; x_wconf 82' lang='lat' dir='ltr'>demones</span> <span class='ocrx_word' id='word_1_204' title='bbox 1631 1441 1666 1498; x_wconf 86' lang='lat' dir='ltr'>ad</span> <span class='ocrx_word' id='word_1_205' title='bbox 1681 1456 1814 1499; x_wconf 84' lang='lat' dir='ltr'>exsecra·</span> 
     </span>
     <span class='ocr_line' id='line_1_16' title="bbox 126 1527 1927 1603; baseline 0 -16"><span class='ocrx_word' id='word_1_206' title='bbox 126 1528 203 1597; x_wconf 79' lang='lat' dir='ltr'>num,</span> <span class='ocrx_word' id='word_1_207' title='bbox 218 1527 420 1585; x_wconf 79' lang='lat' dir='ltr'>defendendos</span> <span class='ocrx_word' id='word_1_208' title='bbox 431 1533 459 1585; x_wconf 87' lang='lat' dir='ltr'>et</span> <span class='ocrx_word' id='word_1_209' title='bbox 469 1530 596 1586; x_wconf 89' lang='lat' dir='ltr'>tuendos</span> <span class='ocrx_word' id='word_1_210' title='bbox 606 1531 841 1603; x_wconf 83' lang='lat' dir='ltr'>suscipiebamus</span> <span class='ocrx_word' id='word_1_211' title='bbox 856 1532 932 1603; x_wconf 76' lang='lat' dir='ltr'>(el);</span> <span class='ocrx_word' id='word_1_212' title='bbox 986 1531 1078 1587; x_wconf 88' lang='lat' dir='ltr'>tionis</span> <span class='ocrx_word' id='word_1_213' title='bbox 1092 1530 1242 1587; x_wconf 87' lang='lat' dir='ltr'>horrorem</span> <span class='ocrx_word' id='word_1_214' title='bbox 1268 1530 1474 1603; x_wconf 91' lang='lat' dir='ltr'>imperitorum</span> <span class='ocrx_word' id='word_1_215' title='bbox 1493 1544 1580 1586; x_wconf 88' lang='lat' dir='ltr'>eures</span> <span class='ocrx_word' id='word_1_216' title='bbox 1604 1530 1745 1587; x_wconf 86' lang='lat' dir='ltr'>adversus</span> <span class='ocrx_word' id='word_1_217' title='bbox 1758 1546 1813 1587; x_wconf 88' lang='lat' dir='ltr'>nos</span> <span class='ocrx_word' id='word_1_218' title='bbox 1922 1532 1927 1541; x_wconf 91' lang='lat'>&#39;</span> 
     </span>
    </p>

    <p class='ocr_par' dir='ltr' id='par_1_10' title="bbox 127 1618 1945 1795">
     <span class='ocr_line' id='line_1_17' title="bbox 127 1618 1935 1693; baseline -0.002 -18"><span class='ocrx_word' id='word_1_219' title='bbox 127 1618 224 1675; x_wconf 86' lang='lat' dir='ltr'>hienae</span> <span class='ocrx_word' id='word_1_220' title='bbox 239 1618 405 1676; x_wconf 88' lang='lat' dir='ltr'>audiendos</span> <span class='ocrx_word' id='word_1_221' title='bbox 420 1618 449 1674; x_wconf 93' lang='lat' dir='ltr'>iii</span> <span class='ocrx_word' id='word_1_222' title='bbox 466 1623 561 1675; x_wconf 86' lang='lat' dir='ltr'>totum</span> <span class='ocrx_word' id='word_1_223' title='bbox 583 1620 932 1693; x_wconf 78' lang='lat' dir='ltr'>putabamustnonnuu-</span> <span class='ocrx_word' id='word_1_224' title='bbox 987 1621 1175 1677; x_wconf 77' lang='lat' dir='ltr'>referserunt.</span> <span class='ocrx_word' id='word_1_225' title='bbox 1197 1624 1256 1676; x_wconf 88' lang='lat' dir='ltr'>Nec</span> <span class='ocrx_word' id='word_1_226' title='bbox 1284 1624 1382 1675; x_wconf 90' lang='lat' dir='ltr'>tamen</span> <span class='ocrx_word' id='word_1_227' title='bbox 1411 1618 1531 1689; x_wconf 91' lang='lat' dir='ltr'>mirum,</span> <span class='ocrx_word' id='word_1_228' title='bbox 1560 1635 1629 1675; x_wconf 90' lang='lat' dir='ltr'>cum</span> <span class='ocrx_word' id='word_1_229' title='bbox 1656 1618 1811 1675; x_wconf 91' lang='lat' dir='ltr'>bominum</span> <span class='ocrx_word' id='word_1_230' title='bbox 1901 1629 1935 1685; x_wconf 70' lang='grc'>5,-</span> 
     </span>
     <span class='ocr_line' id='line_1_18' title="bbox 127 1706 1945 1795; baseline 0 -30"><span class='ocrx_word' id='word_1_231' title='bbox 127 1722 193 1782; x_wconf 87' lang='lat' dir='ltr'>qnsm</span> <span class='ocrx_word' id='word_1_232' title='bbox 208 1706 308 1779; x_wconf 88' lang='lat' dir='ltr'>etiam,</span> <span class='ocrx_word' id='word_1_233' title='bbox 326 1706 502 1765; x_wconf 88' lang='lat' dir='ltr'>miserantes</span> <span class='ocrx_word' id='word_1_234' title='bbox 519 1724 619 1765; x_wconf 91' lang='lat' dir='ltr'>eorum</span> <span class='ocrx_word' id='word_1_235' title='bbox 635 1709 702 1781; x_wconf 82' lang='lat'>(35),</span> <span class='ocrx_word' id='word_1_236' title='bbox 718 1710 866 1767; x_wconf 82' lang='lat' dir='ltr'>crudelius</span> <span class='ocrx_word' id='word_1_237' title='bbox 882 1728 933 1766; x_wconf 75' lang='lat' dir='ltr'>sse·</span> <span class='ocrx_word' id='word_1_238' title='bbox 986 1709 1066 1766; x_wconf 85' lang='lat' dir='ltr'>fuma</span> <span class='ocrx_word' id='word_1_239' title='bbox 1078 1710 1145 1779; x_wconf 80' lang='lat' dir='ltr'>(tt),</span> <span class='ocrx_word' id='word_1_240' title='bbox 1161 1726 1225 1781; x_wconf 81' lang='lat' dir='ltr'>quse</span> <span class='ocrx_word' id='word_1_241' title='bbox 1241 1724 1358 1781; x_wconf 87' lang='lat' dir='ltr'>semper</span> <span class='ocrx_word' id='word_1_242' title='bbox 1381 1708 1525 1781; x_wconf 87' lang='lat' dir='ltr'>insparsis</span> <span class='ocrx_word' id='word_1_243' title='bbox 1541 1706 1701 1765; x_wconf 74' lang='lat' dir='ltr'>mendaciis</span> <span class='ocrx_word' id='word_1_244' title='bbox 1715 1707 1811 1777; x_wconf 88' lang='lat' dir='ltr'>aliter,</span> <span class='ocrx_word' id='word_1_245' title='bbox 1856 1776 1862 1787; x_wconf 35' lang='lat'><strong><em>¹</em></strong></span> <span class='ocrx_word' id='word_1_246' title='bbox 1938 1740 1945 1795; x_wconf 41' lang='grc' dir='ltr'>Ι·</span> 
     </span>
    </p>
   </div>
   <div class='ocr_carea' id='block_1_9' title="bbox 125 1846 1813 2052">
    <p class='ocr_par' dir='ltr' id='par_1_11' title="bbox 125 1846 1813 2052">
     <span class='ocr_line' id='line_1_19' title="bbox 822 1846 1110 1908; baseline -0.003 -1"><span class='ocrx_word' id='word_1_247' title='bbox 822 1846 988 1908; x_wconf 77' lang='lat' dir='ltr'>variorum</span> <span class='ocrx_word' id='word_1_248' title='bbox 1017 1850 1110 1907; x_wconf 76' lang='lat' dir='ltr'>notan.</span> 
     </span>
     <span class='ocr_line' id='line_1_20' title="bbox 125 1965 1813 2052; baseline 0 -27"><span class='ocrx_word' id='word_1_249' title='bbox 125 1965 240 2039; x_wconf 75' lang='lat' dir='ltr'>bequies</span> <span class='ocrx_word' id='word_1_250' title='bbox 256 1982 296 2036; x_wconf 89' lang='lat' dir='ltr'>re,</span> <span class='ocrx_word' id='word_1_251' title='bbox 316 1966 444 2038; x_wconf 77' lang='lat' dir='ltr'>judicare</span> <span class='ocrx_word' id='word_1_252' title='bbox 467 1968 597 2025; x_wconf 73' lang='lat' dir='ltr'>celebret</span> <span class='ocrx_word' id='word_1_253' title='bbox 621 1968 762 2041; x_wconf 85' lang='lat' dir='ltr'>Virgilius</span> <span class='ocrx_word' id='word_1_254' title='bbox 784 1970 892 2027; x_wconf 84' lang='lat' dir='ltr'>AEneid.</span> <span class='ocrx_word' id='word_1_255' title='bbox 910 1988 929 2036; x_wconf 87' lang='lat' dir='ltr'>i,</span> <span class='ocrx_word' id='word_1_256' title='bbox 945 1976 969 2042; x_wconf 82' lang='grc' dir='ltr'><strong>Β</strong></span> <span class='ocrx_word' id='word_1_257' title='bbox 985 1970 1124 2027; x_wconf 91' lang='lat' dir='ltr'>omnibus</span> <span class='ocrx_word' id='word_1_258' title='bbox 1140 1968 1282 2052; x_wconf 86' lang='lat' dir='ltr'>probatur</span> <span class='ocrx_word' id='word_1_259' title='bbox 1294 1966 1405 2024; x_wconf 79' lang='lat' dir='ltr'>lexicis.</span> <span class='ocrx_word' id='word_1_260' title='bbox 1429 1973 1556 2025; x_wconf 79' lang='lat' dir='ltr'>Premere</span> <span class='ocrx_word' id='word_1_261' title='bbox 1569 1982 1637 2023; x_wconf 89' lang='lat' dir='ltr'>vero</span> <span class='ocrx_word' id='word_1_262' title='bbox 1651 1982 1704 2041; x_wconf 90' lang='lat' dir='ltr'>pro</span> <span class='ocrx_word' id='word_1_263' title='bbox 1719 1969 1813 2041; x_wconf 84' lang='lat' dir='ltr'>oppri-</span> 
     </span>
    </p>
   </div>
   <div class='ocr_carea' id='block_1_10' title="bbox 125 2038 1812 2114">
    <p class='ocr_par' dir='ltr' id='par_1_12' title="bbox 125 2033 1945 2114">
     <span class='ocr_line' id='line_1_21' title="bbox 125 2038 1812 2114; baseline 0.001 -19"><span class='ocrx_word' id='word_1_264' title='bbox 125 2040 176 2096; x_wconf 81' lang='lat' dir='ltr'>blt:</span> <span class='ocrx_word' id='word_1_265' title='bbox 204 2039 258 2095; x_wconf 86' lang='lat' dir='ltr'>Sed</span> <span class='ocrx_word' id='word_1_266' title='bbox 288 2055 330 2094; x_wconf 88' lang='lat' dir='ltr'>res</span> <span class='ocrx_word' id='word_1_267' title='bbox 358 2040 464 2094; x_wconf 88' lang='lat' dir='ltr'>animos</span> <span class='ocrx_word' id='word_1_268' title='bbox 492 2042 634 2109; x_wconf 82' lang='lat' dir='ltr'>incoquitu</span> <span class='ocrx_word' id='word_1_269' title='bbox 664 2044 765 2097; x_wconf 85' lang='lat' dir='ltr'>turbat.</span> <span class='ocrx_word' id='word_1_270' title='bbox 794 2044 931 2114; x_wconf 79' lang='lat' dir='ltr'>Adeoque</span> <span class='ocrx_word' id='word_1_271' title='bbox 984 2058 1060 2098; x_wconf 81' lang='lat' dir='ltr'>mer-e</span> <span class='ocrx_word' id='word_1_272' title='bbox 1087 2042 1162 2097; x_wconf 79' lang='lat' dir='ltr'>disit</span> <span class='ocrx_word' id='word_1_273' title='bbox 1190 2041 1278 2097; x_wconf 89' lang='lat' dir='ltr'>ctiam</span> <span class='ocrx_word' id='word_1_274' title='bbox 1313 2039 1440 2107; x_wconf 77' lang='lat' dir='ltr'>enicat..</span> <span class='ocrx_word' id='word_1_275' title='bbox 1471 2040 1560 2095; x_wconf 86' lang='lat' dir='ltr'>lastit.</span> <span class='ocrx_word' id='word_1_276' title='bbox 1587 2046 1657 2096; x_wconf 86' lang='lat' dir='ltr'>oret.</span> <span class='ocrx_word' id='word_1_277' title='bbox 1687 2038 1739 2097; x_wconf 91' lang='lat' dir='ltr'>lib.</span> <span class='ocrx_word' id='word_1_278' title='bbox 1767 2058 1812 2111; x_wconf 94' lang='lat' dir='ltr'>iii,</span> 
     </span>
    </p>
   </div>
   <div class='ocr_carea' id='block_1_11' title="bbox 125 2110 1812 2257">
    <p class='ocr_par' dir='ltr' id='par_1_13' title="bbox 125 2110 1945 2257">
     <span class='ocr_line' id='line_1_22' title="bbox 126 2110 1812 2239; baseline 0.001 -72"><span class='ocrx_word' id='word_1_279' title='bbox 126 2126 166 2167; x_wconf 88' lang='lat' dir='ltr'>ion</span> <span class='ocrx_word' id='word_1_280' title='bbox 178 2116 240 2166; x_wconf 87' lang='lat' dir='ltr'>erat</span> <span class='ocrx_word' id='word_1_281' title='bbox 260 2127 314 2166; x_wconf 90' lang='lat' dir='ltr'>cur</span> <span class='ocrx_word' id='word_1_282' title='bbox 328 2110 401 2167; x_wconf 90' lang='lat' dir='ltr'>Lud.</span> <span class='ocrx_word' id='word_1_283' title='bbox 427 2111 527 2167; x_wconf 86' lang='lat' dir='ltr'>Carrio</span> <span class='ocrx_word' id='word_1_284' title='bbox 551 2111 662 2167; x_wconf 77' lang='lat' dir='ltr'>emunt.</span> <span class='ocrx_word' id='word_1_285' title='bbox 681 2129 711 2177; x_wconf 88' lang='grc' dir='ltr'>ιι,</span> <span class='ocrx_word' id='word_1_286' title='bbox 736 2130 799 2186; x_wconf 90' lang='lat' dir='ltr'>cap.</span> <span class='ocrx_word' id='word_1_287' title='bbox 825 2114 869 2179; x_wconf 78' lang='lat'>18,</span> <span class='ocrx_word' id='word_1_288' title='bbox 885 2130 930 2169; x_wconf 92' lang='lat' dir='ltr'>re·</span> <span class='ocrx_word' id='word_1_289' title='bbox 984 2130 1048 2187; x_wconf 86' lang='lat' dir='ltr'>cap.</span> <span class='ocrx_word' id='word_1_290' title='bbox 1063 2116 1091 2181; x_wconf 82' lang='lat'>2,</span> <span class='ocrx_word' id='word_1_291' title='bbox 1107 2130 1134 2185; x_wconf 88' lang='lat' dir='ltr'>p.</span> <span class='ocrx_word' id='word_1_292' title='bbox 1151 2130 1188 2169; x_wconf 87' lang='lat' dir='ltr'>m.</span> <span class='ocrx_word' id='word_1_293' title='bbox 1205 2114 1277 2168; x_wconf 80' lang='lat' dir='ltr'>ior:</span> <span class='ocrx_word' id='word_1_294' title='bbox 1301 2112 1441 2180; x_wconf 81' lang='lat' dir='ltr'>Varernns,</span> <span class='ocrx_word' id='word_1_295' title='bbox 1461 2112 1510 2183; x_wconf 88' lang='lat' dir='ltr'>qni</span> <span class='ocrx_word' id='word_1_296' title='bbox 1524 2112 1555 2166; x_wconf 85' lang='lat' dir='ltr'>in</span> <span class='ocrx_word' id='word_1_297' title='bbox 1577 2110 1812 2239; x_wconf 61' lang='lat' dir='ltr'>omnibusgnbti·</span> 
     </span>
     <span class='ocr_line' id='line_1_23' title="bbox 125 2182 1810 2257; baseline 0.001 -18"><span class='ocrx_word' id='word_1_298' title='bbox 125 2182 243 2239; x_wconf 77' lang='lat' dir='ltr'>solberet</span> <span class='ocrx_word' id='word_1_299' title='bbox 266 2182 300 2239; x_wconf 89' lang='lat' dir='ltr'>de</span> <span class='ocrx_word' id='word_1_300' title='bbox 322 2185 478 2254; x_wconf 83' lang='lat' dir='ltr'>i&#39;ricoqnitis,</span> <span class='ocrx_word' id='word_1_301' title='bbox 503 2188 532 2239; x_wconf 88' lang='lat' dir='ltr'>et</span> <span class='ocrx_word' id='word_1_302' title='bbox 556 2184 703 2240; x_wconf 85' lang='lat' dir='ltr'>llloursius</span> <span class='ocrx_word' id='word_1_303' title='bbox 729 2186 759 2239; x_wconf 86' lang='lat' dir='ltr'>in</span> <span class='ocrx_word' id='word_1_304' title='bbox 784 2188 933 2255; x_wconf 72' lang='lat' dir='ltr'>locopositis</span> <span class='ocrx_word' id='word_1_305' title='bbox 984 2187 1023 2243; x_wconf 89' lang='lat' dir='ltr'>cis</span> <span class='ocrx_word' id='word_1_306' title='bbox 1040 2186 1120 2240; x_wconf 90' lang='lat' dir='ltr'>mulis</span> <span class='ocrx_word' id='word_1_307' title='bbox 1133 2186 1327 2257; x_wconf 82' lang='lat' dir='ltr'>premebatur:</span> <span class='ocrx_word' id='word_1_308' title='bbox 1345 2200 1411 2239; x_wconf 90' lang='lat' dir='ltr'>nam</span> <span class='ocrx_word' id='word_1_309' title='bbox 1425 2186 1451 2239; x_wconf 87' lang='lat' dir='ltr'>et</span> <span class='ocrx_word' id='word_1_310' title='bbox 1473 2182 1623 2238; x_wconf 84' lang='lat' dir='ltr'>damnatus</span> <span class='ocrx_word' id='word_1_311' title='bbox 1645 2187 1694 2239; x_wconf 88' lang='lat' dir='ltr'>est.</span> <span class='ocrx_word' id='word_1_312' title='bbox 1734 2184 1810 2241; x_wconf 88' lang='lat' dir='ltr'>icero</span> 
     </span>
    </p>
   </div>
   <div class='ocr_carea' id='block_1_12' title="bbox 124 2252 1934 2409">
    <p class='ocr_par' dir='ltr' id='par_1_14' title="bbox 124 2252 1934 2409">
     <span class='ocr_line' id='line_1_24' title="bbox 124 2252 1930 2327; baseline 0.001 -16"><span class='ocrx_word' id='word_1_313' title='bbox 124 2252 204 2311; x_wconf 74' lang='lat' dir='ltr'>teon.</span> <span class='ocrx_word' id='word_1_314' title='bbox 983 2256 1102 2313; x_wconf 81' lang='lat' dir='ltr'>Tuscul.</span> <span class='ocrx_word' id='word_1_315' title='bbox 1126 2262 1154 2326; x_wconf 78' lang='lat' dir='ltr'>e,</span> <span class='ocrx_word' id='word_1_316' title='bbox 1179 2258 1233 2312; x_wconf 77' lang='lat'>17:</span> <span class='ocrx_word' id='word_1_317' title='bbox 1257 2256 1327 2327; x_wconf 81' lang='lat' dir='ltr'>Quis</span> <span class='ocrx_word' id='word_1_318' title='bbox 1349 2259 1441 2311; x_wconf 85' lang='lat' dir='ltr'>antem</span> <span class='ocrx_word' id='word_1_319' title='bbox 1464 2271 1520 2311; x_wconf 80' lang='lat' dir='ltr'>riori</span> <span class='ocrx_word' id='word_1_320' title='bbox 1537 2256 1623 2310; x_wconf 87' lang='lat' dir='ltr'>miser</span> <span class='ocrx_word' id='word_1_321' title='bbox 1642 2254 1719 2312; x_wconf 91' lang='lat' dir='ltr'>modo</span> <span class='ocrx_word' id='word_1_322' title='bbox 1733 2259 1811 2325; x_wconf 82' lang='lat' dir='ltr'>eune,</span> <span class='ocrx_word' id='word_1_323' title='bbox 1923 2294 1930 2305; x_wconf 86' lang='lat'><strong>·</strong></span> 
     </span>
     <span class='ocr_line' id='line_1_25' title="bbox 147 2325 1934 2409; baseline 0.003 -30"><span class='ocrx_word' id='word_1_324' title='bbox 147 2326 194 2395; x_wconf 75' lang='lat' dir='ltr'>tui)</span> <span class='ocrx_word' id='word_1_325' title='bbox 217 2325 292 2382; x_wconf 83' lang='lat' dir='ltr'>ldem</span> <span class='ocrx_word' id='word_1_326' title='bbox 314 2328 441 2395; x_wconf 70' lang='lat' dir='ltr'>lecimus.</span> <span class='ocrx_word' id='word_1_327' title='bbox 465 2326 513 2382; x_wconf 81' lang='lat' dir='ltr'>Sic</span> <span class='ocrx_word' id='word_1_328' title='bbox 537 2342 592 2382; x_wconf 90' lang='lat' dir='ltr'>ms.</span> <span class='ocrx_word' id='word_1_329' title='bbox 609 2358 644 2367; x_wconf 86' lang='lat'>—</span> <span class='ocrx_word' id='word_1_330' title='bbox 660 2328 771 2385; x_wconf 82' lang='lat' dir='ltr'>Fuimus</span> <span class='ocrx_word' id='word_1_331' title='bbox 792 2328 928 2400; x_wconf 89' lang='lat' dir='ltr'>impress.</span> <span class='ocrx_word' id='word_1_332' title='bbox 983 2328 1350 2401; x_wconf 85' lang='lat' dir='ltr'>quumpremetursnmmis</span> <span class='ocrx_word' id='word_1_333' title='bbox 1366 2326 1516 2394; x_wconf 78' lang='lat' dir='ltr'>doloribus,</span> <span class='ocrx_word' id='word_1_334' title='bbox 1530 2327 1601 2381; x_wconf 83' lang='lat' dir='ltr'>siin</span> <span class='ocrx_word' id='word_1_335' title='bbox 1624 2326 1810 2384; x_wconf 84' lang='lat' dir='ltr'>bisestsum-</span> <span class='ocrx_word' id='word_1_336' title='bbox 1877 2326 1894 2399; x_wconf 45' lang='grc' dir='ltr'>ᾗ</span> <span class='ocrx_word' id='word_1_337' title='bbox 1916 2380 1934 2409; x_wconf 31' lang='grc' dir='ltr'>,Ι</span> 
     </span>
    </p>
   </div>
   <div class='ocr_carea' id='block_1_13' title="bbox 123 2396 1309 2470">
    <p class='ocr_par' dir='ltr' id='par_1_15' title="bbox 123 2396 1309 2470">
     <span class='ocr_line' id='line_1_26' title="bbox 123 2396 1309 2470; baseline 0.002 -17"><span class='ocrx_word' id='word_1_338' title='bbox 123 2396 174 2453; x_wconf 79' lang='lat' dir='ltr'>duo.</span> <span class='ocrx_word' id='word_1_339' title='bbox 189 2430 224 2439; x_wconf 95' lang='lat'><em>-</em></span> <span class='ocrx_word' id='word_1_340' title='bbox 239 2398 351 2463; x_wconf 87' lang='lat' dir='ltr'>Scribo,</span> <span class='ocrx_word' id='word_1_341' title='bbox 368 2398 462 2453; x_wconf 86' lang='lat' dir='ltr'>iidem.</span> <span class='ocrx_word' id='word_1_342' title='bbox 479 2398 592 2454; x_wconf 74' lang='lat' dir='ltr'>nenas.</span> <span class='ocrx_word' id='word_1_343' title='bbox 608 2431 642 2439; x_wconf 97' lang='lat'><em>-</em></span> <span class='ocrx_word' id='word_1_344' title='bbox 658 2400 758 2455; x_wconf 87' lang='lat' dir='ltr'>Scribo</span> <span class='ocrx_word' id='word_1_345' title='bbox 776 2400 846 2456; x_wconf 85' lang='lat' dir='ltr'>iden:</span> <span class='ocrx_word' id='word_1_346' title='bbox 861 2403 930 2470; x_wconf 73' lang='lat' dir='ltr'>teci·</span> <span class='ocrx_word' id='word_1_347' title='bbox 983 2417 1061 2457; x_wconf 87' lang='lat' dir='ltr'>mum</span> <span class='ocrx_word' id='word_1_348' title='bbox 1072 2401 1189 2456; x_wconf 88' lang='lat' dir='ltr'>matum.</span> <span class='ocrx_word' id='word_1_349' title='bbox 1206 2401 1309 2455; x_wconf 78' lang='lat' dir='ltr'>Linou.</span> 
     </span>
    </p>
   </div>
   <div class='ocr_carea' id='block_1_14' title="bbox 122 2468 1945 2705">
    <p class='ocr_par' dir='ltr' id='par_1_16' title="bbox 122 2468 1945 2705">
     <span class='ocr_line' id='line_1_27' title="bbox 122 2468 1945 2552; baseline 0.004 -23"><span class='ocrx_word' id='word_1_350' title='bbox 122 2468 410 2525; x_wconf 71' lang='lat' dir='ltr'>rulraeceditenim</span> <span class='ocrx_word' id='word_1_351' title='bbox 425 2468 614 2541; x_wconf 71' lang='lat' dir='ltr'>quaefactae.</span> <span class='ocrx_word' id='word_1_352' title='bbox 629 2470 732 2552; x_wconf 72' lang='lat' dir='ltr'>ll&#39;peii·</span> <span class='ocrx_word' id='word_1_353' title='bbox 1020 2481 1077 2551; x_wconf 83' lang='grc'><strong>(39)</strong></span> <span class='ocrx_word' id='word_1_354' title='bbox 1092 2481 1144 2536; x_wconf 81' lang='lat' dir='ltr'>llos</span> <span class='ocrx_word' id='word_1_355' title='bbox 1160 2483 1278 2536; x_wconf 78' lang='lat' dir='ltr'>sensisse</span> <span class='ocrx_word' id='word_1_356' title='bbox 1295 2480 1431 2547; x_wconf 74' lang='lat' dir='ltr'>essetne,</span> <span class='ocrx_word' id='word_1_357' title='bbox 1455 2492 1520 2551; x_wconf 80' lang='lat' dir='ltr'>que</span> <span class='ocrx_word' id='word_1_358' title='bbox 1532 2478 1809 2551; x_wconf 75' lang='lat' dir='ltr'>untittsetqeritis.</span> <span class='ocrx_word' id='word_1_359' title='bbox 1929 2514 1945 2545; x_wconf 62' lang='grc' dir='ltr'>,ι</span> 
     </span>
     <span class='ocr_line' id='line_1_28' title="bbox 146 2542 1898 2625; baseline 0.006 -29"><span class='ocrx_word' id='word_1_360' title='bbox 146 2542 195 2611; x_wconf 73' lang='grc'><strong>(39)</strong></span> <span class='ocrx_word' id='word_1_361' title='bbox 223 2542 372 2597; x_wconf 59' lang='lat' dir='ltr'>testitum.</span> <span class='ocrx_word' id='word_1_362' title='bbox 405 2545 596 2598; x_wconf 84' lang='lat' dir='ltr'>Heumannus</span> <span class='ocrx_word' id='word_1_363' title='bbox 620 2543 722 2598; x_wconf 82' lang='lat' dir='ltr'>scribit</span> <span class='ocrx_word' id='word_1_364' title='bbox 742 2544 880 2599; x_wconf 76' lang='lat' dir='ltr'>venditari</span> <span class='ocrx_word' id='word_1_365' title='bbox 902 2549 931 2599; x_wconf 90' lang='lat' dir='ltr'>et</span> <span class='ocrx_word' id='word_1_366' title='bbox 983 2551 1036 2609; x_wconf 83' lang='lat' dir='ltr'>Vel</span> <span class='ocrx_word' id='word_1_367' title='bbox 1051 2568 1117 2607; x_wconf 90' lang='lat' dir='ltr'>cum</span> <span class='ocrx_word' id='word_1_368' title='bbox 1132 2567 1278 2625; x_wconf 81' lang='lat' dir='ltr'>anonymo</span> <span class='ocrx_word' id='word_1_369' title='bbox 1290 2549 1445 2607; x_wconf 84' lang='lat' dir='ltr'>Parisisnsi</span> <span class='ocrx_word' id='word_1_370' title='bbox 1461 2567 1514 2623; x_wconf 91' lang='lat' dir='ltr'>pra</span> <span class='ocrx_word' id='word_1_371' title='bbox 1536 2556 1579 2606; x_wconf 89' lang='lat' dir='ltr'>ter</span> <span class='ocrx_word' id='word_1_372' title='bbox 1593 2550 1811 2623; x_wconf 86' lang='lat' dir='ltr'>sequensqeri·</span> <span class='ocrx_word' id='word_1_373' title='bbox 1895 2568 1898 2575; x_wconf 94' lang='lat'>·</span> 
     </span>
     <span class='ocr_line' id='line_1_29' title="bbox 124 2567 1810 2705; baseline 0.001 -30"><span class='ocrx_word' id='word_1_374' title='bbox 124 2628 229 2685; x_wconf 55' lang='lat' dir='ltr'>*quens</span> <span class='ocrx_word' id='word_1_375' title='bbox 243 2620 271 2667; x_wconf 71' lang='lat' dir='ltr'>e!</span> <span class='ocrx_word' id='word_1_376' title='bbox 286 2612 372 2668; x_wconf 72' lang='lat' dir='ltr'>delet·</span> <span class='ocrx_word' id='word_1_377' title='bbox 390 2613 531 2669; x_wconf 67' lang='lat' dir='ltr'><strong>LINDNER·</strong></span> <span class='ocrx_word' id='word_1_378' title='bbox 984 2626 1021 2681; x_wconf 85' lang='lat' dir='ltr'>tis</span> <span class='ocrx_word' id='word_1_379' title='bbox 1035 2623 1254 2680; x_wconf 90' lang='lat' dir='ltr'>rescribendum</span> <span class='ocrx_word' id='word_1_380' title='bbox 1272 2628 1317 2677; x_wconf 89' lang='lat' dir='ltr'>est</span> <span class='ocrx_word' id='word_1_381' title='bbox 1334 2624 1465 2694; x_wconf 71' lang='lat' dir='ltr'>gessisse:</span> <span class='ocrx_word' id='word_1_382' title='bbox 1484 2567 1539 2687; x_wconf 50' lang='grc' dir='ltr'>νεῖ,</span> <span class='ocrx_word' id='word_1_383' title='bbox 1555 2620 1633 2693; x_wconf 91' lang='lat' dir='ltr'>quod</span> <span class='ocrx_word' id='word_1_384' title='bbox 1650 2620 1723 2705; x_wconf 82' lang='lat' dir='ltr'>mibi</span> <span class='ocrx_word' id='word_1_385' title='bbox 1738 2637 1810 2703; x_wconf 74' lang='lat' dir='ltr'>prte-</span> 
     </span>
    </p>
   </div>
   <div class='ocr_carea' id='block_1_15' title="bbox 124 2684 1943 2828">
    <p class='ocr_par' dir='ltr' id='par_1_17' title="bbox 124 2684 1943 2828">
     <span class='ocr_line' id='line_1_30' title="bbox 147 2684 1943 2775; baseline 0.006 -39"><span class='ocrx_word' id='word_1_386' title='bbox 147 2686 193 2767; x_wconf 73' lang='lat' dir='ltr'>qtd)</span> <span class='ocrx_word' id='word_1_387' title='bbox 229 2685 336 2741; x_wconf 76' lang='lat' dir='ltr'>indicii</span> <span class='ocrx_word' id='word_1_388' title='bbox 373 2686 520 2767; x_wconf 38' lang='lat' dir='ltr'>qratiam„</span> <span class='ocrx_word' id='word_1_389' title='bbox 544 2684 754 2771; x_wconf 44' lang='lat' dir='ltr'>ltanedidaret</span> <span class='ocrx_word' id='word_1_390' title='bbox 793 2686 930 2769; x_wconf 74' lang='lat' dir='ltr'>Gelenius</span> <span class='ocrx_word' id='word_1_391' title='bbox 1004 2696 1090 2765; x_wconf 82' lang='lat' dir='ltr'>lacet,</span> <span class='ocrx_word' id='word_1_392' title='bbox 1105 2700 1224 2767; x_wconf 85' lang='lat' dir='ltr'>propter</span> <span class='ocrx_word' id='word_1_393' title='bbox 1245 2695 1420 2751; x_wconf 87' lang='lat' dir='ltr'>antecedens</span> <span class='ocrx_word' id='word_1_394' title='bbox 1443 2694 1539 2761; x_wconf 70' lang='lat' dir='ltr'>spisse,</span> <span class='ocrx_word' id='word_1_395' title='bbox 1561 2709 1612 2767; x_wconf 87' lang='lat' dir='ltr'>pro</span> <span class='ocrx_word' id='word_1_396' title='bbox 1628 2694 1811 2775; x_wconf 74' lang='lat' dir='ltr'>peritisscri·</span> <span class='ocrx_word' id='word_1_397' title='bbox 1914 2694 1943 2735; x_wconf 85' lang='lat'>&#39;···</span> 
     </span>
     <span class='ocr_line' id='line_1_31' title="bbox 124 2712 1003 2828; baseline 0.005 -19"><span class='ocrx_word' id='word_1_398' title='bbox 124 2762 223 2825; x_wconf 74' lang='lat' dir='ltr'>citime.</span> <span class='ocrx_word' id='word_1_399' title='bbox 240 2758 278 2811; x_wconf 81' lang='lat' dir='ltr'>st</span> <span class='ocrx_word' id='word_1_400' title='bbox 293 2757 377 2811; x_wconf 81' lang='lat' dir='ltr'>[toni.</span> <span class='ocrx_word' id='word_1_401' title='bbox 398 2756 486 2811; x_wconf 90' lang='lat' dir='ltr'>editio</span> <span class='ocrx_word' id='word_1_402' title='bbox 504 2756 617 2828; x_wconf 75' lang='lat' dir='ltr'>jltdtstt.</span> <span class='ocrx_word' id='word_1_403' title='bbox 646 2757 728 2812; x_wconf 85' lang='lat' dir='ltr'>hiala.</span> <span class='ocrx_word' id='word_1_404' title='bbox 745 2757 856 2814; x_wconf 90' lang='lat' dir='ltr'>Gclenii</span> <span class='ocrx_word' id='word_1_405' title='bbox 869 2758 930 2813; x_wconf 87' lang='lat' dir='ltr'>oili·</span> <span class='ocrx_word' id='word_1_406' title='bbox 984 2712 1003 2825; x_wconf 64' lang='lat' dir='ltr'>E</span> 
     </span>
    </p>
   </div>
   <div class='ocr_carea' id='block_1_16' title="bbox 1005 2762 1924 2837">
    <p class='ocr_par' dir='ltr' id='par_1_18' title="bbox 1005 2762 1924 2837">
     <span class='ocr_line' id='line_1_32' title="bbox 1005 2762 1924 2837; baseline -0.005 -13"><span class='ocrx_word' id='word_1_407' title='bbox 1005 2769 1112 2824; x_wconf 90' lang='lat' dir='ltr'>endum</span> <span class='ocrx_word' id='word_1_408' title='bbox 1134 2770 1227 2835; x_wconf 81' lang='lat' dir='ltr'>aqitis.</span> <span class='ocrx_word' id='word_1_409' title='bbox 1257 2766 1404 2822; x_wconf 79' lang='lat' dir='ltr'>linusa—</span> <span class='ocrx_word' id='word_1_410' title='bbox 1428 2763 1576 2821; x_wconf 77' lang='lat' dir='ltr'>Alterutro</span> <span class='ocrx_word' id='word_1_411' title='bbox 1600 2762 1712 2820; x_wconf 90' lang='lat' dir='ltr'>scilicet</span> <span class='ocrx_word' id='word_1_412' title='bbox 1735 2779 1812 2837; x_wconf 92' lang='lat' dir='ltr'>opus</span> <span class='ocrx_word' id='word_1_413' title='bbox 1878 2773 1886 2793; x_wconf 85' lang='lat'><strong>·</strong></span> <span class='ocrx_word' id='word_1_414' title='bbox 1914 2762 1924 2799; x_wconf 86' lang='lat'>&#39;¹</span> 
     </span>
    </p>
   </div>
   <div class='ocr_carea' id='block_1_17' title="bbox 124 2826 1812 2909">
    <p class='ocr_par' dir='ltr' id='par_1_19' title="bbox 124 2826 1934 2917">
     <span class='ocr_line' id='line_1_33' title="bbox 124 2826 1812 2909; baseline 0.003 -19"><span class='ocrx_word' id='word_1_415' title='bbox 124 2826 455 2883; x_wconf 72' lang='lat' dir='ltr'>fittcmwnsstmstms·</span> <span class='ocrx_word' id='word_1_416' title='bbox 480 2830 597 2899; x_wconf 69' lang='lat' dir='ltr'>teg-An</span> <span class='ocrx_word' id='word_1_417' title='bbox 618 2828 759 2884; x_wconf 88' lang='lat' dir='ltr'>autemid</span> <span class='ocrx_word' id='word_1_418' title='bbox 781 2834 930 2902; x_wconf 66' lang='lat' dir='ltr'>esbtltwd</span> <span class='ocrx_word' id='word_1_419' title='bbox 985 2845 1072 2905; x_wconf 85' lang='lat' dir='ltr'>esset,</span> <span class='ocrx_word' id='word_1_420' title='bbox 1088 2840 1112 2894; x_wconf 83' lang='lat' dir='ltr'>iii</span> <span class='ocrx_word' id='word_1_421' title='bbox 1127 2855 1185 2893; x_wconf 92' lang='lat' dir='ltr'>non</span> <span class='ocrx_word' id='word_1_422' title='bbox 1199 2838 1298 2893; x_wconf 88' lang='lat' dir='ltr'>liceret</span> <span class='ocrx_word' id='word_1_423' title='bbox 1320 2837 1442 2893; x_wconf 90' lang='lat' dir='ltr'>verbum</span> <span class='ocrx_word' id='word_1_424' title='bbox 1460 2833 1652 2909; x_wconf 83' lang='lat' dir='ltr'>equipollens</span> <span class='ocrx_word' id='word_1_425' title='bbox 1667 2836 1698 2891; x_wconf 92' lang='lat' dir='ltr'>iu</span> <span class='ocrx_word' id='word_1_426' title='bbox 1713 2834 1812 2893; x_wconf 89' lang='lat' dir='ltr'>locum</span> 
     </span>
    </p>
   </div>
   <div class='ocr_carea' id='block_1_18' title="bbox 126 2899 1430 2972">
    <p class='ocr_par' dir='ltr' id='par_1_20' title="bbox 126 2899 1430 2972">
     <span class='ocr_line' id='line_1_34' title="bbox 126 2899 1430 2972; baseline 0.005 -17"><span class='ocrx_word' id='word_1_427' title='bbox 126 2900 142 2955; x_wconf 85' lang='lat' dir='ltr'>si</span> <span class='ocrx_word' id='word_1_428' title='bbox 174 2900 290 2956; x_wconf 79' lang='lat' dir='ltr'>iiicabst</span> <span class='ocrx_word' id='word_1_429' title='bbox 314 2899 513 2955; x_wconf 85' lang='lat' dir='ltr'>Tertullianus</span> <span class='ocrx_word' id='word_1_430' title='bbox 537 2900 686 2971; x_wconf 65' lang='lat' dir='ltr'>Apoloqet,</span> <span class='ocrx_word' id='word_1_431' title='bbox 711 2916 775 2972; x_wconf 91' lang='lat' dir='ltr'>cap.</span> <span class='ocrx_word' id='word_1_432' title='bbox 799 2903 837 2957; x_wconf 79' lang='lat'>7:</span> <span class='ocrx_word' id='word_1_433' title='bbox 865 2903 931 2971; x_wconf 80' lang='lat' dir='ltr'>Qiii&#39;s</span> <span class='ocrx_word' id='word_1_434' title='bbox 985 2910 1105 2968; x_wconf 62' lang='lat' dir='ltr'>alterius</span> <span class='ocrx_word' id='word_1_435' title='bbox 1122 2910 1310 2965; x_wconf 76' lang='lat' dir='ltr'>substituere.</span> <span class='ocrx_word' id='word_1_436' title='bbox 1328 2909 1430 2964; x_wconf 73' lang='lat' dir='ltr'>Linon.</span> 
     </span>
    </p>
   </div>
   <div class='ocr_carea' id='block_1_19' title="bbox 127 2972 1945 3205">
    <p class='ocr_par' dir='ltr' id='par_1_21' title="bbox 127 2972 1945 3205">
     <span class='ocr_line' id='line_1_35' title="bbox 127 2972 1945 3060; baseline 0.001 -33"><span class='ocrx_word' id='word_1_437' title='bbox 127 2972 328 3053; x_wconf 73' lang='lat' dir='ltr'>tibtoctnorn.</span> <span class='ocrx_word' id='word_1_438' title='bbox 353 2988 414 3057; x_wconf 80' lang='lat' dir='ltr'>enm</span> <span class='ocrx_word' id='word_1_439' title='bbox 437 2973 594 3035; x_wconf 75' lang='lat' dir='ltr'>invenisset,</span> <span class='ocrx_word' id='word_1_440' title='bbox 618 2972 715 3028; x_wconf 81' lang='lat' dir='ltr'>celauit</span> <span class='ocrx_word' id='word_1_441' title='bbox 738 2980 787 3027; x_wconf 87' lang='lat' dir='ltr'>ant</span> <span class='ocrx_word' id='word_1_442' title='bbox 810 2973 931 3057; x_wconf 76' lang='lat' dir='ltr'>tieadiilit</span> <span class='ocrx_word' id='word_1_443' title='bbox 1021 2992 1077 3060; x_wconf 73' lang='grc'>((0)</span> <span class='ocrx_word' id='word_1_444' title='bbox 1095 2990 1172 3055; x_wconf 55' lang='lat' dir='ltr'>Cum,</span> <span class='ocrx_word' id='word_1_445' title='bbox 1189 2991 1214 3046; x_wconf 62' lang='lat'>52·</span> <span class='ocrx_word' id='word_1_446' title='bbox 1237 2990 1318 3055; x_wconf 52' lang='lat' dir='ltr'>meso,</span> <span class='ocrx_word' id='word_1_447' title='bbox 1343 3005 1399 3043; x_wconf 91' lang='lat' dir='ltr'>non</span> <span class='ocrx_word' id='word_1_448' title='bbox 1424 2987 1569 3058; x_wconf 51' lang='lat' dir='ltr'>instigatio</span> <span class='ocrx_word' id='word_1_449' title='bbox 1592 2985 1724 3043; x_wconf 64' lang='lat' dir='ltr'>dmm,</span> <span class='ocrx_word' id='word_1_450' title='bbox 1734 2986 1813 3059; x_wconf 60' lang='lat' dir='ltr'>judi.</span> <span class='ocrx_word' id='word_1_451' title='bbox 1919 3012 1945 3036; x_wconf 77' lang='lat'>·‚</span> 
     </span>
     <span class='ocr_line' id='line_1_36' title="bbox 128 3043 1945 3133; baseline -0.002 -15"><span class='ocrx_word' id='word_1_452' title='bbox 128 3056 180 3113; x_wconf 73' lang='grc'>000</span> <span class='ocrx_word' id='word_1_453' title='bbox 201 3044 312 3125; x_wconf 63' lang='grc'><strong>000000</strong></span> <span class='ocrx_word' id='word_1_454' title='bbox 337 3043 484 3126; x_wconf 61' lang='grc'><strong>00000000</strong></span> <span class='ocrx_word' id='word_1_455' title='bbox 506 3045 680 3125; x_wconf 70' lang='grc' dir='ltr'><strong>0000000οθ</strong></span> <span class='ocrx_word' id='word_1_456' title='bbox 702 3060 734 3127; x_wconf 86' lang='grc'>,00</span> <span class='ocrx_word' id='word_1_457' title='bbox 759 3044 827 3127; x_wconf 72' lang='grc'><strong>0000,</strong></span> <span class='ocrx_word' id='word_1_458' title='bbox 843 3046 931 3111; x_wconf 68' lang='grc' dir='ltr'><strong>0000ον</strong></span> <span class='ocrx_word' id='word_1_459' title='bbox 984 3070 1058 3118; x_wconf 83' lang='lat' dir='ltr'>caret</span> <span class='ocrx_word' id='word_1_460' title='bbox 1079 3061 1196 3133; x_wconf 84' lang='lat' dir='ltr'>nrqends&#39;</span> <span class='ocrx_word' id='word_1_461' title='bbox 1222 3061 1320 3129; x_wconf 79' lang='lat' dir='ltr'>mnqis.</span> <span class='ocrx_word' id='word_1_462' title='bbox 1350 3064 1402 3115; x_wconf 87' lang='lat' dir='ltr'>lle.</span> <span class='ocrx_word' id='word_1_463' title='bbox 1428 3058 1583 3129; x_wconf 78' lang='lat' dir='ltr'>sequendi:</span> <span class='ocrx_word' id='word_1_464' title='bbox 1607 3056 1683 3115; x_wconf 86' lang='lat' dir='ltr'>mule</span> <span class='ocrx_word' id='word_1_465' title='bbox 1701 3058 1814 3115; x_wconf 85' lang='lat' dir='ltr'>editum</span> <span class='ocrx_word' id='word_1_466' title='bbox 1910 3084 1915 3095; x_wconf 70' lang='lat'><em>¹</em></span> <span class='ocrx_word' id='word_1_467' title='bbox 1940 3084 1945 3096; x_wconf 88' lang='lat'>·</span> 
     </span>
     <span class='ocr_line' id='line_1_37' title="bbox 129 3115 1928 3205; baseline 0.001 -19"><span class='ocrx_word' id='word_1_468' title='bbox 129 3120 223 3186; x_wconf 73' lang='grc' dir='ltr'><strong>00οΡ00</strong></span> <span class='ocrx_word' id='word_1_469' title='bbox 239 3120 331 3187; x_wconf 77' lang='grc'><strong>00000</strong></span> <span class='ocrx_word' id='word_1_470' title='bbox 346 3116 485 3171; x_wconf 70' lang='grc'><strong>00000000·</strong></span> <span class='ocrx_word' id='word_1_471' title='bbox 497 3115 630 3171; x_wconf 72' lang='grc'><strong>0000000</strong></span> <span class='ocrx_word' id='word_1_472' title='bbox 640 3116 725 3171; x_wconf 70' lang='grc'><strong>00000</strong></span> <span class='ocrx_word' id='word_1_473' title='bbox 738 3132 795 3173; x_wconf 91' lang='grc'>000</span> <span class='ocrx_word' id='word_1_474' title='bbox 809 3116 931 3189; x_wconf 76' lang='grc'><strong>000000·</strong></span> <span class='ocrx_word' id='word_1_475' title='bbox 986 3139 1048 3190; x_wconf 84' lang='lat' dir='ltr'>erat</span> <span class='ocrx_word' id='word_1_476' title='bbox 1061 3134 1206 3203; x_wconf 69' lang='lat' dir='ltr'>urguendi,</span> <span class='ocrx_word' id='word_1_477' title='bbox 1221 3132 1330 3205; x_wconf 83' lang='lat' dir='ltr'>Supple</span> <span class='ocrx_word' id='word_1_478' title='bbox 1344 3148 1407 3187; x_wconf 78' lang='lat' dir='ltr'>cirin</span> <span class='ocrx_word' id='word_1_479' title='bbox 1426 3131 1541 3203; x_wconf 77' lang='lat' dir='ltr'>serpendi</span> <span class='ocrx_word' id='word_1_480' title='bbox 1559 3128 1717 3188; x_wconf 76' lang='lat' dir='ltr'>Christiani</span> <span class='ocrx_word' id='word_1_481' title='bbox 1731 3132 1816 3187; x_wconf 78' lang='lat' dir='ltr'>erant</span> <span class='ocrx_word' id='word_1_482' title='bbox 1923 3164 1928 3175; x_wconf 94' lang='lat'>·</span> 
     </span>
    </p>
   </div>
   <div class='ocr_carea' id='block_1_20' title="bbox 131 3182 1940 3329">
    <p class='ocr_par' dir='ltr' id='par_1_22' title="bbox 131 3182 1940 3329">
     <span class='ocr_line' id='line_1_38' title="bbox 131 3182 1940 3329; baseline 0.009 -89"><span class='ocrx_word' id='word_1_483' title='bbox 131 3182 231 3242; x_wconf 81' lang='lat' dir='ltr'>imino.</span> <span class='ocrx_word' id='word_1_484' title='bbox 986 3205 1031 3263; x_wconf 86' lang='lat' dir='ltr'>rel</span> <span class='ocrx_word' id='word_1_485' title='bbox 1046 3210 1154 3261; x_wconf 83' lang='lat' dir='ltr'>essent.</span> <span class='ocrx_word' id='word_1_486' title='bbox 1168 3204 1288 3260; x_wconf 71' lang='lat' dir='ltr'>imario.</span> <span class='ocrx_word' id='word_1_487' title='bbox 1304 3234 1338 3245; x_wconf 96' lang='lat'>-</span> <span class='ocrx_word' id='word_1_488' title='bbox 1353 3208 1545 3259; x_wconf 77' lang='lat' dir='ltr'>heumannus</span> <span class='ocrx_word' id='word_1_489' title='bbox 1565 3200 1597 3255; x_wconf 87' lang='grc' dir='ltr'>τὸ</span> <span class='ocrx_word' id='word_1_490' title='bbox 1615 3203 1704 3329; x_wconf 57' lang='lat' dir='ltr'>magis</span> <span class='ocrx_word' id='word_1_491' title='bbox 1717 3200 1814 3275; x_wconf 89' lang='lat' dir='ltr'>ejecit,</span> <span class='ocrx_word' id='word_1_492' title='bbox 1899 3256 1902 3261; x_wconf 88' lang='grc'><strong>,</strong></span> <span class='ocrx_word' id='word_1_493' title='bbox 1918 3230 1940 3256; x_wconf 87' lang='grc'>.·</span> 
     </span>
    </p>
   </div>
   <div class='ocr_carea' id='block_1_21' title="bbox 153 3256 932 3331">
    <p class='ocr_par' dir='ltr' id='par_1_23' title="bbox 153 3256 932 3331">
     <span class='ocr_line' id='line_1_39' title="bbox 153 3256 932 3331; baseline 0.004 -19"><span class='ocrx_word' id='word_1_494' title='bbox 153 3258 198 3329; x_wconf 74' lang='lat' dir='ltr'>(tlt</span> <span class='ocrx_word' id='word_1_495' title='bbox 212 3258 315 3313; x_wconf 69' lang='lat' dir='ltr'>datum</span> <span class='ocrx_word' id='word_1_496' title='bbox 337 3267 441 3313; x_wconf 87' lang='lat' dir='ltr'>autem.</span> <span class='ocrx_word' id='word_1_497' title='bbox 457 3256 516 3313; x_wconf 88' lang='lat' dir='ltr'>Hoc</span> <span class='ocrx_word' id='word_1_498' title='bbox 539 3262 602 3313; x_wconf 89' lang='lat' dir='ltr'>eat:</span> <span class='ocrx_word' id='word_1_499' title='bbox 628 3275 681 3315; x_wconf 87' lang='lat' dir='ltr'>nec</span> <span class='ocrx_word' id='word_1_500' title='bbox 697 3256 932 3331; x_wconf 81' lang='lat' dir='ltr'>intelligebamus</span> 
     </span>
    </p>
   </div>
   <div class='ocr_carea' id='block_1_22' title="bbox 132 3274 1942 3407">
    <p class='ocr_par' dir='ltr' id='par_1_24' title="bbox 132 3274 1943 3407">
     <span class='ocr_line' id='line_1_40' title="bbox 132 3274 1942 3407; baseline -0.003 -23"><span class='ocrx_word' id='word_1_501' title='bbox 132 3328 217 3384; x_wconf 88' lang='lat' dir='ltr'>nilum</span> <span class='ocrx_word' id='word_1_502' title='bbox 232 3331 306 3385; x_wconf 92' lang='lat' dir='ltr'>adeo</span> <span class='ocrx_word' id='word_1_503' title='bbox 321 3346 379 3385; x_wconf 93' lang='lat' dir='ltr'>non</span> <span class='ocrx_word' id='word_1_504' title='bbox 395 3346 470 3399; x_wconf 88' lang='lat' dir='ltr'>esse,</span> <span class='ocrx_word' id='word_1_505' title='bbox 495 3333 528 3385; x_wconf 95' lang='lat' dir='ltr'>ut</span> <span class='ocrx_word' id='word_1_506' title='bbox 550 3330 646 3403; x_wconf 91' lang='lat' dir='ltr'>potius</span> <span class='ocrx_word' id='word_1_507' title='bbox 666 3330 849 3388; x_wconf 87' lang='lat' dir='ltr'>Christianus</span> <span class='ocrx_word' id='word_1_508' title='bbox 865 3348 932 3387; x_wconf 91' lang='lat' dir='ltr'>rcus</span> <span class='ocrx_word' id='word_1_509' title='bbox 987 3278 1064 3407; x_wconf 54' lang='lat' dir='ltr'>{uod</span> <span class='ocrx_word' id='word_1_510' title='bbox 1080 3276 1156 3334; x_wconf 54' lang='lat' dir='ltr'><strong>valet</strong></span> <span class='ocrx_word' id='word_1_511' title='bbox 1166 3278 1266 3349; x_wconf 58' lang='lat' dir='ltr'><em>poum’</em></span> <span class='ocrx_word' id='word_1_512' title='bbox 1282 3292 1346 3349; x_wconf 43' lang='grc' dir='ltr'>θῆρ’</span> <span class='ocrx_word' id='word_1_513' title='bbox 1360 3276 1389 3347; x_wconf 71' lang='lat'>5’</span> <span class='ocrx_word' id='word_1_514' title='bbox 1405 3280 1434 3331; x_wconf 53' lang='grc' dir='ltr'>οι</span> <span class='ocrx_word' id='word_1_515' title='bbox 1448 3274 1553 3331; x_wconf 57' lang='lat' dir='ltr'><strong>witut</strong></span> <span class='ocrx_word' id='word_1_516' title='bbox 1566 3290 1654 3346; x_wconf 58' lang='lat' dir='ltr'>mm</span> <span class='ocrx_word' id='word_1_517' title='bbox 1673 3290 1721 3329; x_wconf 67' lang='lat' dir='ltr'>um</span> <span class='ocrx_word' id='word_1_518' title='bbox 1733 3280 1813 3332; x_wconf 53' lang='lat' dir='ltr'>‘sm&#39;</span> <span class='ocrx_word' id='word_1_519' title='bbox 1895 3332 1899 3351; x_wconf 77' lang='lat'><em>⁵</em></span> <span class='ocrx_word' id='word_1_520' title='bbox 1926 3324 1942 3375; x_wconf 71' lang='grc' dir='ltr'>ι’.</span> 
     </span>
    </p>
   </div>
   <div class='ocr_carea' id='block_1_23' title="bbox 947 3352 1093 3419">
    <p class='ocr_par' dir='ltr' id='par_1_25' title="bbox 947 3352 1093 3419">
     <span class='ocr_line' id='line_1_41' title="bbox 947 3352 1093 3419; baseline -0.014 -14"><span class='ocrx_word' id='word_1_521' title='bbox 947 3352 969 3419; x_wconf 82' lang='lat' dir='ltr'><strong>c</strong></span> <span class='ocrx_word' id='word_1_522' title='bbox 1013 3367 1093 3407; x_wconf 77' lang='lat' dir='ltr'>ineu.</span> 
     </span>
    </p>
   </div>
   <div class='ocr_carea' id='block_1_24' title="bbox 133 3388 1942 3492">
    <p class='ocr_par' dir='ltr' id='par_1_26' title="bbox 133 3388 1942 3492">
     <span class='ocr_line' id='line_1_42' title="bbox 133 3388 1942 3492; baseline 0.003 -39"><span class='ocrx_word' id='word_1_523' title='bbox 133 3412 168 3455; x_wconf 84' lang='lat' dir='ltr'>ies</span> <span class='ocrx_word' id='word_1_524' title='bbox 179 3404 368 3471; x_wconf 87' lang='lat' dir='ltr'>erubesceret,</span> <span class='ocrx_word' id='word_1_525' title='bbox 382 3406 437 3457; x_wconf 90' lang='lat' dir='ltr'>eto.</span> <span class='ocrx_word' id='word_1_526' title='bbox 464 3402 637 3457; x_wconf 70' lang='lat' dir='ltr'>actionibus</span> <span class='ocrx_word' id='word_1_527' title='bbox 659 3402 738 3457; x_wconf 91' lang='lat' dir='ltr'>enim</span> <span class='ocrx_word' id='word_1_528' title='bbox 754 3402 841 3459; x_wconf 87' lang='lat' dir='ltr'>malis</span> <span class='ocrx_word' id='word_1_529' title='bbox 855 3403 933 3459; x_wconf 87' lang='lat' dir='ltr'>inest</span> <span class='ocrx_word' id='word_1_530' title='bbox 1023 3422 1081 3492; x_wconf 71' lang='lat' dir='ltr'>(qq)</span> <span class='ocrx_word' id='word_1_531' title='bbox 1105 3422 1158 3477; x_wconf 61' lang='lat' dir='ltr'>,vec</span> <span class='ocrx_word' id='word_1_532' title='bbox 1184 3426 1275 3477; x_wconf 62' lang='lat' dir='ltr'>gamm</span> <span class='ocrx_word' id='word_1_533' title='bbox 1298 3420 1416 3485; x_wconf 66' lang='lat' dir='ltr'>mirum,</span> <span class='ocrx_word' id='word_1_534' title='bbox 1440 3434 1504 3473; x_wconf 57' lang='lat' dir='ltr'>mm</span> <span class='ocrx_word' id='word_1_535' title='bbox 1525 3416 1652 3474; x_wconf 64' lang='lat' dir='ltr'>omnium</span> <span class='ocrx_word' id='word_1_536' title='bbox 1673 3418 1762 3487; x_wconf 64' lang='lat' dir='ltr'>sama,</span> <span class='ocrx_word' id='word_1_537' title='bbox 1782 3414 1814 3473; x_wconf 71' lang='lat' dir='ltr'>si</span> <span class='ocrx_word' id='word_1_538' title='bbox 1913 3388 1942 3399; x_wconf 70' lang='grc'>”</span> 
     </span>
    </p>
   </div>
   <div class='ocr_carea' id='block_1_25' title="bbox 148 3472 1943 3615">
    <p class='ocr_par' dir='ltr' id='par_1_27' title="bbox 148 3472 1943 3615">
     <span class='ocr_line' id='line_1_43' title="bbox 148 3472 1943 3615; baseline -0.003 -68"><span class='ocrx_word' id='word_1_539' title='bbox 148 3472 203 3527; x_wconf 75' lang='grc'><strong>0000</strong></span> <span class='ocrx_word' id='word_1_540' title='bbox 223 3474 344 3547; x_wconf 90' lang='lat' dir='ltr'>quidam</span> <span class='ocrx_word' id='word_1_541' title='bbox 368 3473 510 3530; x_wconf 74' lang='grc'><strong>00000000</strong></span> <span class='ocrx_word' id='word_1_542' title='bbox 533 3474 707 3545; x_wconf 65' lang='grc'><strong>0003000000</strong></span> <span class='ocrx_word' id='word_1_543' title='bbox 731 3490 799 3530; x_wconf 74' lang='grc'><strong>0000</strong></span> <span class='ocrx_word' id='word_1_544' title='bbox 817 3476 932 3531; x_wconf 77' lang='grc'><strong>000000·</strong></span> <span class='ocrx_word' id='word_1_545' title='bbox 987 3491 1061 3550; x_wconf 90' lang='lat' dir='ltr'>nihil</span> <span class='ocrx_word' id='word_1_546' title='bbox 1077 3492 1141 3549; x_wconf 89' lang='lat' dir='ltr'>heic</span> <span class='ocrx_word' id='word_1_547' title='bbox 1155 3492 1299 3547; x_wconf 89' lang='lat' dir='ltr'>omissum</span> <span class='ocrx_word' id='word_1_548' title='bbox 1315 3493 1360 3545; x_wconf 89' lang='lat' dir='ltr'>est</span> <span class='ocrx_word' id='word_1_549' title='bbox 1373 3489 1403 3545; x_wconf 91' lang='lat' dir='ltr'>iii</span> <span class='ocrx_word' id='word_1_550' title='bbox 1419 3488 1587 3562; x_wconf 85' lang='lat' dir='ltr'>exemplari,</span> <span class='ocrx_word' id='word_1_551' title='bbox 1599 3492 1661 3543; x_wconf 86' lang='lat' dir='ltr'>tola</span> <span class='ocrx_word' id='word_1_552' title='bbox 1675 3486 1814 3615; x_wconf 69' lang='lat' dir='ltr'>periodus</span> <span class='ocrx_word' id='word_1_553' title='bbox 1928 3528 1943 3541; x_wconf 88' lang='lat'>..</span> 
     </span>
    </p>
   </div>
   <div class='ocr_carea' id='block_1_26' title="bbox 151 3558 1926 3707">
    <p class='ocr_par' dir='ltr' id='par_1_28' title="bbox 151 3558 1926 3707">
     <span class='ocr_line' id='line_1_44' title="bbox 151 3558 1926 3629; baseline 0.002 -16"><span class='ocrx_word' id='word_1_554' title='bbox 151 3558 209 3601; x_wconf 70' lang='grc'><strong>100·</strong></span> <span class='ocrx_word' id='word_1_555' title='bbox 659 3615 666 3629; x_wconf 87' lang='grc'><strong>,</strong></span> <span class='ocrx_word' id='word_1_556' title='bbox 987 3566 1028 3622; x_wconf 88' lang='lat' dir='ltr'>ita</span> <span class='ocrx_word' id='word_1_557' title='bbox 1052 3564 1256 3621; x_wconf 86' lang='lat' dir='ltr'>constituenda</span> <span class='ocrx_word' id='word_1_558' title='bbox 1279 3566 1323 3620; x_wconf 90' lang='lat' dir='ltr'>est</span> <span class='ocrx_word' id='word_1_559' title='bbox 1344 3566 1377 3617; x_wconf 94' lang='lat' dir='ltr'>ut</span> <span class='ocrx_word' id='word_1_560' title='bbox 1400 3560 1437 3617; x_wconf 88' lang='lat' dir='ltr'>ali</span> <span class='ocrx_word' id='word_1_561' title='bbox 1462 3561 1508 3617; x_wconf 91' lang='lat' dir='ltr'>uis</span> <span class='ocrx_word' id='word_1_562' title='bbox 1533 3576 1638 3617; x_wconf 90' lang='lat' dir='ltr'>sensus</span> <span class='ocrx_word' id='word_1_563' title='bbox 1659 3558 1813 3617; x_wconf 90' lang='lat' dir='ltr'>eiciatur:</span> <span class='ocrx_word' id='word_1_564' title='bbox 1913 3572 1926 3581; x_wconf 89' lang='grc'>·“</span> 
     </span>
     <span class='ocr_line' id='line_1_45' title="bbox 158 3578 1912 3707; baseline 0.003 -25"><span class='ocrx_word' id='word_1_565' title='bbox 158 3616 201 3681; x_wconf 64' lang='grc'><strong>(03)</strong></span> <span class='ocrx_word' id='word_1_566' title='bbox 216 3616 305 3671; x_wconf 65' lang='lat' dir='ltr'>Utinm</span> <span class='ocrx_word' id='word_1_567' title='bbox 329 3614 503 3671; x_wconf 71' lang='lat' dir='ltr'>⁸0¹¹¹mm⁰d0</span> <span class='ocrx_word' id='word_1_568' title='bbox 519 3656 526 3673; x_wconf 93' lang='lat'><strong>·</strong></span> <span class='ocrx_word' id='word_1_569' title='bbox 544 3656 551 3669; x_wconf 93' lang='lat'><strong>·</strong></span> <span class='ocrx_word' id='word_1_570' title='bbox 569 3658 575 3671; x_wconf 94' lang='lat'>·</span> <span class='ocrx_word' id='word_1_571' title='bbox 590 3620 744 3688; x_wconf 67' lang='grc'><strong>0000000·</strong></span> <span class='ocrx_word' id='word_1_572' title='bbox 771 3616 836 3673; x_wconf 82' lang='grc'>000</span> <span class='ocrx_word' id='word_1_573' title='bbox 861 3633 934 3673; x_wconf 89' lang='grc'><strong>000·</strong></span> <span class='ocrx_word' id='word_1_574' title='bbox 987 3638 1125 3694; x_wconf 86' lang='lat' dir='ltr'>liisenim</span> <span class='ocrx_word' id='word_1_575' title='bbox 1147 3644 1174 3691; x_wconf 92' lang='lat' dir='ltr'>ct</span> <span class='ocrx_word' id='word_1_576' title='bbox 1197 3632 1356 3707; x_wconf 76' lang='lat' dir='ltr'>hujusmodi</span> <span class='ocrx_word' id='word_1_577' title='bbox 1378 3578 1483 3705; x_wconf 41' lang='lat' dir='ltr'>tabuiis</span> <span class='ocrx_word' id='word_1_578' title='bbox 1506 3631 1591 3687; x_wconf 86' lang='lat' dir='ltr'>iidem</span> <span class='ocrx_word' id='word_1_579' title='bbox 1613 3630 1752 3689; x_wconf 50' lang='lat' dir='ltr'>&amp;omnes</span> <span class='ocrx_word' id='word_1_580' title='bbox 1774 3630 1813 3687; x_wconf 86' lang='lat' dir='ltr'>ud</span> <span class='ocrx_word' id='word_1_581' title='bbox 1907 3653 1912 3661; x_wconf 91' lang='lat'>·</span> 
     </span>
    </p>
   </div>
   <div class='ocr_carea' id='block_1_27' title="bbox 117 3687 1944 3925">
    <p class='ocr_par' dir='ltr' id='par_1_29' title="bbox 117 3687 1944 3925">
     <span class='ocr_line' id='line_1_46' title="bbox 137 3687 1915 3777; baseline 0.011 -38"><span class='ocrx_word' id='word_1_582' title='bbox 137 3688 228 3769; x_wconf 80' lang='lat' dir='ltr'>unctio</span> <span class='ocrx_word' id='word_1_583' title='bbox 241 3690 310 3744; x_wconf 87' lang='lat' dir='ltr'>licet</span> <span class='ocrx_word' id='word_1_584' title='bbox 333 3688 464 3770; x_wconf 60' lang='lat' dir='ltr'>insolens</span> <span class='ocrx_word' id='word_1_585' title='bbox 488 3687 581 3758; x_wconf 69' lang='lat' dir='ltr'>ll⁰⁸⁸it</span> <span class='ocrx_word' id='word_1_586' title='bbox 605 3688 707 3771; x_wconf 65' lang='grc'><strong>(0000·</strong></span> <span class='ocrx_word' id='word_1_587' title='bbox 733 3688 817 3743; x_wconf 72' lang='grc'><strong>0000</strong></span> <span class='ocrx_word' id='word_1_588' title='bbox 835 3694 933 3773; x_wconf 76' lang='grc'><strong>00000</strong></span> <span class='ocrx_word' id='word_1_589' title='bbox 986 3708 1185 3765; x_wconf 77' lang='lat' dir='ltr'>exsecrationis</span> <span class='ocrx_word' id='word_1_590' title='bbox 1205 3707 1346 3763; x_wconf 83' lang='lat' dir='ltr'>horrorem</span> <span class='ocrx_word' id='word_1_591' title='bbox 1367 3706 1558 3777; x_wconf 84' lang='lat' dir='ltr'>imperitorum</span> <span class='ocrx_word' id='word_1_592' title='bbox 1580 3719 1664 3760; x_wconf 86' lang='lat' dir='ltr'>onres</span> <span class='ocrx_word' id='word_1_593' title='bbox 1686 3702 1815 3759; x_wconf 86' lang='lat' dir='ltr'>aduersus</span> <span class='ocrx_word' id='word_1_594' title='bbox 1910 3723 1915 3733; x_wconf 95' lang='lat'>·</span> 
     </span>
     <span class='ocr_line' id='line_1_47' title="bbox 117 3760 1936 3852; baseline -0.003 -18"><span class='ocrx_word' id='word_1_595' title='bbox 117 3761 284 3847; x_wconf 77' lang='grc'><strong>-0000000,</strong></span> <span class='ocrx_word' id='word_1_596' title='bbox 301 3760 557 3845; x_wconf 66' lang='grc' dir='ltr'><strong>0000180000οῗ·</strong></span> <span class='ocrx_word' id='word_1_597' title='bbox 583 3760 689 3843; x_wconf 68' lang='grc'><strong>000000,</strong></span> <span class='ocrx_word' id='word_1_598' title='bbox 705 3760 889 3847; x_wconf 60' lang='grc'><strong>00000000·</strong></span> <span class='ocrx_word' id='word_1_599' title='bbox 904 3779 931 3829; x_wconf 91' lang='lat' dir='ltr'>v,</span> <span class='ocrx_word' id='word_1_600' title='bbox 987 3797 1036 3837; x_wconf 90' lang='lat' dir='ltr'>nos</span> <span class='ocrx_word' id='word_1_601' title='bbox 1052 3787 1229 3852; x_wconf 73' lang='lat' dir='ltr'>retorserunt.</span> <span class='ocrx_word' id='word_1_602' title='bbox 1249 3780 1302 3835; x_wconf 80' lang='lat' dir='ltr'>il&#39;ec</span> <span class='ocrx_word' id='word_1_603' title='bbox 1325 3782 1417 3834; x_wconf 77' lang='lat' dir='ltr'>tannen</span> <span class='ocrx_word' id='word_1_604' title='bbox 1440 3778 1554 3831; x_wconf 76' lang='lat' dir='ltr'>minim.</span> <span class='ocrx_word' id='word_1_605' title='bbox 1580 3776 1649 3830; x_wconf 86' lang='lat' dir='ltr'>Cum</span> <span class='ocrx_word' id='word_1_606' title='bbox 1671 3774 1814 3832; x_wconf 83' lang='lat' dir='ltr'>bominum</span> <span class='ocrx_word' id='word_1_607' title='bbox 1880 3800 1898 3817; x_wconf 61' lang='grc' dir='ltr'>ι-</span> <span class='ocrx_word' id='word_1_608' title='bbox 1930 3786 1936 3800; x_wconf 89' lang='grc'><em>·</em></span> 
     </span>
     <span class='ocr_line' id='line_1_48' title="bbox 139 3832 1944 3925; baseline 0 -24"><span class='ocrx_word' id='word_1_609' title='bbox 139 3832 240 3901; x_wconf 60' lang='lat' dir='ltr'>‘iffi‘</span> <span class='ocrx_word' id='word_1_610' title='bbox 265 3836 409 3904; x_wconf 67' lang='grc'><strong>00100000</strong></span> <span class='ocrx_word' id='word_1_611' title='bbox 435 3835 474 3887; x_wconf 79' lang='grc'>00</span> <span class='ocrx_word' id='word_1_612' title='bbox 497 3847 571 3886; x_wconf 69' lang='lat' dir='ltr'>mim</span> <span class='ocrx_word' id='word_1_613' title='bbox 592 3848 746 3902; x_wconf 71' lang='grc'><strong>1000000,</strong></span> <span class='ocrx_word' id='word_1_614' title='bbox 765 3833 840 3888; x_wconf 67' lang='lat' dir='ltr'>”ihil</span> <span class='ocrx_word' id='word_1_615' title='bbox 864 3833 934 3903; x_wconf 86' lang='lat' dir='ltr'>qood</span> <span class='ocrx_word' id='word_1_616' title='bbox 987 3858 1073 3925; x_wconf 72' lang='lat' dir='ltr'>tama,</span> <span class='ocrx_word' id='word_1_617' title='bbox 1110 3866 1174 3925; x_wconf 57' lang='lat' dir='ltr'>quac</span> <span class='ocrx_word' id='word_1_618' title='bbox 1209 3865 1315 3921; x_wconf 82' lang='lat' dir='ltr'>semper</span> <span class='ocrx_word' id='word_1_619' title='bbox 1351 3850 1487 3919; x_wconf 84' lang='lat' dir='ltr'>insparsis</span> <span class='ocrx_word' id='word_1_620' title='bbox 1520 3846 1672 3903; x_wconf 82' lang='lat' dir='ltr'>mendaciis</span> <span class='ocrx_word' id='word_1_621' title='bbox 1711 3848 1814 3915; x_wconf 82' lang='lat' dir='ltr'>alitur,</span> <span class='ocrx_word' id='word_1_622' title='bbox 1897 3850 1900 3855; x_wconf 88' lang='lat'>&#39;</span> <span class='ocrx_word' id='word_1_623' title='bbox 1939 3854 1944 3865; x_wconf 93' lang='grc'><strong><em>·</em></strong></span> 
     </span>
    </p>
   </div>
   <div class='ocr_carea' id='block_1_28' title="bbox 129 3902 1943 4859">
    <p class='ocr_par' dir='ltr' id='par_1_30' title="bbox 129 3902 1943 4859">
     <span class='ocr_line' id='line_1_49' title="bbox 137 3902 1815 4031; baseline -0.001 -55"><span class='ocrx_word' id='word_1_624' title='bbox 137 3904 238 4031; x_wconf 43' lang='lat' dir='ltr'>mim</span> <span class='ocrx_word' id='word_1_625' title='bbox 249 3906 347 3986; x_wconf 60' lang='lat' dir='ltr'>With</span> <span class='ocrx_word' id='word_1_626' title='bbox 364 3904 558 3989; x_wconf 67' lang='grc' dir='ltr'><strong>[(00οχ00000</strong></span> <span class='ocrx_word' id='word_1_627' title='bbox 574 3902 606 3959; x_wconf 86' lang='grc'>00</span> <span class='ocrx_word' id='word_1_628' title='bbox 630 3904 734 4006; x_wconf 69' lang='grc'><strong>000000·</strong></span> <span class='ocrx_word' id='word_1_629' title='bbox 751 3903 848 3987; x_wconf 73' lang='lat' dir='ltr'>lib-‚¹¹0</span> <span class='ocrx_word' id='word_1_630' title='bbox 866 3921 932 4007; x_wconf 76' lang='lat' dir='ltr'>pag.</span> <span class='ocrx_word' id='word_1_631' title='bbox 987 3927 1092 3981; x_wconf 84' lang='lat' dir='ltr'>ostensa</span> <span class='ocrx_word' id='word_1_632' title='bbox 1113 3924 1229 4005; x_wconf 78' lang='lat' dir='ltr'>ueritate</span> <span class='ocrx_word' id='word_1_633' title='bbox 1246 3922 1438 4005; x_wconf 36' lang='lat' dir='ltr'>&#39;corisumitnm</span> <span class='ocrx_word' id='word_1_634' title='bbox 1464 3922 1504 3977; x_wconf 86' lang='lat' dir='ltr'>sic</span> <span class='ocrx_word' id='word_1_635' title='bbox 1530 3926 1572 3975; x_wconf 87' lang='lat' dir='ltr'>est</span> <span class='ocrx_word' id='word_1_636' title='bbox 1595 3918 1736 4001; x_wconf 72' lang='lat' dir='ltr'>negotium</span> <span class='ocrx_word' id='word_1_637' title='bbox 1756 3916 1815 3975; x_wconf 74' lang='lat' dir='ltr'>dae·</span> 
     </span>
     <span class='ocr_line' id='line_1_50' title="bbox 169 3973 1924 4116; baseline -0.003 -68"><span class='ocrx_word' id='word_1_638' title='bbox 169 3973 933 4077; x_wconf 62' lang='grc' dir='ltr'><strong>·,00010οῙ00ῑοοξ000000(0000000000οίοξ-</strong></span> <span class='ocrx_word' id='word_1_639' title='bbox 988 3994 1170 4061; x_wconf 60' lang='lat' dir='ltr'>monuerunt</span> <span class='ocrx_word' id='word_1_640' title='bbox 1197 4008 1263 4065; x_wconf 80' lang='lat' dir='ltr'>ipsis</span> <span class='ocrx_word' id='word_1_641' title='bbox 1292 4009 1366 4049; x_wconf 89' lang='lat' dir='ltr'>enim</span> <span class='ocrx_word' id='word_1_642' title='bbox 1387 4008 1483 4047; x_wconf 88' lang='lat' dir='ltr'>rumor</span> <span class='ocrx_word' id='word_1_643' title='bbox 1503 3992 1598 4116; x_wconf 52' lang='lat' dir='ltr'>(alsus</span> <span class='ocrx_word' id='word_1_644' title='bbox 1625 3996 1650 4045; x_wconf 88' lang='lat' dir='ltr'>et</span> <span class='ocrx_word' id='word_1_645' title='bbox 1670 3993 1816 4047; x_wconf 83' lang='lat' dir='ltr'>serituret</span> <span class='ocrx_word' id='word_1_646' title='bbox 1919 4068 1924 4079; x_wconf 40' lang='grc' dir='ltr'>Ι</span> 
     </span>
     <span class='ocr_line' id='line_1_51' title="bbox 137 4042 1815 4173; baseline -0.007 -47"><span class='ocrx_word' id='word_1_647' title='bbox 137 4042 277 4173; x_wconf 53' lang='lat' dir='ltr'>mm</span> <span class='ocrx_word' id='word_1_648' title='bbox 301 4051 335 4103; x_wconf 71' lang='grc'>0·</span> <span class='ocrx_word' id='word_1_649' title='bbox 358 4046 483 4103; x_wconf 78' lang='grc'><strong>000000</strong></span> <span class='ocrx_word' id='word_1_650' title='bbox 507 4048 581 4102; x_wconf 63' lang='lat' dir='ltr'>Nm·</span> <span class='ocrx_word' id='word_1_651' title='bbox 598 4048 650 4102; x_wconf 72' lang='grc'>00·</span> <span class='ocrx_word' id='word_1_652' title='bbox 670 4046 721 4103; x_wconf 84' lang='grc'>00·</span> <span class='ocrx_word' id='word_1_653' title='bbox 747 4064 809 4117; x_wconf 70' lang='grc' dir='ltr'>00οι</span> <span class='ocrx_word' id='word_1_654' title='bbox 826 4064 889 4121; x_wconf 76' lang='grc'><strong>000·</strong></span> <span class='ocrx_word' id='word_1_655' title='bbox 904 4084 932 4103; x_wconf 65' lang='lat'>⁹·</span> <span class='ocrx_word' id='word_1_656' title='bbox 987 4073 1104 4141; x_wconf 67' lang='lat' dir='ltr'>[otietur.</span> <span class='ocrx_word' id='word_1_657' title='bbox 1123 4066 1174 4121; x_wconf 89' lang='lat' dir='ltr'>llla</span> <span class='ocrx_word' id='word_1_658' title='bbox 1188 4070 1285 4120; x_wconf 89' lang='lat' dir='ltr'>autem</span> <span class='ocrx_word' id='word_1_659' title='bbox 1304 4063 1402 4128; x_wconf 76' lang='lat' dir='ltr'>verba:</span> <span class='ocrx_word' id='word_1_660' title='bbox 1417 4080 1478 4119; x_wconf 87' lang='lat' dir='ltr'>eum</span> <span class='ocrx_word' id='word_1_661' title='bbox 1522 4076 1646 4117; x_wconf 79' lang='lat' dir='ltr'>ominum</span> <span class='ocrx_word' id='word_1_662' title='bbox 1660 4060 1747 4131; x_wconf 70' lang='lat' dir='ltr'>sama,</span> <span class='ocrx_word' id='word_1_663' title='bbox 1762 4075 1815 4115; x_wconf 89' lang='lat' dir='ltr'>aii·</span> 
     </span>
     <span class='ocr_line' id='line_1_52' title="bbox 161 4186 1815 4279; baseline -0.005 -13"><span class='ocrx_word' id='word_1_664' title='bbox 161 4186 202 4261; x_wconf 71' lang='grc'>00</span> <span class='ocrx_word' id='word_1_665' title='bbox 214 4190 333 4265; x_wconf 73' lang='grc'><strong>003000·</strong></span> <span class='ocrx_word' id='word_1_666' title='bbox 351 4187 514 4245; x_wconf 71' lang='grc'><strong>00000000</strong></span> <span class='ocrx_word' id='word_1_667' title='bbox 534 4187 657 4245; x_wconf 73' lang='grc'><strong>000000·</strong></span> <span class='ocrx_word' id='word_1_668' title='bbox 682 4190 806 4247; x_wconf 69' lang='grc'><strong>0000000</strong></span> <span class='ocrx_word' id='word_1_669' title='bbox 822 4208 850 4255; x_wconf 81' lang='lat' dir='ltr'>V·</span> <span class='ocrx_word' id='word_1_670' title='bbox 865 4192 889 4262; x_wconf 68' lang='lat'>¹2</span> <span class='ocrx_word' id='word_1_671' title='bbox 904 4194 933 4248; x_wconf 74' lang='lat'>2·</span> <span class='ocrx_word' id='word_1_672' title='bbox 988 4210 1122 4268; x_wconf 73' lang='lat' dir='ltr'>clausula</span> <span class='ocrx_word' id='word_1_673' title='bbox 1134 4210 1176 4266; x_wconf 95' lang='lat' dir='ltr'>sic</span> <span class='ocrx_word' id='word_1_674' title='bbox 1199 4207 1380 4279; x_wconf 85' lang='lat' dir='ltr'>accipiatur:</span> <span class='ocrx_word' id='word_1_675' title='bbox 1406 4210 1461 4265; x_wconf 79' lang='lat' dir='ltr'>Nec</span> <span class='ocrx_word' id='word_1_676' title='bbox 1484 4214 1574 4261; x_wconf 86' lang='lat' dir='ltr'>tomen</span> <span class='ocrx_word' id='word_1_677' title='bbox 1595 4206 1709 4259; x_wconf 79' lang='lat' dir='ltr'>mirram.</span> <span class='ocrx_word' id='word_1_678' title='bbox 1729 4200 1761 4259; x_wconf 84' lang='lat' dir='ltr'>Si</span> <span class='ocrx_word' id='word_1_679' title='bbox 1773 4204 1815 4259; x_wconf 81' lang='lat' dir='ltr'>en</span> 
     </span>
     <span class='ocr_line' id='line_1_53' title="bbox 137 4256 1814 4357; baseline -0.007 -14"><span class='ocrx_word' id='word_1_680' title='bbox 137 4256 209 4317; x_wconf 65' lang='grc'><strong>000·</strong></span> <span class='ocrx_word' id='word_1_681' title='bbox 301 4334 307 4347; x_wconf 86' lang='grc'><strong>.</strong></span> <span class='ocrx_word' id='word_1_682' title='bbox 332 4334 337 4345; x_wconf 86' lang='grc'><strong>.</strong></span> <span class='ocrx_word' id='word_1_683' title='bbox 930 4338 935 4347; x_wconf 78' lang='grc'><strong>,</strong></span> <span class='ocrx_word' id='word_1_684' title='bbox 988 4284 1132 4357; x_wconf 75' lang='lat' dir='ltr'>nequitum</span> <span class='ocrx_word' id='word_1_685' title='bbox 1145 4281 1304 4339; x_wconf 74' lang='lat' dir='ltr'>desinianum</span> <span class='ocrx_word' id='word_1_686' title='bbox 1327 4294 1388 4333; x_wconf 86' lang='lat' dir='ltr'>oum</span> <span class='ocrx_word' id='word_1_687' title='bbox 1411 4277 1555 4333; x_wconf 82' lang='lat' dir='ltr'>bominum</span> <span class='ocrx_word' id='word_1_688' title='bbox 1578 4275 1655 4346; x_wconf 74' lang='lat' dir='ltr'>sama</span> <span class='ocrx_word' id='word_1_689' title='bbox 1668 4276 1814 4355; x_wconf 50' lang='lat' dir='ltr'>queneto.</span> 
     </span>
     <span class='ocr_line' id='line_1_54' title="bbox 161 4328 1816 4424; baseline -0.007 -13"><span class='ocrx_word' id='word_1_690' title='bbox 161 4328 202 4411; x_wconf 64' lang='grc'>00</span> <span class='ocrx_word' id='word_1_691' title='bbox 228 4332 459 4419; x_wconf 68' lang='grc' dir='ltr'><strong>,0000000000οὅ-</strong></span> <span class='ocrx_word' id='word_1_692' title='bbox 489 4332 530 4414; x_wconf 71' lang='grc'>00.</span> <span class='ocrx_word' id='word_1_693' title='bbox 558 4330 620 4387; x_wconf 64' lang='grc'><strong>0000</strong></span> <span class='ocrx_word' id='word_1_694' title='bbox 646 4332 779 4415; x_wconf 56' lang='grc'><strong>0000000·</strong></span> <span class='ocrx_word' id='word_1_695' title='bbox 811 4333 934 4407; x_wconf 67' lang='grc'><strong>00000100</strong></span> <span class='ocrx_word' id='word_1_696' title='bbox 988 4354 1147 4411; x_wconf 89' lang='lat' dir='ltr'>Hominum</span> <span class='ocrx_word' id='word_1_697' title='bbox 1163 4350 1303 4424; x_wconf 90' lang='lat' dir='ltr'>intellige,</span> <span class='ocrx_word' id='word_1_698' title='bbox 1315 4349 1560 4405; x_wconf 88' lang='lat' dir='ltr'>Christianorum.</span> <span class='ocrx_word' id='word_1_699' title='bbox 1577 4348 1608 4403; x_wconf 90' lang='lat' dir='ltr'>tn</span> <span class='ocrx_word' id='word_1_700' title='bbox 1622 4362 1679 4402; x_wconf 88' lang='lat' dir='ltr'>ms.</span> <span class='ocrx_word' id='word_1_701' title='bbox 1696 4345 1816 4419; x_wconf 89' lang='lat' dir='ltr'>legitur,</span> 
     </span>
     <span class='ocr_line' id='line_1_55' title="bbox 134 4400 1924 4545; baseline 0.001 -90"><span class='ocrx_word' id='word_1_702' title='bbox 134 4406 320 4474; x_wconf 73' lang='lat' dir='ltr'>dimetientes,</span> <span class='ocrx_word' id='word_1_703' title='bbox 335 4406 455 4461; x_wconf 85' lang='lat' dir='ltr'>Seruius</span> <span class='ocrx_word' id='word_1_704' title='bbox 470 4405 506 4459; x_wconf 90' lang='lat' dir='ltr'>ad</span> <span class='ocrx_word' id='word_1_705' title='bbox 522 4400 595 4459; x_wconf 91' lang='lat' dir='ltr'>illud</span> <span class='ocrx_word' id='word_1_706' title='bbox 611 4404 709 4460; x_wconf 82' lang='lat' dir='ltr'>AEnesd</span> <span class='ocrx_word' id='word_1_707' title='bbox 723 4446 730 4459; x_wconf 91' lang='lat'>.</span> <span class='ocrx_word' id='word_1_708' title='bbox 746 4421 784 4476; x_wconf 90' lang='lat' dir='ltr'>iii,</span> <span class='ocrx_word' id='word_1_709' title='bbox 799 4406 870 4463; x_wconf 72' lang='grc' dir='ltr'>δῦθι</span> <span class='ocrx_word' id='word_1_710' title='bbox 988 4429 1123 4485; x_wconf 52' lang='lat' dir='ltr'>omnim,</span> <span class='ocrx_word' id='word_1_711' title='bbox 1152 4427 1269 4506; x_wconf 53' lang='lat' dir='ltr'>qm„</span> <span class='ocrx_word' id='word_1_712' title='bbox 1293 4452 1327 4463; x_wconf 86' lang='lat'>..</span> <span class='ocrx_word' id='word_1_713' title='bbox 1354 4422 1426 4504; x_wconf 61' lang='lat' dir='ltr'>gene</span> <span class='ocrx_word' id='word_1_714' title='bbox 1466 4416 1622 4491; x_wconf 55' lang='lat' dir='ltr'>geganius,</span> <span class='ocrx_word' id='word_1_715' title='bbox 1660 4432 1727 4473; x_wconf 64' lang='lat' dir='ltr'>„um</span> <span class='ocrx_word' id='word_1_716' title='bbox 1747 4432 1815 4545; x_wconf 42' lang='grc' dir='ltr'>ἕω</span> <span class='ocrx_word' id='word_1_717' title='bbox 1920 4493 1924 4500; x_wconf 90' lang='lat'>.</span> 
     </span>
     <span class='ocr_line' id='line_1_56' title="bbox 342 4488 1939 4637; baseline -0.01 -7"><span class='ocrx_word' id='word_1_718' title='bbox 342 4516 374 4566; x_wconf 63' lang='lat' dir='ltr'>E‘</span> <span class='ocrx_word' id='word_1_719' title='bbox 387 4515 460 4566; x_wconf 72' lang='lat'>‘¹⁰¹¹&#39;</span> <span class='ocrx_word' id='word_1_720' title='bbox 591 4514 701 4579; x_wconf 70' lang='lat'>⁰¹²⁰⁰²¹³</span> <span class='ocrx_word' id='word_1_721' title='bbox 988 4493 1452 4637; x_wconf 62' lang='lat' dir='ltr'>tlltllattltllidlllm</span> <span class='ocrx_word' id='word_1_722' title='bbox 1471 4491 1530 4619; x_wconf 66' lang='lat' dir='ltr'>iii</span> <span class='ocrx_word' id='word_1_723' title='bbox 1547 4488 1817 4618; x_wconf 63' lang='lat' dir='ltr'>utillimis?</span> <span class='ocrx_word' id='word_1_724' title='bbox 1933 4606 1939 4614; x_wconf 90' lang='lat'>.</span> 
     </span>
     <span class='ocr_line' id='line_1_57' title="bbox 133 4604 1817 4721; baseline -0.004 -26"><span class='ocrx_word' id='word_1_725' title='bbox 133 4636 188 4721; x_wconf 75' lang='lat' dir='ltr'>titt,</span> <span class='ocrx_word' id='word_1_726' title='bbox 200 4643 303 4717; x_wconf 90' lang='lat' dir='ltr'>inquit,</span> <span class='ocrx_word' id='word_1_727' title='bbox 314 4641 441 4712; x_wconf 75' lang='lat' dir='ltr'>intelligi</span> <span class='ocrx_word' id='word_1_728' title='bbox 448 4642 678 4714; x_wconf 67' lang='lat' dir='ltr'>prevaricatores</span> <span class='ocrx_word' id='word_1_729' title='bbox 688 4644 737 4715; x_wconf 87' lang='lat' dir='ltr'>qui</span> <span class='ocrx_word' id='word_1_730' title='bbox 744 4645 858 4716; x_wconf 83' lang='lat' dir='ltr'>patroni</span> <span class='ocrx_word' id='word_1_731' title='bbox 871 4647 935 4699; x_wconf 84' lang='lat' dir='ltr'>sunt</span> <span class='ocrx_word' id='word_1_732' title='bbox 990 4642 1035 4697; x_wconf 80' lang='lat' dir='ltr'>Fr.</span> <span class='ocrx_word' id='word_1_733' title='bbox 1052 4638 1214 4698; x_wconf 87' lang='lat' dir='ltr'>Gronovius</span> <span class='ocrx_word' id='word_1_734' title='bbox 1229 4637 1337 4719; x_wconf 74' lang='lat' dir='ltr'>Obiere.</span> <span class='ocrx_word' id='word_1_735' title='bbox 1364 4604 1397 4690; x_wconf 61' lang='lat' dir='ltr'>in’</span> <span class='ocrx_word' id='word_1_736' title='bbox 1418 4634 1468 4719; x_wconf 72' lang='lat' dir='ltr'>dcc</span> <span class='ocrx_word' id='word_1_737' title='bbox 1483 4676 1489 4689; x_wconf 94' lang='lat'>.</span> <span class='ocrx_word' id='word_1_738' title='bbox 1505 4635 1612 4707; x_wconf 74' lang='lat' dir='ltr'>script,</span> <span class='ocrx_word' id='word_1_739' title='bbox 1636 4604 1749 4705; x_wconf 47' lang='lat' dir='ltr'>ceps&#39;t,</span> <span class='ocrx_word' id='word_1_740' title='bbox 1764 4631 1817 4689; x_wconf 89' lang='lat' dir='ltr'>ubi</span> 
     </span>
     <span class='ocr_line' id='line_1_58' title="bbox 129 4704 1943 4793; baseline -0.004 -26"><span class='ocrx_word' id='word_1_741' title='bbox 129 4710 260 4783; x_wconf 82' lang='lat' dir='ltr'>clientium,</span> <span class='ocrx_word' id='word_1_742' title='bbox 276 4731 345 4789; x_wconf 88' lang='lat' dir='ltr'>qnos</span> <span class='ocrx_word' id='word_1_743' title='bbox 367 4730 441 4769; x_wconf 88' lang='lat' dir='ltr'>nnnc</span> <span class='ocrx_word' id='word_1_744' title='bbox 464 4730 620 4771; x_wconf 82' lang='lat' dir='ltr'>suscarros</span> <span class='ocrx_word' id='word_1_745' title='bbox 645 4730 779 4780; x_wconf 84' lang='lat' dir='ltr'>necamus,</span> <span class='ocrx_word' id='word_1_746' title='bbox 801 4715 933 4771; x_wconf 82' lang='lat' dir='ltr'>annn.</span> <span class='ocrx_word' id='word_1_747' title='bbox 951 4715 1084 4793; x_wconf 74' lang='lat' dir='ltr'>piatum</span> <span class='ocrx_word' id='word_1_748' title='bbox 1100 4712 1178 4793; x_wconf 82' lang='lat' dir='ltr'>buno</span> <span class='ocrx_word' id='word_1_749' title='bbox 1200 4708 1297 4765; x_wconf 91' lang='lat' dir='ltr'>locum</span> <span class='ocrx_word' id='word_1_750' title='bbox 1322 4712 1362 4763; x_wconf 90' lang='lat' dir='ltr'>ila</span> <span class='ocrx_word' id='word_1_751' title='bbox 1385 4705 1600 4791; x_wconf 77' lang='lat' dir='ltr'>restituendum</span> <span class='ocrx_word' id='word_1_752' title='bbox 1629 4707 1747 4762; x_wconf 86' lang='lat' dir='ltr'>censet:</span> <span class='ocrx_word' id='word_1_753' title='bbox 1763 4704 1818 4763; x_wconf 82' lang='lat' dir='ltr'>Nec</span> <span class='ocrx_word' id='word_1_754' title='bbox 1939 4731 1943 4747; x_wconf 87' lang='lat'><strong>·</strong></span> 
     </span>
     <span class='ocr_line' id='line_1_59' title="bbox 159 4778 1818 4859; baseline -0.006 -18"><span class='ocrx_word' id='word_1_755' title='bbox 159 4784 204 4855; x_wconf 81' lang='grc'><strong>(35)</strong></span> <span class='ocrx_word' id='word_1_756' title='bbox 218 4790 379 4845; x_wconf 88' lang='lat' dir='ltr'>ltiserentes</span> <span class='ocrx_word' id='word_1_757' title='bbox 399 4802 503 4843; x_wconf 89' lang='lat' dir='ltr'>eorum.</span> <span class='ocrx_word' id='word_1_758' title='bbox 529 4786 728 4842; x_wconf 85' lang='lat' dir='ltr'>Misericordia</span> <span class='ocrx_word' id='word_1_759' title='bbox 751 4786 780 4841; x_wconf 92' lang='lat' dir='ltr'>iii</span> <span class='ocrx_word' id='word_1_760' title='bbox 806 4802 856 4842; x_wconf 86' lang='lat' dir='ltr'>eos</span> <span class='ocrx_word' id='word_1_761' title='bbox 872 4803 936 4859; x_wconf 89' lang='lat' dir='ltr'>per·</span> <span class='ocrx_word' id='word_1_762' title='bbox 990 4788 1083 4843; x_wconf 89' lang='lat' dir='ltr'>tamen</span> <span class='ocrx_word' id='word_1_763' title='bbox 1112 4798 1226 4846; x_wconf 83' lang='lat' dir='ltr'>miram,</span> <span class='ocrx_word' id='word_1_764' title='bbox 1260 4796 1322 4835; x_wconf 79' lang='lat' dir='ltr'>marn</span> <span class='ocrx_word' id='word_1_765' title='bbox 1350 4778 1494 4835; x_wconf 75' lang='lat' dir='ltr'>itomanam</span> <span class='ocrx_word' id='word_1_766' title='bbox 1521 4780 1598 4848; x_wconf 77' lang='lat' dir='ltr'>tomo</span> <span class='ocrx_word' id='word_1_767' title='bbox 1624 4793 1683 4849; x_wconf 80' lang='lat' dir='ltr'>quse</span> <span class='ocrx_word' id='word_1_768' title='bbox 1710 4790 1818 4845; x_wconf 82' lang='lat' dir='ltr'>semper</span> 
     </span>
    </p>
   </div>
   <div class='ocr_carea' id='block_1_29' title="bbox 988 4112 1931 4207">
    <p class='ocr_par' dir='ltr' id='par_1_31' title="bbox 988 4112 1931 4207">
     <span class='ocr_line' id='line_1_60' title="bbox 988 4112 1931 4207; baseline -0.014 -10"><span class='ocrx_word' id='word_1_769' title='bbox 988 4138 1064 4197; x_wconf 86' lang='lat' dir='ltr'>neoti</span> <span class='ocrx_word' id='word_1_770' title='bbox 1080 4138 1186 4193; x_wconf 85' lang='lat' dir='ltr'>debent</span> <span class='ocrx_word' id='word_1_771' title='bbox 1210 4136 1287 4199; x_wconf 87' lang='lat' dir='ltr'>istis,</span> <span class='ocrx_word' id='word_1_772' title='bbox 1310 4138 1350 4191; x_wconf 90' lang='lat' dir='ltr'>sie</span> <span class='ocrx_word' id='word_1_773' title='bbox 1373 4140 1411 4192; x_wconf 89' lang='lat' dir='ltr'>est</span> <span class='ocrx_word' id='word_1_774' title='bbox 1432 4135 1573 4207; x_wconf 72' lang='lat' dir='ltr'>negotium</span> <span class='ocrx_word' id='word_1_775' title='bbox 1595 4132 1763 4189; x_wconf 74' lang='lat' dir='ltr'>demerim.</span> <span class='ocrx_word' id='word_1_776' title='bbox 1779 4128 1817 4187; x_wconf 89' lang='lat' dir='ltr'>Ut</span> <span class='ocrx_word' id='word_1_777' title='bbox 1899 4112 1931 4176; x_wconf 64' lang='lat' dir='ltr'>&#39;v</span> 
     </span>
    </p>
   </div>
   <div class='ocr_carea' id='block_1_30' title="bbox 129 4846 1926 4933">
    <p class='ocr_par' dir='ltr' id='par_1_32' title="bbox 129 4846 1926 4933">
     <span class='ocr_line' id='line_1_61' title="bbox 129 4846 1926 4933; baseline -0.006 -22"><span class='ocrx_word' id='word_1_778' title='bbox 129 4858 195 4924; x_wconf 85' lang='lat' dir='ltr'>o-oti,</span> <span class='ocrx_word' id='word_1_779' title='bbox 209 4875 332 4933; x_wconf 91' lang='lat' dir='ltr'>quorum</span> <span class='ocrx_word' id='word_1_780' title='bbox 344 4858 432 4915; x_wconf 87' lang='lat' dir='ltr'>vitam</span> <span class='ocrx_word' id='word_1_781' title='bbox 442 4874 558 4915; x_wconf 85' lang='lat' dir='ltr'>servare</span> <span class='ocrx_word' id='word_1_782' title='bbox 569 4859 772 4915; x_wconf 89' lang='lat' dir='ltr'>studebamus.</span> <span class='ocrx_word' id='word_1_783' title='bbox 790 4858 936 4915; x_wconf 87' lang='lat' dir='ltr'>Heuman-</span> <span class='ocrx_word' id='word_1_784' title='bbox 991 4856 1127 4928; x_wconf 83' lang='lat' dir='ltr'>insparsis</span> <span class='ocrx_word' id='word_1_785' title='bbox 1138 4852 1290 4909; x_wconf 77' lang='lat' dir='ltr'>nwnilaeiis</span> <span class='ocrx_word' id='word_1_786' title='bbox 1305 4850 1402 4917; x_wconf 88' lang='lat' dir='ltr'>ulitur,</span> <span class='ocrx_word' id='word_1_787' title='bbox 1417 4855 1528 4907; x_wconf 86' lang='lat' dir='ltr'>ostensu</span> <span class='ocrx_word' id='word_1_788' title='bbox 1545 4850 1663 4906; x_wconf 82' lang='lat' dir='ltr'>ueritate</span> <span class='ocrx_word' id='word_1_789' title='bbox 1679 4846 1817 4905; x_wconf 87' lang='lat' dir='ltr'>consumi·</span> <span class='ocrx_word' id='word_1_790' title='bbox 1914 4883 1926 4899; x_wconf 83' lang='lat'>..</span> 
     </span>
    </p>
   </div>
   <div class='ocr_carea' id='block_1_31' title="bbox 128 4920 1818 4997">
    <p class='ocr_par' dir='ltr' id='par_1_33' title="bbox 128 4920 1818 4997">
     <span class='ocr_line' id='line_1_62' title="bbox 128 4920 1818 4997; baseline -0.007 -14"><span class='ocrx_word' id='word_1_791' title='bbox 128 4942 175 4985; x_wconf 87' lang='lat' dir='ltr'>uiis</span> <span class='ocrx_word' id='word_1_792' title='bbox 185 4932 282 4987; x_wconf 86' lang='lat' dir='ltr'>scribit</span> <span class='ocrx_word' id='word_1_793' title='bbox 296 4932 469 4986; x_wconf 83' lang='lat' dir='ltr'>miserentes.</span> <span class='ocrx_word' id='word_1_794' title='bbox 486 4930 590 4985; x_wconf 81' lang='lat' dir='ltr'>Linon.</span> <span class='ocrx_word' id='word_1_795' title='bbox 989 4928 1045 4991; x_wconf 85' lang='lat' dir='ltr'>tur,</span> <span class='ocrx_word' id='word_1_796' title='bbox 1062 4930 1099 4983; x_wconf 84' lang='lat' dir='ltr'>sit</span> <span class='ocrx_word' id='word_1_797' title='bbox 1114 4934 1139 4982; x_wconf 85' lang='lat' dir='ltr'>et</span> <span class='ocrx_word' id='word_1_798' title='bbox 1152 4926 1291 4997; x_wconf 68' lang='lat' dir='ltr'>negotium</span> <span class='ocrx_word' id='word_1_799' title='bbox 1306 4923 1484 4981; x_wconf 68' lang='lat' dir='ltr'>simulassem:</span> <span class='ocrx_word' id='word_1_800' title='bbox 1499 4922 1532 4977; x_wconf 87' lang='lat' dir='ltr'>ab</span> <span class='ocrx_word' id='word_1_801' title='bbox 1551 4921 1618 4989; x_wconf 86' lang='lat' dir='ltr'>ipsis</span> <span class='ocrx_word' id='word_1_802' title='bbox 1631 4920 1707 4975; x_wconf 82' lang='lat' dir='ltr'>esaim</span> <span class='ocrx_word' id='word_1_803' title='bbox 1719 4934 1818 4975; x_wconf 72' lang='lat' dir='ltr'>mmor</span> 
     </span>
    </p>
   </div>
   <div class='ocr_carea' id='block_1_32' title="bbox 156 4991 1925 5085">
    <p class='ocr_par' dir='ltr' id='par_1_34' title="bbox 156 4991 1925 5085">
     <span class='ocr_line' id='line_1_63' title="bbox 156 4991 1925 5085; baseline -0.011 -23"><span class='ocrx_word' id='word_1_804' title='bbox 156 5000 205 5085; x_wconf 63' lang='lat' dir='ltr'>(iti)</span> <span class='ocrx_word' id='word_1_805' title='bbox 218 5004 248 5063; x_wconf 85' lang='lat' dir='ltr'>tn</span> <span class='ocrx_word' id='word_1_806' title='bbox 261 5008 461 5076; x_wconf 82' lang='lat' dir='ltr'>torqueremus.</span> <span class='ocrx_word' id='word_1_807' title='bbox 482 5002 529 5057; x_wconf 85' lang='lat' dir='ltr'>Sic</span> <span class='ocrx_word' id='word_1_808' title='bbox 551 5018 607 5057; x_wconf 88' lang='lat' dir='ltr'>ms.</span> <span class='ocrx_word' id='word_1_809' title='bbox 623 5004 661 5057; x_wconf 79' lang='lat' dir='ltr'>at</span> <span class='ocrx_word' id='word_1_810' title='bbox 684 5001 817 5057; x_wconf 87' lang='lat' dir='ltr'>Romana</span> <span class='ocrx_word' id='word_1_811' title='bbox 827 5002 890 5072; x_wconf 89' lang='lat' dir='ltr'>jam</span> <span class='ocrx_word' id='word_1_812' title='bbox 906 5001 936 5058; x_wconf 91' lang='lat' dir='ltr'>in</span> <span class='ocrx_word' id='word_1_813' title='bbox 990 5000 1079 5069; x_wconf 74' lang='lat' dir='ltr'>iabus</span> <span class='ocrx_word' id='word_1_814' title='bbox 1093 5002 1119 5056; x_wconf 91' lang='lat' dir='ltr'>et</span> <span class='ocrx_word' id='word_1_815' title='bbox 1132 5000 1237 5054; x_wconf 87' lang='lat' dir='ltr'>seritur</span> <span class='ocrx_word' id='word_1_816' title='bbox 1252 5005 1278 5053; x_wconf 86' lang='lat' dir='ltr'>et</span> <span class='ocrx_word' id='word_1_817' title='bbox 1295 4998 1412 5069; x_wconf 74' lang='lat' dir='ltr'>sonetur.</span> <span class='ocrx_word' id='word_1_818' title='bbox 1437 4994 1497 5051; x_wconf 91' lang='lat' dir='ltr'>lloc</span> <span class='ocrx_word' id='word_1_819' title='bbox 1512 4996 1567 5061; x_wconf 87' lang='lat' dir='ltr'>est,</span> <span class='ocrx_word' id='word_1_820' title='bbox 1582 5006 1616 5047; x_wconf 92' lang='lat' dir='ltr'>eo</span> <span class='ocrx_word' id='word_1_821' title='bbox 1639 4991 1816 5061; x_wconf 87' lang='lat' dir='ltr'>interprete:</span> <span class='ocrx_word' id='word_1_822' title='bbox 1922 5052 1925 5058; x_wconf 26' lang='grc' dir='ltr'>Ι</span> 
     </span>
    </p>
   </div>
   <div class='ocr_carea' id='block_1_33' title="bbox 122 5062 1819 5416">
    <p class='ocr_par' dir='ltr' id='par_1_35' title="bbox 122 5062 1819 5416">
     <span class='ocr_line' id='line_1_64' title="bbox 126 5062 1816 5153; baseline -0.007 -26"><span class='ocrx_word' id='word_1_823' title='bbox 126 5070 236 5133; x_wconf 82' lang='lat' dir='ltr'>elitiooe</span> <span class='ocrx_word' id='word_1_824' title='bbox 250 5076 426 5147; x_wconf 88' lang='lat' dir='ltr'>rescriptum</span> <span class='ocrx_word' id='word_1_825' title='bbox 438 5082 467 5129; x_wconf 90' lang='lat' dir='ltr'>nt</span> <span class='ocrx_word' id='word_1_826' title='bbox 478 5089 650 5145; x_wconf 68' lang='lat' dir='ltr'>urgeremus.</span> <span class='ocrx_word' id='word_1_827' title='bbox 664 5073 761 5129; x_wconf 83' lang='lat' dir='ltr'>Recte.</span> <span class='ocrx_word' id='word_1_828' title='bbox 774 5077 813 5130; x_wconf 83' lang='lat' dir='ltr'>Ao</span> <span class='ocrx_word' id='word_1_829' title='bbox 825 5074 936 5145; x_wconf 87' lang='lat' dir='ltr'>statim,</span> <span class='ocrx_word' id='word_1_830' title='bbox 991 5072 1082 5129; x_wconf 81' lang='lat' dir='ltr'>Fama</span> <span class='ocrx_word' id='word_1_831' title='bbox 1095 5070 1156 5138; x_wconf 89' lang='lat' dir='ltr'>illa,</span> <span class='ocrx_word' id='word_1_832' title='bbox 1173 5068 1327 5153; x_wconf 78' lang='lat' dir='ltr'>hominum</span> <span class='ocrx_word' id='word_1_833' title='bbox 1349 5066 1449 5122; x_wconf 91' lang='lat' dir='ltr'>oribus</span> <span class='ocrx_word' id='word_1_834' title='bbox 1459 5065 1583 5148; x_wconf 34' lang='lat' dir='ltr'>‚luctata</span> <span class='ocrx_word' id='word_1_835' title='bbox 1597 5062 1816 5145; x_wconf 26' lang='lat' dir='ltr'>stupropagata,</span> 
     </span>
     <span class='ocr_line' id='line_1_65' title="bbox 124 5132 1818 5219; baseline -0.006 -20"><span class='ocrx_word' id='word_1_836' title='bbox 124 5139 171 5201; x_wconf 89' lang='lat' dir='ltr'>hoo</span> <span class='ocrx_word' id='word_1_837' title='bbox 183 5164 278 5218; x_wconf 74' lang='lat' dir='ltr'>arqerie</span> <span class='ocrx_word' id='word_1_838' title='bbox 292 5151 453 5219; x_wconf 85' lang='lat' dir='ltr'>usurpetur</span> <span class='ocrx_word' id='word_1_839' title='bbox 467 5145 586 5202; x_wconf 90' lang='lat' dir='ltr'>iterum.</span> <span class='ocrx_word' id='word_1_840' title='bbox 606 5150 704 5201; x_wconf 86' lang='lat' dir='ltr'>lleuii.</span> <span class='ocrx_word' id='word_1_841' title='bbox 991 5159 1055 5218; x_wconf 84' lang='lat' dir='ltr'>que</span> <span class='ocrx_word' id='word_1_842' title='bbox 1070 5158 1186 5215; x_wconf 90' lang='lat' dir='ltr'>semper</span> <span class='ocrx_word' id='word_1_843' title='bbox 1210 5140 1299 5197; x_wconf 87' lang='lat' dir='ltr'>alitur</span> <span class='ocrx_word' id='word_1_844' title='bbox 1325 5142 1354 5195; x_wconf 89' lang='lat' dir='ltr'>et</span> <span class='ocrx_word' id='word_1_845' title='bbox 1376 5140 1482 5195; x_wconf 89' lang='lat' dir='ltr'>crescit</span> <span class='ocrx_word' id='word_1_846' title='bbox 1505 5132 1676 5215; x_wconf 72' lang='lat' dir='ltr'>mendaciis,</span> <span class='ocrx_word' id='word_1_847' title='bbox 1692 5146 1818 5204; x_wconf 84' lang='lat' dir='ltr'>queque</span> 
     </span>
     <span class='ocr_line' id='line_1_66' title="bbox 153 5201 1819 5291; baseline -0.009 -15"><span class='ocrx_word' id='word_1_848' title='bbox 153 5216 205 5291; x_wconf 76' lang='grc'><strong>(37)</strong></span> <span class='ocrx_word' id='word_1_849' title='bbox 236 5219 364 5277; x_wconf 81' lang='lat' dir='ltr'>Videlicet</span> <span class='ocrx_word' id='word_1_850' title='bbox 392 5233 427 5273; x_wconf 89' lang='lat' dir='ltr'>ne</span> <span class='ocrx_word' id='word_1_851' title='bbox 451 5219 586 5289; x_wconf 84' lang='lat' dir='ltr'>perirent.</span> <span class='ocrx_word' id='word_1_852' title='bbox 614 5216 711 5273; x_wconf 92' lang='lat' dir='ltr'>lnnuit</span> <span class='ocrx_word' id='word_1_853' title='bbox 737 5216 936 5283; x_wconf 88' lang='lat' dir='ltr'>commodum,</span> <span class='ocrx_word' id='word_1_854' title='bbox 991 5216 1112 5271; x_wconf 85' lang='lat' dir='ltr'>veritate</span> <span class='ocrx_word' id='word_1_855' title='bbox 1127 5209 1438 5286; x_wconf 75' lang='lat' dir='ltr'>patefactaevanescit,</span> <span class='ocrx_word' id='word_1_856' title='bbox 1453 5206 1554 5289; x_wconf 78' lang='lat' dir='ltr'>eadem</span> <span class='ocrx_word' id='word_1_857' title='bbox 1569 5201 1722 5259; x_wconf 89' lang='lat' dir='ltr'>hominum</span> <span class='ocrx_word' id='word_1_858' title='bbox 1738 5202 1819 5261; x_wconf 79' lang='lat' dir='ltr'>lama</span> 
     </span>
     <span class='ocr_line' id='line_1_67' title="bbox 122 5272 1817 5416; baseline -0.006 -73"><span class='ocrx_word' id='word_1_859' title='bbox 122 5290 190 5416; x_wconf 54' lang='lat' dir='ltr'>ffiiod</span> <span class='ocrx_word' id='word_1_860' title='bbox 205 5306 238 5347; x_wconf 81' lang='lat' dir='ltr'>ex</span> <span class='ocrx_word' id='word_1_861' title='bbox 252 5289 304 5346; x_wconf 88' lang='lat' dir='ltr'>illa</span> <span class='ocrx_word' id='word_1_862' title='bbox 318 5289 473 5363; x_wconf 82' lang='lat' dir='ltr'>negatione</span> <span class='ocrx_word' id='word_1_863' title='bbox 492 5288 527 5344; x_wconf 93' lang='lat' dir='ltr'>ad</span> <span class='ocrx_word' id='word_1_864' title='bbox 554 5304 603 5345; x_wconf 91' lang='lat' dir='ltr'>eos</span> <span class='ocrx_word' id='word_1_865' title='bbox 618 5287 782 5344; x_wconf 91' lang='lat' dir='ltr'>redundare</span> <span class='ocrx_word' id='word_1_866' title='bbox 806 5288 936 5355; x_wconf 86' lang='lat' dir='ltr'>deberet,</span> <span class='ocrx_word' id='word_1_867' title='bbox 991 5293 1037 5345; x_wconf 92' lang='lat' dir='ltr'>est</span> <span class='ocrx_word' id='word_1_868' title='bbox 1050 5287 1182 5360; x_wconf 86' lang='lat' dir='ltr'>ipsorum</span> <span class='ocrx_word' id='word_1_869' title='bbox 1195 5286 1361 5339; x_wconf 78' lang='lat' dir='ltr'>daemonum</span> <span class='ocrx_word' id='word_1_870' title='bbox 1386 5282 1535 5351; x_wconf 82' lang='lat' dir='ltr'>negotium</span> <span class='ocrx_word' id='word_1_871' title='bbox 1560 5278 1589 5331; x_wconf 90' lang='lat' dir='ltr'>et</span> <span class='ocrx_word' id='word_1_872' title='bbox 1602 5290 1695 5347; x_wconf 92' lang='lat' dir='ltr'>opus:</span> <span class='ocrx_word' id='word_1_873' title='bbox 1709 5272 1817 5333; x_wconf 89' lang='lat' dir='ltr'>horum</span> 
     </span>
    </p>
   </div>
   <div class='ocr_carea' id='block_1_34' title="bbox 120 5346 1930 5505">
    <p class='ocr_par' dir='ltr' id='par_1_36' title="bbox 120 5346 1930 5505">
     <span class='ocr_line' id='line_1_68' title="bbox 152 5346 1930 5435; baseline -0.007 -18"><span class='ocrx_word' id='word_1_874' title='bbox 152 5360 205 5419; x_wconf 88' lang='lat' dir='ltr'>ism</span> <span class='ocrx_word' id='word_1_875' title='bbox 219 5361 388 5435; x_wconf 87' lang='lat' dir='ltr'>chirurgus,</span> <span class='ocrx_word' id='word_1_876' title='bbox 399 5360 542 5417; x_wconf 87' lang='lat' dir='ltr'>miserens</span> <span class='ocrx_word' id='word_1_877' title='bbox 552 5361 631 5433; x_wconf 84' lang='lat' dir='ltr'>egri,</span> <span class='ocrx_word' id='word_1_878' title='bbox 645 5360 777 5416; x_wconf 88' lang='lat' dir='ltr'>membra</span> <span class='ocrx_word' id='word_1_879' title='bbox 791 5363 935 5433; x_wconf 90' lang='lat' dir='ltr'>amputat,</span> <span class='ocrx_word' id='word_1_880' title='bbox 991 5364 1036 5417; x_wconf 90' lang='lat' dir='ltr'>est</span> <span class='ocrx_word' id='word_1_881' title='bbox 1051 5358 1209 5415; x_wconf 86' lang='lat' dir='ltr'>auctoritas</span> <span class='ocrx_word' id='word_1_882' title='bbox 1227 5359 1255 5411; x_wconf 86' lang='lat' dir='ltr'>at</span> <span class='ocrx_word' id='word_1_883' title='bbox 1278 5350 1449 5433; x_wconf 83' lang='lat' dir='ltr'>instinctus,</span> <span class='ocrx_word' id='word_1_884' title='bbox 1472 5348 1590 5431; x_wconf 78' lang='lat' dir='ltr'>illorum</span> <span class='ocrx_word' id='word_1_885' title='bbox 1607 5346 1817 5432; x_wconf 75' lang='lat' dir='ltr'>ministerium.</span> <span class='ocrx_word' id='word_1_886' title='bbox 1917 5350 1930 5386; x_wconf 88' lang='lat'>·&#39;</span> 
     </span>
     <span class='ocr_line' id='line_1_69' title="bbox 120 5418 1922 5505; baseline -0.006 -16"><span class='ocrx_word' id='word_1_887' title='bbox 120 5440 201 5499; x_wconf 79' lang='lat' dir='ltr'>meai.</span> <span class='ocrx_word' id='word_1_888' title='bbox 215 5432 284 5505; x_wconf 91' lang='lat' dir='ltr'>urit,</span> <span class='ocrx_word' id='word_1_889' title='bbox 300 5450 337 5490; x_wconf 90' lang='lat' dir='ltr'>ne</span> <span class='ocrx_word' id='word_1_890' title='bbox 352 5431 486 5489; x_wconf 82' lang='lat' dir='ltr'>videlicet</span> <span class='ocrx_word' id='word_1_891' title='bbox 501 5436 607 5505; x_wconf 84' lang='lat' dir='ltr'>pereat.</span> <span class='ocrx_word' id='word_1_892' title='bbox 628 5433 727 5487; x_wconf 79' lang='lat' dir='ltr'>linos.</span> <span class='ocrx_word' id='word_1_893' title='bbox 991 5434 1095 5489; x_wconf 78' lang='lat' dir='ltr'>bursa.</span> <span class='ocrx_word' id='word_1_894' title='bbox 1112 5462 1144 5471; x_wconf 98' lang='lat'><strong>—</strong></span> <span class='ocrx_word' id='word_1_895' title='bbox 1160 5430 1214 5485; x_wconf 83' lang='lat' dir='ltr'>lt&#39;er</span> <span class='ocrx_word' id='word_1_896' title='bbox 1228 5430 1320 5481; x_wconf 78' lang='lat' dir='ltr'>taimen</span> <span class='ocrx_word' id='word_1_897' title='bbox 1333 5438 1446 5477; x_wconf 88' lang='lat' dir='ltr'>mirum.</span> <span class='ocrx_word' id='word_1_898' title='bbox 1460 5420 1577 5476; x_wconf 90' lang='lat' dir='ltr'>Primus</span> <span class='ocrx_word' id='word_1_899' title='bbox 1590 5418 1660 5475; x_wconf 92' lang='lat' dir='ltr'>huio</span> <span class='ocrx_word' id='word_1_900' title='bbox 1674 5418 1738 5478; x_wconf 88' lang='lat' dir='ltr'>loeo</span> <span class='ocrx_word' id='word_1_901' title='bbox 1757 5436 1819 5479; x_wconf 85' lang='lat' dir='ltr'>ma·</span> <span class='ocrx_word' id='word_1_902' title='bbox 1916 5478 1922 5486; x_wconf 88' lang='grc'><strong>,</strong></span> 
     </span>
    </p>
   </div>
   <div class='ocr_carea' id='block_1_35' title="bbox 119 5491 1939 5779">
    <p class='ocr_par' dir='ltr' id='par_1_37' title="bbox 119 5491 1939 5779">
     <span class='ocr_line' id='line_1_70' title="bbox 151 5491 1817 5577; baseline -0.009 -14"><span class='ocrx_word' id='word_1_903' title='bbox 151 5506 204 5577; x_wconf 86' lang='grc'><strong>(38)</strong></span> <span class='ocrx_word' id='word_1_904' title='bbox 220 5506 296 5563; x_wconf 81' lang='lat' dir='ltr'>,tiolo</span> <span class='ocrx_word' id='word_1_905' title='bbox 310 5522 422 5574; x_wconf 74' lang='lat' dir='ltr'>pressim</span> <span class='ocrx_word' id='word_1_906' title='bbox 441 5513 469 5561; x_wconf 86' lang='lat' dir='ltr'>et</span> <span class='ocrx_word' id='word_1_907' title='bbox 491 5507 587 5561; x_wconf 71' lang='lat' dir='ltr'>ouius.</span> <span class='ocrx_word' id='word_1_908' title='bbox 613 5502 691 5560; x_wconf 85' lang='lat' dir='ltr'>h&#39;ibil</span> <span class='ocrx_word' id='word_1_909' title='bbox 716 5520 791 5575; x_wconf 91' lang='lat' dir='ltr'>opus</span> <span class='ocrx_word' id='word_1_910' title='bbox 816 5507 849 5559; x_wconf 94' lang='lat' dir='ltr'>ut</span> <span class='ocrx_word' id='word_1_911' title='bbox 870 5520 936 5559; x_wconf 88' lang='lat' dir='ltr'>cuin</span> <span class='ocrx_word' id='word_1_912' title='bbox 992 5520 1048 5561; x_wconf 90' lang='lat' dir='ltr'>nus</span> <span class='ocrx_word' id='word_1_913' title='bbox 1065 5500 1194 5557; x_wconf 82' lang='lat' dir='ltr'>medicus</span> <span class='ocrx_word' id='word_1_914' title='bbox 1218 5496 1318 5552; x_wconf 88' lang='lat' dir='ltr'>attulit</span> <span class='ocrx_word' id='word_1_915' title='bbox 1339 5491 1586 5577; x_wconf 66' lang='lat' dir='ltr'>nequitiarum</span> <span class='ocrx_word' id='word_1_916' title='bbox 1608 5492 1817 5577; x_wconf 30' lang='lat' dir='ltr'>prpuomoiiim,</span> 
     </span>
     <span class='ocr_line' id='line_1_71' title="bbox 120 5564 1939 5651; baseline -0.005 -18"><span class='ocrx_word' id='word_1_917' title='bbox 120 5576 283 5636; x_wconf 74' lang='lat' dir='ltr'>heumanno</span> <span class='ocrx_word' id='word_1_918' title='bbox 306 5576 514 5641; x_wconf 89' lang='lat' dir='ltr'>rescribemus,</span> <span class='ocrx_word' id='word_1_919' title='bbox 540 5576 632 5633; x_wconf 83' lang='lat' dir='ltr'>dolore</span> <span class='ocrx_word' id='word_1_920' title='bbox 653 5592 795 5648; x_wconf 83' lang='lat' dir='ltr'>oppressus</span> <span class='ocrx_word' id='word_1_921' title='bbox 811 5578 938 5633; x_wconf 79' lang='lat' dir='ltr'>etsiictns</span> <span class='ocrx_word' id='word_1_922' title='bbox 991 5575 1070 5649; x_wconf 92' lang='lat' dir='ltr'>quod</span> <span class='ocrx_word' id='word_1_923' title='bbox 1085 5571 1173 5629; x_wconf 88' lang='lat' dir='ltr'>estin</span> <span class='ocrx_word' id='word_1_924' title='bbox 1198 5585 1266 5635; x_wconf 79' lang='lat' dir='ltr'>ma,</span> <span class='ocrx_word' id='word_1_925' title='bbox 1293 5570 1407 5639; x_wconf 89' lang='lat' dir='ltr'>reponit</span> <span class='ocrx_word' id='word_1_926' title='bbox 1426 5564 1580 5634; x_wconf 83' lang='lat' dir='ltr'>bominum,</span> <span class='ocrx_word' id='word_1_927' title='bbox 1607 5564 1817 5651; x_wconf 70' lang='lat' dir='ltr'>scilicetGhm·</span> <span class='ocrx_word' id='word_1_928' title='bbox 1934 5638 1939 5646; x_wconf 28' lang='grc' dir='ltr'>Ι</span> 
     </span>
     <span class='ocr_line' id='line_1_72' title="bbox 119 5636 1819 5779; baseline -0.009 -70"><span class='ocrx_word' id='word_1_929' title='bbox 119 5646 230 5709; x_wconf 70' lang='lat' dir='ltr'>Scilicet</span> <span class='ocrx_word' id='word_1_930' title='bbox 242 5649 418 5735; x_wconf 79' lang='lat' dir='ltr'>cogitaverat</span> <span class='ocrx_word' id='word_1_931' title='bbox 428 5648 469 5705; x_wconf 86' lang='lat' dir='ltr'>nir</span> <span class='ocrx_word' id='word_1_932' title='bbox 478 5650 582 5705; x_wconf 88' lang='lat' dir='ltr'>doctus</span> <span class='ocrx_word' id='word_1_933' title='bbox 597 5650 632 5705; x_wconf 89' lang='lat' dir='ltr'>de</span> <span class='ocrx_word' id='word_1_934' title='bbox 643 5648 720 5705; x_wconf 90' lang='lat' dir='ltr'>malo</span> <span class='ocrx_word' id='word_1_935' title='bbox 734 5664 793 5704; x_wconf 88' lang='lat' dir='ltr'>noa</span> <span class='ocrx_word' id='word_1_936' title='bbox 804 5646 936 5779; x_wconf 74' lang='lat' dir='ltr'>physico.</span> <span class='ocrx_word' id='word_1_937' title='bbox 991 5648 1167 5707; x_wconf 83' lang='lat' dir='ltr'>asianorum,</span> <span class='ocrx_word' id='word_1_938' title='bbox 1191 5640 1247 5697; x_wconf 91' lang='lat' dir='ltr'>hoo</span> <span class='ocrx_word' id='word_1_939' title='bbox 1268 5654 1377 5696; x_wconf 89' lang='lat' dir='ltr'>sensu:</span> <span class='ocrx_word' id='word_1_940' title='bbox 1403 5638 1456 5695; x_wconf 83' lang='lat' dir='ltr'>Nec</span> <span class='ocrx_word' id='word_1_941' title='bbox 1479 5644 1570 5695; x_wconf 82' lang='lat' dir='ltr'>tamen</span> <span class='ocrx_word' id='word_1_942' title='bbox 1584 5653 1698 5695; x_wconf 79' lang='lat' dir='ltr'>merum.</span> <span class='ocrx_word' id='word_1_943' title='bbox 1720 5636 1766 5695; x_wconf 85' lang='lat' dir='ltr'>Sic</span> <span class='ocrx_word' id='word_1_944' title='bbox 1778 5642 1819 5693; x_wconf 87' lang='lat' dir='ltr'>est</span> 
     </span>
    </p>
   </div>
   <div class='ocr_carea' id='block_1_36' title="bbox 118 5710 1818 5795">
    <p class='ocr_par' dir='ltr' id='par_1_38' title="bbox 118 5710 1818 5795">
     <span class='ocr_line' id='line_1_73' title="bbox 118 5710 1818 5795; baseline -0.014 -10"><span class='ocrx_word' id='word_1_945' title='bbox 118 5722 167 5785; x_wconf 82' lang='lat' dir='ltr'>sed</span> <span class='ocrx_word' id='word_1_946' title='bbox 179 5720 295 5785; x_wconf 81' lang='lat' dir='ltr'>morah.</span> <span class='ocrx_word' id='word_1_947' title='bbox 308 5720 413 5783; x_wconf 68' lang='lat' dir='ltr'>latam</span> <span class='ocrx_word' id='word_1_948' title='bbox 435 5726 535 5783; x_wconf 88' lang='lat' dir='ltr'>antem</span> <span class='ocrx_word' id='word_1_949' title='bbox 558 5736 611 5795; x_wconf 91' lang='lat' dir='ltr'>pro</span> <span class='ocrx_word' id='word_1_950' title='bbox 626 5736 710 5795; x_wconf 82' lang='lat' dir='ltr'>poeue</span> <span class='ocrx_word' id='word_1_951' title='bbox 723 5723 754 5779; x_wconf 89' lang='lat' dir='ltr'>et</span> <span class='ocrx_word' id='word_1_952' title='bbox 766 5721 804 5779; x_wconf 93' lang='lat' dir='ltr'>do</span> <span class='ocrx_word' id='word_1_953' title='bbox 816 5736 865 5779; x_wconf 90' lang='lat' dir='ltr'>ore</span> <span class='ocrx_word' id='word_1_954' title='bbox 880 5718 937 5779; x_wconf 92' lang='lat' dir='ltr'>dici</span> <span class='ocrx_word' id='word_1_955' title='bbox 990 5718 1130 5793; x_wconf 74' lang='lat' dir='ltr'>neemiam</span> <span class='ocrx_word' id='word_1_956' title='bbox 1141 5714 1300 5775; x_wconf 83' lang='lat' dir='ltr'>demonum</span> <span class='ocrx_word' id='word_1_957' title='bbox 1317 5726 1383 5771; x_wconf 87' lang='lat' dir='ltr'>enm</span> <span class='ocrx_word' id='word_1_958' title='bbox 1404 5710 1549 5771; x_wconf 74' lang='lat' dir='ltr'>mannam</span> <span class='ocrx_word' id='word_1_959' title='bbox 1570 5710 1660 5783; x_wconf 73' lang='lat' dir='ltr'>(amo,</span> <span class='ocrx_word' id='word_1_960' title='bbox 1672 5710 1818 5783; x_wconf 55' lang='lat' dir='ltr'>queam.</span> 
     </span>
    </p>
   </div>
   <div class='ocr_carea' id='block_1_37' title="bbox 0 0 1950 6100">
    <p class='ocr_par' dir='ltr' id='par_1_39' title="bbox 0 0 1950 6100">
     <span class='ocr_line' id='line_1_74' title="bbox 0 0 1950 6100; baseline 0 0"><span class='ocrx_word' id='word_1_961' title='bbox 0 0 1950 6100; x_wconf 95' lang='lat' dir='ltr'> </span> 
     </span>
    </p>
   </div>
  </div>
 </body>
</html>
