3892 6104
55 283 118 354 sor
534 295 575 358 ιι.
599 295 791 363 uruocras
813 294 941 359 saulx.
957 327 996 343 -
1012 295 1319 362 rsomoonnm.
1713 280 1774 362 eoi

56 424 137 483 nihil
155 423 233 483 m
248 425 281 482 iu
303 428 399 484 totum
419 425 590 500 recipimus,
607 429 656 500 qui
678 428 765 485 etiam
782 445 890 485 novum
906 432 934 497 Α
950 446 1010 485 una
1024 446 1091 485 cum
1107 429 1235 487 Basilide
1250 431 1329 486 aaa
1337 429 1496 488 assianum
1506 431 1691 505 catafrygum
1707 449 1775 490 con-

54 514 248 572 Psalmorum
273 514 383 572 librum
408 516 549 573 Marcioni
573 518 812 590 conscripserunt
835 517 891 590 (53)
948 517 1115 574 stitutorem
1129 518 1162 574 ³⁹.

774 650 877 713 Varia
898 650 1060 714 lectiones.

89 759 115 794 ³⁹
128 762 210 816 Fert.
226 758 404 818 Asianorum
420 757 638 834 Cataphrygum
653 757 855 829 constitutore,
869 758 914 816 vel
932 758 1150 816 constitutores.
1167 757 1266 816 ltoutlr.

600 898 692 959 llari.
708 896 838 977 losephi
861 895 966 958 ltouth
981 897 1234 958 commentarius.

56 1021 123 1076 cap.
142 1004 191 1073 ΓΙ,
209 1020 274 1078 pag.
289 1005 355 1073 898,
369 1005 416 1061 ed.
431 1003 548 1073 Posteri,
574 1020 661 1077 quem
677 1004 763 1060 modo
779 1018 890 1058 memo·
947 999 1042 1054 ἑαυτοῦ
1069 998 1189 1073 συνέταξε
1212 1001 1364 1132 (Marciopp
1391 1005 1450 1064 τοῖς
1478 1000 1524 1056 ἀπ’
1551 1001 1633 1059 αὐτοῦ
1663 1003 1771 1060 πλανω-

58 1077 137 1131 rari.
949 1071 1052 1144 plumc-
1070 1073 1113 1129 Ita
1127 1078 1156 1129 et
1170 1072 1320 1130 Cornelius
1362 1090 1443 1157 epos,
1454 1074 1484 1130 in
1497 1076 1648 1148 lysandro,
1664 1093 1728 1149 cap.
1743 1079 1770 1134 3:

91 1149 156 1217 (53)
170 1147 328 1215 Quiritum
341 1164 444 1204 nouum
451 1147 626 1203 Psalmorum
640 1146 746 1202 librum
755 1146 893 1202 Marcioni
948 1149 1028 1200 llaac
1043 1145 1215 1216 (orationem)
1237 1147 1264 1201 ci
1283 1148 1426 1217 scripture
1440 1147 1525 1203 Clccu
1547 1148 1773 1206 Halicarnasseus

56 1221 173 1276 conseri
291 1219 417 1276 ,Eodem
428 1218 580 1291 scnaullpi
604 1216 753 1273 haniaria
769 1216 893 1273 iocosu-
947 1215 1059 1272 dictur.
1079 1217 1175 1287 Supra
1188 1221 1327 1299 posucrat
1350 1222 1450 1275 auctor
1474 1220 1511 1275 de
1535 1218 1615 1276 Pauli
1638 1220 1773 1302 epistolis

56 1289 281 1364 prn(co.184)
311 1290 469 1364 descripto,
486 1283 559 1344 dila
583 1235 617 1344 {g
645 1287 818 1363 συντάγματα
847 1284 893 1363 ἀφ’
946 1287 1310 1362 pseudepigraph1s‚fictae
1325 1289 1365 1346 ad
1380 1289 1511 1347 tumim
1525 1291 1691 1348 Marciano.

709 1654 842 1701 manare
863 1653 984 1702 SEGULO
1006 1654 1126 1702 raama.

245 1850 657 2020 MARCUS
713 1847 1201 2017 MINUCIUS
1258 1852 1638 2048 FELIX„
1699 1885 1702 1891 ’

511 2125 851 2218 CAUSIDICUS
881 2127 954 2212 ΕΤ
989 2125 1337 2218 APOLOGETA

598 2441 1247 2597 PROLOGOMENA.

153 2682 218 2749 DE
235 2681 284 2748 Μ.
306 2675 495 2748 MINUCII
509 2674 685 2743 FELICIS
701 2671 991 2741 APOLOGETAE
1013 2671 1132 2754 VITA,
1153 2671 1365 2744 HISTORIA
1390 2676 1454 2742 ΕΤ
1469 2677 1625 2746 SCRIPI
1631 2681 1686 2761 IS,

437 2841 624 2906 AUCTORE
645 2843 681 2903 u.
705 2839 971 2904 GO'IHOFREDO
992 2839 1167 2917 numana,
1190 2842 1227 2903 0.
1242 2843 1283 2924 ι8.
1304 2841 1329 2902 Β
1350 2840 1406 2922 (ί).

105 3141 176 3198 1.-
191 3137 331 3206 mantio,
347 3152 399 3193 sou
414 3134 550 3204 muncia,
561 3131 650 3191 Marci
665 3146 808 3207 agnomen
819 3134 895 3200 erat3
911 3134 935 3201 Β
949 3129 1067 3188 urbium
1079 3135 1251 3204 copularat,
1265 3131 1315 3188 diu
1329 3132 1484 3201 mansisse,
1496 3134 1546 3192 ubi
1557 3135 1697 3192 causidici
1708 3152 1775 3195 mu·

77 3228 205 3287 Octavius
214 3227 364 3301 siquidem
379 3225 427 3282 his
442 3240 509 3281 eum
525 3223 621 3280 verbis
635 3221 819 3294 compellavit
834 3220 893 3293 (2);
948 3235 1016 3278 nera
1040 3219 1232 3292 fungebatur,
1262 3221 1511 3294 quemadmodum
1542 3224 1710 3283 Lactantius
1736 3225 1776 3296 (5)

78 3319 161 3377 «lton
177 3318 252 3376 boni
269 3315 325 3373 vlri
351 3319 407 3386 est,
423 3315 511 3370 ldarcc
525 3311 624 3380 irater,
639 3310 790 3368 homiaem
806 3314 862 3367 alc.
878 3330 894 3360 n
948 3313 1036 3382 atque
1061 3308 1136 3367 105
1165 3307 1361 3384 Illoronymus
1375 3310 1414 3384 (d)
1431 3311 1484 3368 hoc
1498 3310 1595 3384 palam
1620 3318 1777 3386 aperteque

76 3407 295 3464 iaciliusvero:
310 3403 508 3475 «Quanquam
519 3400 584 3470 tibi,
601 3398 860 3470 Narccfratermto.
878 3418 894 3448 ι
949 3402 1126 3454 asseverant.
1137 3399 1340 3472 Ipsemotvero
1352 3398 1499 3457 Minucius
1509 3400 1593 3458 initio
1603 3402 1724 3459 suilibri
1735 3403 1775 3478 (7)

72 3500 156 3564 Quam
171 3501 248 3552 nota
263 3497 362 3550 autem
377 3491 513 3549 omnibns
529 3494 558 3546 et
572 3488 679 3546 nobiIIs
689 3487 745 3544 init
759 3485 895 3545 consula·
949 3486 1052 3544 scribit
1067 3486 1218 3543 Octavium
1234 3488 1269 3545 ad
1287 3505 1318 3545 se
1333 3487 1455 3545 Romam
1470 3489 1595 3559 venisse,
1612 3495 1700 3565 atque
1715 3509 1776 3550 una

70 3587 106 3643 ria
115 3585 198 3660 apud
208 3581 563 3641 Romanosldinuciorum
573 3577 694 3645 familis,
703 3582 764 3634 lam
775 3574 896 3633 cuilibet
949 3592 1016 3632 cum
1032 3591 1065 3632 eo
1080 3579 1109 3633 et
1132 3575 1224 3634 altero
1240 3576 1347 3634 comite
1368 3577 1455 3651 paulo
1479 3583 1546 3653 post
1571 3579 1682 3637 Ostium
1698 3581 1775 3654 peti-

66 3676 214 3733 hamanus
223 3673 452 3744 incompertum,
463 3673 564 3725 utrum
575 3685 610 3725 ex
619 3684 650 3724 ea
664 3671 716 3724 aut
726 3683 784 3738 qna
794 3682 828 3722 ex
837 3663 896 3722 alia
948 3665 1042 3722 mssa:
1063 3684 1074 3715 ι
1090 3664 1163 3722 Cum
1179 3666 1215 3723 ad
1231 3666 1420 3736 vindemiam,
1437 3667 1544 3742 inquit,
1560 3668 1638 3726 Ieriae
1648 3669 1774 3742 judicia·

66 3781 151 3822 suam
166 3761 320 3821 Minucius
332 3764 432 3817 noster
442 3757 584 3830 originem
595 3755 720 3813 duxerit.
731 3754 831 3828 Neque
842 3752 895 3810 ulli
948 3754 1023 3811 riam
1039 3770 1140 3811 curam
1167 3755 1376 3824 relaxaverant,
1391 3778 1406 3808 ιι
1433 3755 1532 3825 idest,
1548 3775 1616 3814 cum
1632 3775 1650 3815 a
1665 3758 1775 3816 sorensi

59 3854 162 3928 magle
172 3852 361 3925 exploratum
377 3866 441 3922 qua
457 3847 546 3903 fuerit
558 3845 639 3903 illius
654 3845 750 3914 patria
763 3844 813 3917 (3).
829 3841 896 3908 Oui-
948 3841 1058 3912 labora,
1079 3860 1138 3916 quo
1149 3859 1202 3917 per
1215 3848 1311 3901 totum
1326 3860 1437 3901 annum
1452 3846 1660 3918 occupabatur,
1673 3847 1774 3903 vinde·

60 3945 133 4000 dam
148 3947 257 3999 tamen
272 3954 340 3996 eum
350 3956 385 3994 ex
405 3936 451 3994 sui
466 3935 533 3991 libri
547 3933 621 4008 stylo
635 3934 665 3990 in
680 3931 777 3989 Africa
791 3937 894 3989 natum
949 3931 1077 3988 mierum
1093 3935 1224 4004 tompore
1238 3936 1363 3989 vacaret.
1380 3933 1481 3990 Nonne
1492 3933 1579 3991 etiam
1595 3935 1777 3993 Octaviusde

55 4031 265 4106 suspicantur
279 4029 328 4102 (t).
342 4027 399 4084 Sed
414 4026 445 4082 hi
469 4040 522 4081 nec
545 4024 681 4097 probant,
706 4038 759 4079 neo
773 4021 896 4095 probare
949 4037 980 4078 sa
994 4019 1071 4093 ipso,
1086 4020 1165 4076 etde
1185 4020 1325 4090 Minucio,
1341 4019 1385 4077 vol
1408 4023 1507 4094 potius
1523 4022 1644 4080 Minucii
1659 4027 1776 4081 tantum

55 4124 197 4197 possunt
220 4117 333 4190 aliquid
358 4113 485 4172 durIoris
503 4112 632 4169 Africani
656 4110 802 4167 sermonis
816 4109 847 4165 io
862 4125 895 4167 eo
949 4108 1068 4166 nomino
1080 4108 1171 4166 dixit:
1199 4109 1292 4166 «Non
1312 4112 1412 4167 tamon
1432 4109 1591 4185 marilegos
1616 4112 1731 4185 aliquos
1746 4117 1777 4170 et

54 4206 263 4284 deprehendi.
278 4203 418 4277 Nunquid
434 4200 539 4276 potiori
545 4201 613 4273 J'urc
623 4198 680 4256 dici
697 4203 796 4270 posset
809 4196 895 4254 Gaeci-
948 4195 1087 4269 incestos,
1104 4195 1266 4269 parricidas
1281 4198 1371 4254 etiam
1387 4198 1585 4256 defendendos
1601 4203 1630 4256 ct
1649 4200 1776 4259 tuendos

53 4301 136 4358 iiam
152 4302 188 4356 et
210 4295 375 4362 Octavium,
390 4295 472 4349 tanto
496 4290 606 4347 amoris
628 4287 746 4346 vinculo
770 4286 896 4345 MinucIo
950 4286 1204 4359 suscipiebamus:
1229 4285 1284 4344 hos
1307 4302 1414 4354 varo‚s
1445 4286 1559 4344 scilicet
1581 4286 1776 4360 Christianos,

55 4388 236 4459 devinctos,
253 4400 350 4442 revera
365 4381 516 4439 Africanos
531 4379 622 4436 laissa
638 4378 762 4451 ejusque
773 4375 895 4451 popula·
950 4398 966 4427 «
980 4391 1034 4432 nec
1049 4373 1210 4431 audiendos
1221 4374 1251 4432 in
1262 4379 1357 4432 totum
1368 4376 1548 4449 putabamus
1560 4376 1600 4449 (8)
1610 4378 1648 4433 i»
1658 4378 1700 4434 Ex
1714 4377 1778 4452 qui·

56 4478 135 4535 reat
148 4479 192 4533 At
206 4489 279 4531 sane
288 4472 329 4542 id,
345 4471 422 4529 sicot
431 4468 518 4543 paulo
533 4471 599 4540 post
612 4465 790 4535 videbimus,
803 4480 897 4538 nequa
911 4504 934 4573 c
951 4464 1007 4520 bus
1022 4462 1116 4536 liquot
1128 4461 1226 4535 illum,
1237 4479 1307 4520 cum
1317 4462 1453 4520 ethnicus
1464 4463 1560 4521 adhuc
1574 4468 1663 4539 asset,
1679 4467 1775 4525 causi·

56 4569 106 4624 ita
118 4566 310 4628 certamem,
325 4575 420 4632 nequa
435 4575 469 4615 ax
492 4557 610 4613 illorum
625 4554 780 4629 quantavis
795 4552 896 4611 amIcl·
952 4551 1011 4610 dici
1026 4567 1135 4609 munus
1149 4550 1268 4609 obiisse.

58 4657 113 4714 tiro
129 4649 353 4713 necessitudine
368 4652 464 4722 potest
479 4645 538 4703 ullo
554 4645 665 4717 absquo
679 4641 768 4700 dubio
789 4641 896 4715 colligi.
987 4642 1037 4698 111.
1053 4670 1089 4682 -
1102 4642 1211 4697 Verum
1226 4642 1328 4697 nostra
1349 4643 1433 4698 alato
1446 4640 1492 4698 vir
1502 4641 1638 4700 acerrimi
1653 4643 1775 4720 ingenii,

97 4746 139 4802 11.
155 4772 196 4788 -
208 4739 364 4799 Neminem
377 4753 446 4793 vero
460 4736 521 4793 lore
544 4738 684 4808 putamus
710 4731 761 4805 qui
780 4730 899 4805 negabit
954 4729 1779 4807 Heumannus‚dubitaridastatuMinucii‚eumqaeanu·

61 4828 357 4896 flinuoiumItomae‚
368 4820 899 4899 quetunccaeterarumlotiusmuudi
953 4833 1035 4874 mero
1049 4815 1266 4875 causidicorum
1282 4818 1343 4877 siva
1353 4819 1633 4893 jurisconsultorum
1648 4823 1778 4880 eximan-

101 4973 239 5050 (ililist.
267 4969 392 5038 Itcoloa.
417 4966 515 5023 critica
537 4964 570 5022 dc
593 4966 669 5034 Vita,
692 4964 801 5037 scriptu
821 4971 900 5037 atquc
953 4978 1009 5018 non
1045 4977 1119 5017 auca
1131 4960 1296 5034 sumpsisse
1310 4961 1330 5018 li
1355 4967 1413 5032 net,
1425 4964 1520 5021 stac
1540 4964 1642 5037 priano
1657 4964 1687 5020 in
1702 4963 1777 5021 libro

63 5041 260 5109 admorsu
276 5042 344 5109 PP„
360 5055 429 5112 pars
443 5054 494 5094 vu.
953 5035 988 5089 dc
1018 4978 1144 5116 laudate
1163 5032 1302 5117 lictorum
1355 5036 1445 5092 inucii
1471 4980 1560 5117 vorle
1584 5051 1641 5091 non
1667 5051 1728 5116 uno·
1747 5034 1777 5091 in

101 5120 135 5187 (2
165 5115 269 5173 Minui.
286 5113 315 5169 in
330 5110 455 5180 Ilialopo,
471 5125 534 5180 cap.
549 5108 568 5163 2
582 5112 610 5164 at
624 5107 652 5163 5.
955 5106 1017 5162 loco
1031 5108 1176 5178 exscripta
1190 5105 1291 5163 luisse.
1310 5106 1380 5163 luda
1389 5111 1578 5190 presumitur
1588 5121 1655 5162 aum
1670 5106 1778 5162 Africa·

102 5192 135 5263 (3
165 5185 301 5255 (lalland,
313 5189 386 5241 tom.
401 5182 438 5253 ll,
460 5181 491 5236 in
506 5180 674 5251 Prolcpom„
688 5176 811 5248 ceillier,
828 5177 897 5234 ilict.
955 5192 1026 5232 num
1044 5177 1153 5246 luissc;
1174 5178 1281 5250 atejus
1296 5179 1416 5250 scriptio
1430 5178 1467 5235 ad
1481 5177 1651 5234 almannum
1666 5175 1777 5251 stylum

71 5263 263 5327 ausuuurs,
277 5262 350 5313 tom.
367 5253 405 5325 ll,
420 5268 487 5327 pag.
503 5252 565 5308 122.
954 5248 1076 5305 accedit.
1205 5319 1211 5330 ·
1355 5319 1360 5330 Ι

107 5334 148 5406 (I)
161 5329 333 5398 Tillemont,
350 5325 505 5392 nemra-es,
521 5328 592 5380 tom.
603 5320 653 5389 111,
667 5322 698 5376 ll.
714 5320 745 5376 ll.
761 5335 827 5422 pag.
838 5317 899 5403 ,⁷¹3
1001 5320 1019 5374 5
1045 5320 1176 5402 Laclant.
1191 5317 1247 5402 hh..
1259 5337 1277 5377 v
1291 5319 1424 5390 lactetur„
1440 5334 1503 5390 cap.
1519 5317 1543 5374 1.

74 5403 208 5486 basnage
234 5396 465 5463 adcnn.210‚3
491 5393 636 5467 Dupinius
671 5397 717 5449 ost
738 5392 900 5464 Rigatrum
1045 5390 1212 5462 Hieronym.
1239 5406 1270 5445 ιιι
1299 5389 1433 5461 datalop„
1463 5405 1528 5463 cup.
1556 5389 1601 5460 58,
1631 5395 1661 5448 at
1689 5388 1780 5464 lipist.

77 5444 343 5533 mnooiinatur:
361 5492 376 5520 a
388 5468 584 5540 Hieronymus
596 5464 627 5520 ln
644 5409 783 5546 &ulciaco2
798 5462 828 5518 in
842 5479 900 5534 quo
955 5462 991 5517 83
1002 5463 1039 5517 act
1053 5462 1191 5543 Mapoura.
1248 5531 1253 5545 Ι

79 5552 245 5621 temporum
265 5545 363 5599 serrat
377 5537 521 5608 ordinem,
537 5535 751 5594 Tertullianum
775 5538 854 5590 mter
873 5537 902 5591 at
1002 5533 1020 5586 7
1047 5533 1155 5589 Minoo.
1172 5548 1202 5586 ιιι
1217 5531 1339 5601 liralop„
1354 5547 1419 5606 cap.
1434 5531 1463 5589 2.

80 5618 254 5694 morionum
265 5613 488 5693 sumnumerat.
500 5632 512 5662 ι
524 5607 687 5666 Minucium
696 5604 902 5664 aTertulliano
1003 5604 1020 5659 8
1046 5605 1137 5673 idem,
1153 5617 1218 5675 cap.
1232 5601 1278 5658 28.

10 5680 25 5883 ι
216 5743 352 5809 Parion.
373 5737 429 5802 lll.
