3900 6112
524 174 527 179 ’
575 218 679 281 enas
700 220 727 282 ι.
742 252 782 265 -
800 218 1052 283 nonnosum
1075 218 1280 283 vaanenu.

72 352 1777 381 mmm

534 503 746 567 sclarola
764 503 797 568 S.
816 502 1022 569 creemur
1039 504 1099 567 AD
1115 503 1319 579 culorum

721 654 756 693 ns
770 651 930 695 assamero-
947 650 1139 694 nsrrrmuois.

481 753 605 826 (dream.
621 770 651 827 p.
666 752 729 810 392.
746 752 855 811 Pamel.
871 751 978 826 Rigalt.
994 752 1089 810 Belua.
1105 756 1193 810 Oxom
1212 754 1286 827 tips.
1303 754 1388 827 anxi.)

171 992 335 1049 Cresimus
359 994 368 1029 ¹
385 993 491 1057 Qumro
505 994 544 1064 (t)
558 1009 658 1049 rasam
679 1010 812 1050 emersu.
916 993 944 1060 Α
958 996 987 1048 et
1001 993 1159 1049 adversarii
1175 993 1282 1050 Christi
1296 994 1307 1029 ¹
1331 993 1438 1050 habere
1461 994 1617 1051 videantur
1644 994 1782 1053 abluendi

112 1087 135 1138 1.
150 1080 259 1139 Retulit
268 1081 303 1137 ad
314 1097 371 1152 me,
384 1082 472 1137 irater
479 1080 663 1154 charissime,
671 1082 816 1138 Lucienus
827 1096 905 1137 oom-
959 1086 988 1137 et
1002 1081 1176 1154 purificandi
1190 1086 1219 1138 et
1234 1082 1436 1139 sanctillesndi
1453 1081 1582 1139 hominis
1597 1088 1781 1155 potestatem.

72 1171 227 1245 presbyter
253 1174 362 1227 noster.
379 1174 407 1227 te
430 1168 655 1228 desiderassent
670 1170 905 1245 significaremus
959 1170 1017 1227 Nos
1032 1175 1129 1226 autem
1153 1171 1279 1227 dicimus
1295 1188 1345 1227 eos
1361 1173 1411 1243 qui
1428 1171 1495 1228 inde
1510 1172 1640 1237 veniunt,
1661 1188 1718 1228 non
1734 1187 1783 1229 re-

69 1260 125 1316 tihi
148 1260 219 1332 quid
248 1259 476 1315 sentiamus¹de
495 1258 542 1314 his
560 1258 905 1332 quiapudhereticoeet
960 1260 1097 1332 baptizari
1122 1259 1199 1332 apud
1225 1276 1289 1329 noe,
1315 1260 1365 1316 sed
1395 1258 1546 1331 baptizari.
1576 1259 1676 1331 Neque
1703 1260 1782 1317 enim

78 1348 903 1419 schismaticosbaptizarividentur(2).Dequarequid
957 1348 1105 1421 ascipiunt
1130 1347 1188 1405 illic
1203 1346 1314 1420 aliquid
1330 1348 1379 1402 uhi
1396 1347 1468 1403 nihil
1491 1352 1550 1417 est,
1580 1348 1630 1403 sed
1660 1348 1784 1406 veniunt

74 1452 172 1510 nuper
184 1436 215 1491 in
230 1434 353 1493 concilio
374 1436 493 1508 plurimi
510 1438 673 1509 coepiscopi
687 1454 754 1492 cum
774 1452 905 1509 compre·
958 1437 993 1491 ad
1011 1454 1064 1493 nos
1075 1440 1106 1491 ut
1123 1435 1420 1510 hicaoeipisntubiet
1427 1436 1521 1510 gratia
1531 1435 1675 1493 etveritos
1685 1436 1783 1493 omnis
1895 1422 1913 1437 '¹

73 1526 205 1599 abutaris
220 1524 270 1596 qui
286 1524 409 1582 aderant
431 1526 645 1594 censuerimus,
662 1529 695 1582 ut
709 1526 809 1596 scires,
825 1526 904 1597 ejua-
958 1530 1013 1595 est,
1025 1526 1094 1598 quia
1108 1529 1136 1580 ct
1148 1526 1243 1597 gratia
1256 1531 1285 1580 et
1296 1526 1402 1581 veritas
1419 1542 1477 1581 una
1501 1528 1555 1582 est.
1571 1526 1659 1581 Porro
1684 1531 1783 1583 eutem

78 1614 146 1671 dem
161 1611 291 1684 epistole
305 1613 472 1686 exemplum
487 1614 540 1670 tibi
555 1614 634 1671 miei.
664 1615 767 1672 Nescio
795 1615 903 1672 etenim
958 1614 1079 1682 quidam
1094 1613 1258 1683 decollegis
1269 1613 1377 1670 nostris
1392 1613 1507 1669 malunt
1520 1613 1664 1671 hereticis
1690 1614 1782 1671 hono·

73 1719 135 1775 qua
158 1702 387 1775 presumptione
409 1703 559 1760 ducuntur
585 1703 705 1775 quidam
730 1704 766 1760 de
784 1702 905 1777 collegis
958 1718 1019 1758 rem
1035 1702 1105 1759 dare
1128 1718 1217 1773 quam
1237 1701 1517 1769 nobieconeentire;
1532 1707 1571 1771 et,
1597 1702 1667 1757 dum
1693 1702 1783 1759 nnius

74 1792 196 1859 nostris,
214 1796 247 1847 ut
262 1797 364 1863 putent
379 1808 429 1848 eos
445 1792 494 1864 qui
512 1792 589 1864 apud
616 1791 766 1849 hereticos
780 1792 791 1827 ³
819 1790 904 1847 tincti
959 1792 1098 1862 baptismi
1113 1792 1326 1848 asseveratione
1342 1791 1489 1863 baptizare
1502 1790 1651 1847 venientes
1667 1789 1782 1855 nolunt,

79 1885 162 1946 sunt,
177 1880 295 1954 quando
310 1880 347 1936 ad
363 1897 417 1937 noe
431 1882 573 1949 venerint,
590 1880 729 1954 baptizari
746 1898 802 1937 non
819 1897 902 1954 opor·
958 1881 1011 1947 sic,
1028 1886 1078 1935 aut
1092 1882 1150 1935 duo
1170 1880 1348 1952 baptismata
1363 1880 1419 1951 ipsi
1436 1880 1558 1945 iaciunt,
1574 1880 1644 1935 dum
1660 1883 1690 1935 et
1704 1880 1783 1953 apud
1897 1930 1901 1937 .
1926 1942 1930 1951 ¹

86 1974 159 2037 tere,
176 1985 209 2026 eo
225 1970 303 2042 quod
325 1969 425 2026 dicant
440 1987 532 2026 unum
558 1971 707 2043 baptisma
733 1986 808 2037 esse,
825 1970 903 2042 quod
959 1968 1109 2025 hereticos
1124 1968 1272 2041 baptisma
1291 1985 1355 2025 esee
1373 1968 1484 2035 dicunt,
1515 1973 1566 2024 aut
1592 1972 1679 2035 certe,
1705 1966 1784 2040 quod

80 2074 176 2114 unuin
192 2055 303 2113 scilieet
314 2055 345 2112 in
362 2057 486 2113 Ecclesia
500 2055 644 2113 catholiea
654 2062 709 2113 eet.
724 2059 792 2123 Qus
807 2056 904 2113 Ecole·
958 2062 1004 2114 est
1026 2058 1154 2127 gravius,
1180 2057 1382 2113 hereticorum
1403 2058 1552 2114 sordidam
1583 2062 1611 2112 ct
1633 2057 1785 2130 protanam

75 2147 341 2214 siatsinnsest,
370 2162 434 2202 esse
460 2147 608 2219 baptisma
636 2151 717 2202 extra
745 2145 904 2202 Ecclesiam
958 2145 1141 2215 tinctionem,
1165 2162 1232 2201 veru
1269 2152 1298 2199 et
1327 2145 1412 2201 unico
1438 2150 1467 2200 et
1495 2145 1622 2216 legitime
1651 2143 1786 2201 Ecclesia

75 2252 136 2293 non
152 2238 263 2307 potest:
285 2250 363 2303 nam,
381 2252 448 2290 cum
477 2236 535 2292 duo
560 2234 736 2307 baptismata
765 2250 903 2292 essenon
958 2234 1106 2291 catholice
1123 2235 1268 2305 baptismo
1285 2234 1445 2306 preponeri
1465 2238 1494 2288 et
1522 2234 1624 2290 11θῦ
1652 2234 1787 2305 praeferre

76 2322 203 2397 possint,
234 2321 258 2378 si
288 2322 416 2378 heretici
440 2338 506 2379 vere
532 2322 688 2396 baptizant,
714 2323 771 2395 ipsi
795 2322 905 2380 habent
964 2323 1161 2380 contendunt:
1179 2324 1629 2395 nonconsiderentesscriptum
1651 2338 1734 2380 esse:

78 2410 248 2483 baptismo:
265 2410 430 2483 etquihoc
454 2412 513 2468 illis
532 2412 731 2485 patrocinium
756 2413 792 2469 de
814 2417 911 2469 aucto·
965 2414 1124 2484 baptizator
1150 2430 1167 2466 o
1194 2420 1314 2482 mortue,
1336 2411 1402 2483 quid
1424 2412 1531 2482 proficit
1556 2411 1683 2467 lauatio·
1705 2412 1788 2484 ejas!
1865 2396 1869 2401 ¹
1912 2440 1929 2461 .-

81 2498 168 2557 ritate
192 2514 245 2555 aua
258 2500 473 2571 prestat,eedit
486 2499 544 2558 illis
559 2506 587 2558 et
600 2502 755 2573 consentit,
772 2500 905 2558 uthostee
960 2501 1055 2573 (Eroti.
1071 2502 1222 2574 (3)xxx1v,
1247 2502 1305 2571 30.)
1333 2500 1522 2557 Manifestum
1550 2504 1596 2556 est
1623 2506 1720 2557 autem
1736 2515 1788 2557 eos

805 2619 908 2680 Variae
922 2618 1084 2680 lectiones.

119 2720 501 2787 'Quintinoiratriltrcem
539 2722 711 2790 ¹Quidnos
734 2723 1113 2789 sentiamushemBod.2;
1168 2722 1234 2777 ³Et
1248 2720 1453 2777 schismaticos
1465 2724 1540 2776 lom.
1568 2722 1650 2779 libor.
1679 2720 1733 2776 ΝΒ.
1761 2722 1788 2776 1.

82 2791 150 2847 soc.
162 2793 190 2847 2.
233 2794 326 2858 ‘Qus
341 2792 469 2849 licelesia
483 2794 554 2865 quis
578 2811 636 2849 una
650 2801 695 2850 est
712 2796 776 2852 dod.
792 2796 858 2865 1‚2.
876 2796 938 2852 tin.
953 2796 1008 2851 NG.
1028 2796 1051 2849 l.
1076 2794 1155 2849 Ebor.
1168 2793 1196 2850 Si
1212 2798 1336 2861 estona,
1352 2797 1381 2848 et
1393 2808 1458 2848 esee
1483 2792 1562 2849 corb.
1590 2792 1671 2856 Quod
1696 2807 1789 2847 unum

82 2860 196 2920 scilieet
210 2861 240 2918 in
251 2862 379 2920 Ecclesia
395 2880 453 2920 una
467 2872 522 2935 est,
538 2871 567 2921 et
581 2881 646 2921 esee
662 2866 809 2939 baptisma
824 2872 929 2938 preter
943 2866 1101 2922 Ecclesiam
1117 2882 1173 2920 non
1191 2869 1285 2937 potest
1303 2864 1337 2919 ld.
1357 2866 1388 2919 a.
1406 2865 1509 2920 Praeter
1528 2862 1685 2919 ltcclssiam
1707 2864 1788 2930 tom,

82 2934 168 2991 lber.
195 2935 257 2990 tiu.
293 2934 348 2990 ΝΕ.
388 2936 414 3003 1,
451 2936 478 2989 2·
530 2937 541 2971 ⁸
571 2936 670 2994 Hostis
692 2943 721 2994 et
749 2938 935 2995 adversarius
959 2937 1065 2994 Christi
1095 2936 1203 2992 habere
1230 2936 1363 2992 videatur
1388 2935 1463 2991 tom.
1490 2934 1571 2990 libor·
1600 2934 1654 2991 ΝΕ.
1667 2940 1692 2989 1.
1721 2932 1789 2991 eoo.

86 3006 114 3073 l,
133 3007 161 3063 2.
178 3006 261 3062 liat
277 3006 434 3063 Lavationa
447 3007 514 3063 Boc.
536 3008 562 3064 l.
578 3010 640 3064 Lis.

800 3097 965 3159 variorum
982 3104 1077 3158 notae.

128 3200 166 3273 (l)
182 3200 282 3269 Quinw
295 3201 390 3270 [rotro.
411 3201 492 3258 llunc
508 3206 537 3258 ct
550 3202 692 3275 collegam
714 3217 803 3258 suum
819 3204 949 3271 uocate
968 3203 1094 3276 aliquem
1133 3220 1167 3259 ex
1194 3202 1340 3273 ejusmodi
1368 3203 1490 3257 deorum
1507 3201 1710 3257 sacerdotibus
1729 3200 1790 3256 sive
1893 3230 1897 3235 -

82 3277 113 3329 ct
127 3272 157 3327 in
172 3272 348 3327 Mauritania
356 3274 549 3329 constitutum
566 3274 656 3330 luisse
667 3280 792 3329 testatur
806 3274 911 3345 episto·
967 3274 1139 3339 cultoribus,
1157 3274 1207 3346 qui
1231 3273 1318 3330 etiam
1345 3273 1553 3329 aChristianis
1569 3274 1790 3329 intermortuos

83 3343 272 3415 leaequenti,
290 3344 340 3401 ubi
366 3344 453 3400 etiam
483 3346 620 3401 meminit
647 3346 737 3416 hujus
768 3344 909 3418 epistole.
966 3346 1063 3402 seculi
1079 3346 1335 3429 computabantur.
1352 3345 1453 3416 ltaque
1473 3349 1574 3400 auctor
1593 3346 1680 3400 istius
1707 3344 1789 3409 dicti,

83 3420 197 3471 lineam.
967 3424 998 3473 nt
1012 3416 1100 3473 verba
1123 3417 1262 3474 Siraeidis
1285 3416 1322 3472 ad
1342 3433 1429 3472 suum
1458 3416 1494 3471 de
1522 3420 1605 3471 ostra
1630 3414 1789 3471 lleclesiem

121 3486 160 3557 (2)
177 3486 248 3540 Dum
263 3484 375 3557 etopcd
400 3488 544 3543 haereticos
572 3488 708 3559 baptismo
724 3500 782 3543 esse
804 3486 909 3543 dicunt.
966 3487 1119 3560 baptizatis
1134 3504 1254 3545 sensum
1270 3489 1450 3554 transieram,
1479 3486 1579 3544 omisit
1605 3487 1682 3558 quod
1712 3486 1789 3557 apud

83 3557 272 3628 Atqueinter
291 3573 417 3613 canonae
445 3558 495 3630 qui
526 3557 666 3614 dicuntur
694 3557 910 3630 Apostolorum,
966 3560 1126 3617 Siracidcm
1155 3561 1304 3631 sequitur:
1321 3559 1353 3613 Et
1375 3560 1479 3614 iterum
1504 3561 1592 3642 coepit
1616 3574 1703 3619 eum:
1731 3572 1790 3628 que

82 3628 278 3684 disertissime
298 3626 431 3695 hahetur,
448 3626 512 3690 τοὺς
529 3630 603 3704 παρὰ
616 3632 670 3683 τῶν
693 3628 834 3717 alpenses
858 3626 911 3758 kie-
966 3638 1043 3688 certe
1058 3632 1179 3695 omisso,
1195 3636 1256 3687 tota
1271 3648 1354 3687 mens
1370 3630 1510 3685 Siracidis
1526 3629 1646 3685 ehditur
1663 3645 1714 3686 :ex
1740 3643 1790 3685 ee·

85 3696 247 3762 narseten<
266 3698 279 3766 ξ
296 3701 546 3774 χειροτονηθέντας,
562 3697 624 3756 οὔτε
639 3719 751 3762 araceus
766 3695 828 3754 οὔτε
878 3720 911 3770 η·
988 3702 1116 3775 uequod
1133 3701 1419 3759 aSiracidedictum
1446 3702 1550 3771 iuerat,
1567 3702 1655 3771 Quia
1682 3708 1791 3757 mortuo

86 3768 262 3846 praebeatis:
278 3765 400 3826 δυνατόν.
416 3775 484 3828 Can.
509 3772 554 3826 68.
572 3774 684 3829 ilicem.
966 3720 1125 3845 baptizetur
1144 3782 1170 3829 ct
1185 3776 1286 3829 iterum
1301 3774 1389 3844 tonqit
1403 3790 1477 3844 eum,
1492 3789 1547 3828 non
1572 3772 1681 3845 proficit
1709 3771 1789 3827 tave·

122 3843 161 3909 (3)
176 3842 232 3911 Qui
246 3842 404 3912 baptisatur
416 3861 433 3899 c
447 3854 567 3911 mortun,
593 3846 659 3916 quid
673 3846 780 3916 proficit
807 3845 913 3901 lauatio
967 3847 1005 3901 tio
1019 3847 1090 3917 ejas,
1104 3846 1215 3900 dietum
1228 3862 1348 3918 pmrsus
1364 3843 1441 3899 aliud
1458 3844 1615 3916 expressit:
1633 3843 1688 3912 Qui
1702 3843 1791 3914 bapti·

85 3912 394 3984 ejus?Sspenuinero
409 3916 527 3987 quidem
545 3924 643 3971 noster
657 3916 817 3988 Cyprianus
828 3914 913 3972 etalii
965 3920 1303 3986 accersitumque
1340 3916 1448 3987 proficit
1472 3917 1574 3970 locutio
1601 3916 1670 3984 ejus.
1708 3911 1790 3978 Quod

84 3988 189 4040 Patres
204 3983 352 4054 arripiunt
368 3986 402 4042 de
431 3986 591 4058 Scripturis
611 3987 752 4058 quidquid
780 3986 826 4043 vel
851 3988 913 4044 eolo
968 3988 1067 4045 idiotis
1081 3988 1327 4054 Christianorum,
1352 3987 1388 4041 ob
1403 4002 1479 4055 eam,
1503 4002 1568 4057 quia
1584 3986 1638 4041 luit
1652 3986 1726 4057 ipsis
1741 4001 1791 4041 no-

85 4055 242 4111 verborum
258 4072 329 4111 sono
341 4058 436 4114 lacere
450 4058 485 4112 ad
498 4058 679 4130 propositum
705 4058 829 4128 videtur,
846 4064 873 4115 et
888 4057 914 4114 si
968 4058 1093 4129 tissima,
1111 4064 1323 4115 mortuoruma
1346 4056 1541 4129 pellationem,
1562 4074 1628 4113 cum
1643 4055 1793 4129 mirepla·

84 4126 183 4207 longe¹
194 4127 251 4182 alio
264 4126 303 4209 eit
318 4128 495 4185 audiendum
512 4131 799 4255 sensu:quusmodi
816 4129 915 4203 aliqua
967 4131 1088 4197 coisset,
1100 4130 1304 4203 neglectojam
1321 4076 1461 4186 giranidis
1490 4146 1590 4193 sensu,
1617 4129 1646 4183 in
1674 4144 1790 4210 prouer-

86 4204 255 4254 notavimus
271 4215 299 4253 rn
327 4201 567 4271 precedentibus.
597 4200 658 4264 Ouo
707 4218 773 4258 vero
801 4200 849 4257 hie
879 4202 914 4258 de
969 4203 1049 4257 bium
1066 4201 1146 4257 abiit.
1163 4200 1516 4273 llocigiturCyprianum,
1529 4217 1587 4256 non
1603 4216 1637 4254 ex
1652 4199 1790 4255 Srracrde.

86 4267 237 4325 tricesimo
252 4268 448 4327 Ecclesiastici
464 4272 557 4341 capite
572 4272 692 4327 citatum
715 4272 846 4344 plerique
862 4290 915 4343 pu·
970 4273 1021 4329 sed
1036 4290 1070 4329 ex
1084 4272 1162 4345 vulgi
1180 4272 1330 4344 proverbio
1346 4271 1509 4344 sumpsisse
1524 4270 1625 4327 malim
1653 4270 1790 4342 equidem

87 4344 161 4409 tant,
177 4341 297 4396 omnino
313 4341 472 4409 abluditah
487 4342 636 4415 Sapientia
647 4344 794 4400 Siracidie.
808 4344 916 4400 Rectis-
970 4343 1438 4415 arbitrari,quamdicerovirum
1461 4346 1576 4398 tantum
1600 4358 1658 4397 non
1687 4341 1793 4414 legisse

86 4412 270 4469 simeautem
283 4412 915 4485 Cyprianusnithereticoeetschismaticos.
970 4421 1020 4471 aut
1049 4432 1106 4471 non
1146 4415 1325 4471 intellexisse
1358 4413 1527 4470 Siracidem.
1556 4414 1721 4482 Enimvero,
1750 4412 1794 4469 aio
1908 4452 1912 4461 ·

89 4483 139 4555 qui
156 4488 237 4538 extra
251 4484 410 4540 Ecclesiam
430 4491 509 4551 sunt,
535 4486 610 4541 inter
632 4492 764 4542 mortuos
792 4503 914 4558 compu-
969 4487 1057 4544 etiam
1074 4486 1225 4559 opinatum
1250 4501 1315 4541 esse
1331 4488 1537 4557 Augustinum,
1553 4502 1587 4540 ex
1601 4500 1635 4541 eo
1644 4483 1794 4569 colligitur

88 4554 157 4620 teri,
174 4571 278 4626 nempe
293 4562 425 4612 mortuos
440 4556 621 4683 spiritaliter.
635 4559 671 4612 At
684 4557 756 4612 nihil
778 4557 835 4613 tale
859 4557 916 4613 sibi
931 4568 954 4633 ῃ
971 4559 1047 4629 quod
1066 4558 1094 4613 in
1108 4557 1218 4629 prolixa
1233 4558 1372 4612 adversus
1383 4556 1570 4612 Cresconium
1582 4556 1792 4629 disputatione,

86 4622 182 4681 voluit
205 4626 359 4695 Siracidee,
376 4628 426 4698 qui
476 4644 509 4683 oc
521 4633 634 4683 tantum
650 4629 738 4683 dixit:
756 4630 824 4685 uam
840 4632 888 4699 qui
898 4646 916 4683 c
970 4645 1028 4701 qua
1042 4629 1177 4702 Cypriani
1192 4628 1366 4685 sententiam
1378 4628 1450 4683 eatis
1474 4628 1580 4684 acriter
1603 4627 1717 4698 refellit,
1732 4627 1793 4684 haee

86 4701 206 4763 mortuo,
236 4696 288 4751 απὸ
312 4701 410 4769 νεκροῦ
427 4699 480 4754 hoo
508 4706 553 4754 est
581 4716 597 4753 a
623 4706 772 4755 contractu
809 4699 915 4756 mortui
971 4701 1136 4770 ipsaverba
1164 4701 1347 4771 aCypriuno
1373 4700 1484 4771 prolata
1506 4715 1563 4754 non
1591 4700 1627 4756 ad
1654 4698 1793 4755 Siracidis

84 4767 167 4833 lavit,
182 4773 211 4823 et
227 4768 321 4824 abluit
334 4772 413 4841 quod
427 4770 573 4826 immundi
588 4776 772 4827 contraxerat
786 4787 820 4827 en
840 4787 911 4827 con·
966 4771 1354 4833 nientemrctrahit,seder
1376 4787 1425 4825 ore
1454 4770 1544 4841 vulgi,
1561 4772 1602 4825 uti
1632 4776 1695 4825 tum
1721 4771 1793 4826 lere·

85 4840 326 4912 tagecadsverie,
342 4842 484 4912 sipostea
513 4846 675 4898 revertetur
697 4843 733 4898 ad
762 4842 911 4899 cadaueris
965 4840 1792 4924 bantur,exceptasieinterpretatur,utdetlnitiathapti-

84 4912 336 4979 contectum,jam
352 4911 431 4968 illam
448 4930 533 4969 suam
548 4912 720 4969 lavationem
738 4914 910 4984 perdidisse,
966 4931 1064 4970 smum
1080 4931 1097 4970 a
1112 4913 1298 4979 mortuo,hoe
1309 4919 1354 4969 est
1368 4913 1502 4969 heretico
1518 4912 1578 4967 sive
1590 4913 1790 4979 schismatico,

83 4979 154 5051 qaia
167 4998 239 5037 novo
255 4984 361 5039 mortui
378 4989 514 5041 contactu
526 5000 591 5040 sese
605 4985 827 5043 contaminavit.
844 4988 911 5051 Qua
966 4993 1048 5041 extra
1072 4985 1229 5041 Ecclesiam
1258 4987 1371 5051 datum,
1396 4990 1466 5039 tune
1494 4984 1621 5055 incipere
1647 4983 1790 5055 baptizato

84 5054 233 5109 scatentia
262 5053 336 5109 nihil
351 5056 471 5112 omnino
486 5055 556 5111 iacit
571 5056 606 5111 ad
624 5063 752 5112 mentem
765 5056 911 5130 Cypriani.
967 5057 1106 5127 prolicere
1117 5073 1184 5112 oum
1200 5056 1297 5112 taliter
1314 5055 1477 5139 baptizatus
1494 5054 1599 5109 transit
1626 5054 1662 5109 ad
1684 5070 1791 5125 corpus

82 5124 161 5196 Ergo
177 5124 312 5197 quisquis
327 5132 429 5183 auctor
443 5126 596 5182 initistius
611 5126 690 5193 dicti,
703 5128 913 5198 (lutomerice
966 5128 1084 5197 Christi,
1120 5127 1445 5184 uodestlloclesraltei
1472 5126 1536 5180 vivi.
1555 5124 1791 5181 llocitaeitatur

84 5196 254 5279 baptisatur,
269 5197 460 5323 gtfdstt'ssfissfi
488 5198 597 5254 larvatio
625 5198 709 5265 cius?
737 5198 804 5269 (hoc
832 5199 912 5255 euim
968 5146 1216 5263 etiamaffiuieto,
1243 5198 1380 5269 episcopo
1405 5196 1596 5279 Buruchensi,
1626 5196 1656 5251 in
1684 5196 1788 5279 concil.

84 5272 255 5341 primitusa
290 5285 411 5341 yprmno
439 5274 612 5341 usurpatum
643 5270 732 5325 luisse
760 5287 820 5325 nun
845 5286 912 5325 uam
966 5270 1113 5343 carthag„
1129 5270 1210 5326 stab
1226 5270 1400 5340 dragustino,
1430 5267 1480 5322 hb.
1503 5284 1522 5323 r.
1547 5270 1650 5323 eontra
1673 5267 1789 5325 Petilia·

83 5338 282 5409 crediderim),
298 5339 606 5413 appellationemortoi
629 5338 756 5411 aliquem
771 5286 915 5397 inteilexit
968 5357 1092 5403 nume.
1111 5342 1148 5399 9:
1175 5343 1319 5397 itemeom
1342 5338 1476 5403 audierit,
1505 5340 1555 5419 qui
1584 5340 1745 5410 baptisatur
1771 5356 1790 5395 c

85 5426 123 5467 sx
142 5409 199 5465 diis
213 5409 357 5481 gentium,
377 5414 432 5539 gui
447 5411 582 5467 homines
611 5413 759 5481 quondam
786 5413 913 5479 luerent,
966 5415 1083 5479 mortue,
1099 5428 1155 5467 nort
1180 5413 1207 5468 ei
1232 5411 1344 5482 prodest
1372 5412 1473 5467 levatio
1500 5426 1569 5481 eyes,
1597 5412 1790 5483 respondebit:

83 5480 191 5551 etjam
206 5496 273 5537 cum
290 5482 366 5539 inter
398 5499 447 5540 eos
471 5482 583 5540 censeri
612 5482 801 5556 incipiebant,
829 5486 914 5540 erant
969 5486 1047 5541 Viuit
1063 5483 1259 5539 christeaetc.
1286 5483 1325 5539 Ba
1347 5482 1475 5539 tizantur
1504 5488 1601 5537 sutem
1621 5482 1789 5549 amortuis,

86 5552 195 5609 mortui
210 5577 217 5621 ;
233 5557 294 5620 aut,
311 5554 403 5612 sinon
413 5552 542 5628 aliquem
557 5553 710 5611 extalibus
724 5554 792 5624 diis,
809 5555 913 5612 saltem
969 5556 1020 5631 qui
1036 5554 1219 5629 baptizantur
1232 5553 1262 5611 in
1278 5499 1427 5613 idolorum
1438 5552 1571 5625 templis:
1588 5556 1742 5613 nonenim
1762 5558 1791 5610 et
