3892 6104
108 279 187 341 latr
583 276 687 339 PAllS
708 274 748 337 ll.
764 310 803 321 -
818 270 1104 339 RECENTIORUM
1125 276 1340 345 EXGUllSUS.
1736 279 1816 345 13118
1912 292 1915 299 ’

107 408 346 484 quotangustie,
372 410 477 466 1301
498 410 658 466 ostendunt
677 408 798 465 diverse
822 408 877 465 illae
901 426 935 464 aa
950 410 974 476 Α
991 426 1105 467 aravum
1129 413 1176 469 sui
1205 414 1407 471 candidissimi
1437 414 1539 475 13οὔ
1569 414 1816 487 pectoriscoope-

108 500 260 576 perplexe,
276 516 351 572 quas
379 516 431 571 pro
447 500 511 570 ejus
531 498 700 555 defensione
714 498 836 554 adduxit
850 497 936 554 ratio·
990 500 1050 554 ruit
1065 504 1152 557 ubere
1168 502 1330 561 charitatis.
1347 523 1360 557 ι
1378 504 1430 559 Hic
1446 504 1531 575 juxta
1544 503 1741 575 Augustinum
1756 520 1815 559 nou

108 606 172 647 nes.
187 589 271 644 Modo
285 588 364 644 anim
385 587 536 643 contendit
561 586 688 643 dubitari
715 603 801 659 possa
825 603 861 642 an
883 591 936 660 Cy·
990 602 1054 657 quae
1068 589 1097 644 ia
1120 590 1301 662 stephanum
1325 615 1339 643 n
1353 592 1486 649 irritatus
1508 593 1620 663 effudit,
1638 614 1653 643 n
1669 593 1719 650 sad
1736 592 1814 666 quod

108 678 231 753 prianus
246 676 468 749 rebaptizandos
493 676 642 732 hereticos
664 692 729 731 essa
753 676 887 741 senserit,
905 690 937 729 ac
991 676 1075 732 aliter
1097 695 1131 735 ac
1153 679 1319 751 Stephanus
1340 680 1418 737 circa
1439 680 1641 738 hereticorum
1667 680 1815 754 baptisma

108 766 217 840 sepius
230 771 353 821 conatur
366 766 455 822 ctiam
471 764 594 820 aliorum
610 764 776 822 testimonio
791 764 885 836 ipsius
895 780 937 819 er-
991 768 1083 822 sensit
1097 768 1268 841 Cyprianus,
1283 768 1356 825 illud
1381 770 1517 843 estquod
1533 792 1547 821 n
1559 771 1648 827 ubero
1661 770 1814 828 charitatis

109 872 205 913 rorem
218 855 342 911 dubium
359 855 480 910 reddere
494 854 652 927 (raynero
667 851 816 909 contendit
827 854 937 924 ipsum,
991 858 1149 928 cooperuit.
1168 880 1182 907 n
1197 859 1232 913 iit
1245 858 1296 915 lib,
1314 876 1321 914 ι
1336 858 1370 914 de
1384 860 1533 932 Rapacnp.
1550 858 1593 927 18,
1608 882 1619 909 ι
1636 860 1719 926 Quod
1733 875 1814 933 ergo,

108 944 135 1003 si
149 946 193 1002 ita
207 944 310 1009 sensit,
336 943 414 999 hunc
439 958 567 999 errorem
591 942 751 998 correxisse
772 941 840 1014 (11).
854 942 937 996 Modo
991 944 1098 1017 inquit,
1124 946 1173 1003 ille
1197 948 1241 1003 vir
1264 952 1383 1005 sanctus
1404 948 1587 1021 (Cyprianus)
1612 948 1648 1005 de
1667 949 1815 1023 baptismo

107 1034 200 1091 tradit
214 1032 429 1107 Cyprianum,si
447 1048 546 1089 revera
562 1030 937 1103 noluitssaptiamumapud
991 1036 1077 1091 aliter
1100 1037 1230 1093 sentiens
1257 1053 1346 1109 quam
1370 1054 1402 1093 so
1426 1054 1472 1094 res
1495 1037 1610 1107 haheat,
1635 1054 1699 1110 qum
1714 1042 1817 1113 postes

108 1120 486 1193 hereticosutStaphanus
504 1120 636 1185 docebat,
648 1134 816 1191 agnoscere,
833 1119 860 1173 id
878 1134 937 1175 sus
992 1125 1686 1199 pertractataetdiligentissimaconsideratione
1699 1128 1817 1185 llrmata

109 1211 263 1269 eharitatis
274 1211 405 1266 ubertate
421 1226 454 1265 ac
470 1226 532 1265 sue
548 1209 693 1279 passionis
709 1207 782 1264 laico
798 1223 939 1280 purgasse
992 1218 1049 1279 est,
1065 1214 1094 1269 in
1119 1212 1262 1271 catholica
1283 1214 1395 1271 unitate
1418 1215 1590 1288 permansit,
1614 1220 1645 1273 st
1666 1214 1819 1273 charitatis

111 1299 187 1375 (15):
218 1300 279 1355 hec
302 1298 402 1354 omnia
426 1297 497 1369 quid
523 1296 603 1352 aliud
633 1297 821 1352 manifestant
848 1311 938 1369 qnam
993 1303 1626 1375 ubertatacompensatumestetpassionis
1650 1302 1724 1362 laica
1746 1321 1820 1379 pur·

110 1387 253 1462 pontificii
278 1386 412 1459 precepti
432 1384 938 1457 equitatemtSienimstephanus
992 1398 1104 1465 garum,
1136 1416 1148 1447 ‚
1180 1392 1818 1466 Hoayuxtaaiigusrinumchariratisubyyy.

111 1475 307 1550 precipiendo
335 1474 482 1547 aequitatis
510 1490 543 1529 ac
568 1473 719 1545 potestatis
745 1491 804 1529 snae
829 1473 938 1529 limitas
992 1485 1052 1536 tata
1079 1481 1289 1554 compensavit,
1322 1482 1376 1537 hoc
1407 1482 1554 1554 passionis
1580 1481 1655 1539 sulca
1682 1482 1820 1555 purgavit

112 1564 246 1631 excessit,
272 1580 325 1621 nec
346 1564 386 1618 illi
412 1565 512 1619 cedere
538 1562 689 1619 debuisset
709 1564 883 1635 Cyprianus,
907 1567 940 1617 ut
993 1570 1165 1643 cyprianus,
1181 1570 1321 1627 nimirum
1338 1594 1352 1621 ιι
1368 1572 1446 1643 quod
1466 1570 1560 1637 aliter,
1576 1586 1665 1643 quam
1681 1588 1714 1628 sa
1728 1586 1786 1643 res,
1803 1592 1819 1623 ιι

111 1656 179 1727 qnid
197 1672 247 1727 pro
262 1654 349 1709 istius
364 1653 533 1709 delensione
552 1652 752 1724 indagandum
778 1650 938 1723 Augustino
993 1658 1027 1711 ut
1040 1656 1207 1728 Stephanus
1222 1658 1353 1728 docebat,
1369 1680 1383 1709 a
1402 1657 1529 1729 haberet,
1547 1680 1561 1708 ιι
1576 1658 1653 1715 circa
1667 1658 1818 1717 heretico·

112 1744 226 1811 luisset,
243 1747 342 1798 utrum
358 1741 531 1797 correxisset
547 1758 631 1797 suam
648 1741 823 1797 sententiam
836 1755 938 1809 necne,
956 1772 979 1837 B
994 1760 1060 1800 rura
1073 1744 1220 1817 baptisma
1238 1746 1422 1804 enuntiabat.
1442 1770 1452 1795 ι
1472 1747 1610 1804 Praeterea
1624 1763 1691 1804 eum
1700 1746 1817 1804 Parilia.

112 1850 179 1892 curn
203 1831 284 1888 illam
310 1847 445 1887 revocare
469 1829 670 1903 recorrigere
695 1848 752 1887 nou
769 1828 940 1885 teneretur?
994 1850 1051 1890 aas
1064 1833 1217 1891 Donatista
1230 1834 1365 1907 Cypriani
1389 1835 1592 1893 auctoritatem
1615 1840 1743 1910 urgerat,
1766 1834 1819 1909 qni

111 1927 254 1979 Proterca
268 1921 429 1994 Cyprianus
445 1920 474 1974 in
491 1919 939 1991 co,juxtaAugustinumpccca-
993 1922 1145 1980 hereticos
1167 1924 1202 1978 ad
1228 1924 1387 1981 Ecclesiam
1412 1926 1568 1982 redeuntes
1582 1924 1648 1982 sine
1670 1926 1819 1998 baptismo

110 2014 164 2083 vit,
182 2010 259 2085 qaod
275 2032 289 2059 ιι
306 2008 401 2065 noluit
415 2024 572 2081 agnoscere
598 2009 776 2081 baptismum
793 2007 870 2080 apud
881 2006 940 2062 rre-
994 2028 1053 2068 non
1067 2028 1132 2069 esse
1156 2012 1339 2085 recipiendos
1357 2017 1517 2070 statuerat:
1531 2013 1586 2069 «0
1606 2030 1705 2086 quam,
1720 2012 1818 2071 excla-

112 2101 270 2158 raticosza
295 2103 448 2172 peccatum
474 2098 552 2155 enirn
578 2098 667 2154 luisse
691 2099 768 2169 quod
788 2096 941 2153 charitatis
995 2101 1164 2157 mahundus
1189 2101 1346 2173 respondet
1364 2102 1557 2173 Augustinus,
1572 2102 1762 2159 detestandus
1775 2108 1821 2161 ast

115 2191 291 2249 ubertatsac
306 2188 378 2244 laice
395 2187 541 2258 passionis
564 2187 750 2259 purgandum
766 2190 838 2249 erat,
854 2202 940 2241 namo
995 2206 1076 2245 error
1106 2188 1259 2244 hominurn
1282 2190 1332 2260 qui
1358 2188 1503 2246 clarorum
1527 2192 1657 2248 virorum
1686 2193 1820 2263 quedam

113 2280 247 2347 dubitat;
264 2282 294 2334 at
310 2277 438 2350 prolecto
452 2277 481 2331 in
492 2294 525 2331 ro
540 2294 597 2332 non
609 2282 758 2348 peccasset
768 2274 941 2347 Cyprianus,
996 2295 1053 2333 non
1070 2282 1145 2334 recte
1168 2278 1244 2333 lacta
1267 2277 1454 2335 laudabiliter
1478 2296 1510 2336 se
1534 2278 1643 2335 imitari
1658 2284 1773 2352 putant,
1802 2296 1822 2339 a

114 2370 140 2428 ei
156 2368 304 2441 Stephano
321 2364 501 2439 praecipienti
524 2365 742 2437 agnoscendum
769 2381 831 2420 esse
844 2362 940 2435 bapti·
996 2383 1123 2440 quorum
1138 2368 1297 2424 virtutihus
1312 2365 1400 2424 aliani
1414 2368 1553 2438 sunt;sic
1562 2368 1639 2424 enim
1649 2374 1678 2425 et
1687 2368 1822 2426 nonnulli

113 2474 213 2515 smum
228 2456 306 2529 apud
323 2456 477 2512 hereticos
492 2454 694 2527 obtemperare
709 2470 765 2509 non
778 2453 941 2519 tenebatur,
998 2460 1081 2513 Petro
1105 2455 1236 2529 apostolo
1257 2456 1419 2527 comparari
1444 2473 1476 2513 se
1501 2456 1615 2523 volunt,
1631 2456 1656 2512 si
1671 2455 1822 2514 Christum

113 2564 206 2621 quam
220 2547 250 2601 in
266 2562 328 2602 rern
339 2544 482 2618 quasdam
492 2544 686 2599 recentiorum
698 2542 943 2599 hallucinationes
996 2545 1184 2617 negaverint;
1199 2544 1223 2601 si
1240 2561 1307 2601 vero
1331 2544 1421 2601 etiam
1442 2549 1544 2617 gentas
1555 2544 1707 2617 judaizare
1721 2560 1824 2619 noega·

116 2636 230 2709 aperire
245 2650 302 2691 aon
320 2634 408 2705 piget,
424 2650 477 2688 nec
490 2631 593 2688 inutile
615 2632 739 2687 videtur.
755 2631 810 2687 Alii
824 2634 942 2686 conten·
997 2636 1067 2705 rint,
1082 2634 1200 2690 vocitari
1217 2634 1349 2705 germani
1364 2634 1428 2706 ojus
1452 2634 1609 2691 allectant:
1637 2633 1699 2691 brec
1721 2634 1752 2690 ln
1772 2634 1823 2691 illo

115 2726 191 2783 dunt
207 2722 279 2779 nihil
290 2722 432 2796 Cypriane
448 2722 477 2776 in
494 2720 548 2777 hac
563 2738 630 2777 curn
642 2721 789 2793 Stephano
800 2723 945 2776 concerta·
998 2727 1079 2780 tsnto
1102 2721 1342 2795 reprehensibilia
1367 2722 1496 2788 luerunt,
1521 2722 1571 2779 sed
1595 2726 1676 2779 tanta
1698 2722 1825 2779 eminuit

116 2816 198 2872 tione
212 2810 449 2883 excidisse,quod
466 2809 565 2882 aliqua
581 2809 805 2882 reprehensione
820 2808 943 2881 dignum
997 2811 1157 2886 apostoliea
1171 2811 1266 2885 gratia
1281 2816 1313 2867 ut
1327 2812 1468 2868 continuo
1484 2811 1684 2869 deierantur...
1700 2810 1823 2868 sicaria

117 2902 283 2977 Augustino
298 2900 391 2957 visum
408 2899 506 2969 luerit,
527 2900 587 2955 imo
602 2899 752 2954 allrrmant
767 2898 944 2972 cyprianum
999 2906 1126 2974 martyre
1148 2900 1360 2973 gloriosissimo
1381 2900 1534 2974 Cypriane.
1560 2900 1590 2957 Si
1615 2901 1693 2973 apud
1708 2898 1824 2956 haereti·

117 2992 150 3049 in
165 2990 253 3048 modo
267 3007 325 3063 quo
338 3005 402 3046 sese
414 2988 506 3062 gessit
515 2988 656 3044 adversus
667 2984 946 3059 Stephanummaxi·
998 3008 1059 3061 ros,
1084 2988 1127 3046 ml
1149 2989 1354 3045 schismaticos
1377 2988 1481 3046 datum
1509 2987 1617 3047 Christi
1641 2988 1824 3063 baptismum

118 3097 167 3138 me
181 3081 218 3136 ab
232 3079 394 3152 Augustino
408 3077 618 3143 commendari,
634 3074 944 3149 quorumsontontiam
1001 3080 1118 3138 nolebat
1139 3094 1306 3151 agnoscere,
1332 3082 1414 3134 tanta
1438 3079 1503 3151 ejus
1535 3077 1642 3135 merita
1664 3094 1758 3150 usque
1786 3076 1825 3135 ad

118 3168 165 3227 vel
181 3170 287 3227 relerrs
298 3169 360 3241 jam
385 3172 431 3223 ast
456 3167 592 3223 relaturo.
609 3164 806 3221 consultiores
821 3164 870 3220 alii
885 3164 943 3219 duo
960 3137 982 3205 c
1000 3168 1184 3242 triumphum
1201 3167 1332 3240 martyrii
1347 3171 1504 3225 consecuta
1518 3172 1599 3237 sunt,
1614 3172 1648 3223 ut
1661 3164 1826 3225 atchsrite·
1882 3240 1885 3245 Ι

118 3258 151 3315 in
161 3258 296 3332 Cypriani
307 3257 533 3329 agendiratione
543 3253 823 3327 distinguunt,quod
838 3267 943 3324 nempe
997 3258 1035 3314 tis
1050 3273 1109 3330 qua
1123 3254 1284 3313 excellebat
1298 3253 1372 3329 luce,
1389 3254 1439 3311 illa
1462 3256 1647 3313 obumbratio
1673 3254 1825 3326 lugeretur

115 3347 265 3421 Stephano
282 3345 460 3413 restiterit,et
474 3345 551 3417 quod
564 3343 704 3400 nonnulla
717 3344 747 3398 in
762 3342 943 3414 Stephanum
997 3348 1064 3420 (le).
1080 3368 1095 3397 n
1111 3346 1199 3401 Vides
1219 3360 1254 3400 ex
1277 3344 1441 3417 Augustino
1455 3343 1486 3399 in
1506 3343 1647 3418 Cypriane
1662 3342 1717 3399 hoe
1732 3340 1824 3399 luisse

115 3436 263 3501 effuderit,
288 3452 351 3507 quas
378 3434 606 3489 moderationem
631 3450 664 3487 ac
686 3430 943 3487 mansuetudinem
997 3458 1013 3490 ι
1029 3433 1265 3508 reprehensibile,
1283 3458 1294 3485 ι
1313 3432 1574 3505 quadriremem,
1597 3454 1612 3484 n
1632 3432 1824 3505 quemadmo-

115 3523 310 3581 christianam
326 3524 425 3579 minus
442 3527 586 3594 saperent.
601 3520 632 3577 ld
648 3521 785 3578 ultimum
800 3520 836 3575 ah
850 3522 944 3591 Augu·
997 3526 1069 3581 dum
1083 3523 1139 3597 ipsi
1156 3526 1329 3595 praeceperat
1343 3522 1520 3594 Stephanus,
1534 3544 1546 3573 α
1558 3536 1715 3595 agnoscere
1729 3518 1823 3593 shap·
1925 3500 1932 3525 '

117 3613 198 3671 atino
213 3611 386 3684 reprehendi
401 3620 546 3681 asserunt,
563 3627 621 3667 non
636 3626 703 3665 uem
726 3608 865 3681 primum·
890 3607 943 3663 Pt·
996 3616 1120 3673 tisanam
1135 3610 1242 3669 Christi
1257 3612 1334 3684 apud
1351 3611 1501 3669 hereticos
1514 3615 1544 3668 ot
1557 3608 1823 3668 schismaticnsda·

118 3701 291 3759 caislarum
311 3700 433 3756 dixerim
445 3698 600 3773 Augustini
615 3699 725 3770 scripta
739 3698 782 3753 vel
799 3696 870 3753 satis
886 3713 943 3753 non
998 3702 1142 3771 rummare
1149 3702 1233 3774 juxta
1247 3700 1445 3773 angustinum
1456 3701 1521 3774 ipsa
1534 3699 1731 3773 ruiycyprigni
1743 3713 1823 3773 (μω.

119 3789 282 3861 volverunt,
308 3789 350 3847 vel
365 3790 430 3862 ipsa
443 3790 514 3845 satis
530 3805 588 3844 non
603 3788 767 3855 attonders;
784 3787 887 3843 inscite
900 3786 945 3843 vel
999 3794 1067 3849 dam
1082 3816 1097 3843 n
1114 3790 1300 3848 obumbratio
1316 3814 1328 3844 a
1349 3807 1413 3863 quas
1429 3790 1485 3849 sub
1499 3788 1653 3848 charitalis
1667 3788 1733 3845 luco
1748 3806 1761 3837 a
1776 3787 1822 3843 fu·

120 3894 154 3937 re
166 3880 295 3951 prolecto
311 3878 539 3935 hallucinantur.
1000 3880 1062 3955 gari
1075 3903 1090 3931 n
1106 3880 1218 3936 debuit.

158 3968 312 4025 Enimvero
327 3974 355 4024 S.
371 3968 554 4039 Augustinus
568 3966 599 4023 in
617 3966 761 4039 Cypriane
776 3982 833 4021 non
850 3963 946 4021 solum
1036 3970 1166 4027 Tandem
1191 3984 1228 4024 na
1251 3967 1428 4024 morosiores
1452 3968 1546 4024 simus
1569 3966 1598 4022 in
1621 3962 1828 4040 percurrendis

121 4057 438 4129 comprehenditque
454 4056 552 4112 minus
570 4060 765 4127 temperanter
780 4055 809 4109 in
824 4054 948 4126 Stepha·
1001 4058 1140 4117 omnihus
1155 4074 1218 4129 que
1233 4056 1280 4113 his
1296 4056 1472 4129 respondent
1486 4054 1645 4129 Augustini
1666 4054 1736 4111 locis
1758 4053 1827 4127 (l7y,

121 4163 195 4203 num
210 4146 322 4214 alludit,
338 4147 389 4201 sod
405 4146 493 4200 etiam
509 4146 586 4216 quod
603 4145 665 4216 ipse
678 4143 762 4199 alitor
776 4160 810 4199 ac
826 4143 949 4215 Stapha·
1004 4152 1138 4204 unumst
1152 4145 1330 4216 solum,jam
1346 4146 1443 4201 citatis
1458 4145 1555 4201 adhuc
1565 4144 1769 4201 subnectimus
1780 4158 1831 4215 pa·

121 4252 180 4292 nus
195 4234 224 4290 in
240 4234 295 4290 hee
319 4236 480 4306 questione
505 4234 639 4300 senserit,
663 4234 741 4304 quoa
766 4231 901 4297 notuerit,
920 4237 951 4288 ut
1004 4238 1139 4294 titumex
1153 4234 1221 4291 libr.
1236 4252 1257 4290 ιι
1272 4240 1362 4291 career.
1387 4232 1569 4289 Cnndmnnm
1589 4234 1688 4289 nonar.
1710 4246 1774 4303 cap.
1791 4230 1827 4285 8:

120 4324 288 4397 Stephanus
304 4328 491 4396 preceperat,
506 4323 686 4395 baptismum
708 4322 784 4393 opud
801 4321 951 4377 hereticos
1005 4348 1020 4377 ιι
1039 4326 1121 4381 Absit
1135 4327 1245 4389 autem,
1261 4322 1409 4395 inquibat
1420 4321 1560 4393 quoniam
1577 4320 1766 4378 beatissimus
1780 4319 1831 4392 Cy·

121 4428 291 4487 agnoscere,
312 4412 340 4468 id
357 4412 446 4468 etiarn
464 4416 567 4483 preter
581 4428 625 4475 en,
646 4428 710 4483 quse
726 4412 753 4465 in
770 4411 952 4483 Stephanum
1007 4414 1128 4487 prianus
1143 4413 1178 4469 da
1193 4412 1341 4484 baptismo
1356 4411 1440 4467 aliter
1460 4410 1562 4477 sensit,
1579 4425 1668 4483 quam
1682 4411 1790 4467 veritae
1803 4410 1834 4466 et

125 4522 138 4553 ι
154 4502 287 4558 irritatus
312 4502 425 4571 alludit,
453 4524 464 4551 ι
491 4500 633 4557 charitats
655 4506 685 4557 st
708 4498 846 4571 martyrio
869 4500 991 4573 acy-1)
1007 4506 1093 4559 autea
1105 4499 1325 4569 consuetudine,
1341 4503 1370 4556 et
1384 4504 1485 4571 postea
1500 4502 1650 4571 perspecta
1660 4496 1833 4571 diligentius

123 4593 229 4665 priano
244 4594 402 4664 purgatum
419 4590 547 4646 allrrmat
569 4589 762 4661 Hipponensis
786 4589 952 4661 episcopus.
1008 4590 1120 4647 ratione
1145 4589 1327 4657 monstravit,
1355 4598 1506 4661 propterea
1525 4586 1683 4660 quisquam
1699 4593 1834 4643 nostrum

124 4684 249 4738 Attsntrs
259 4680 324 4751 jam
339 4678 503 4751 Augustino
524 4678 710 4750 praehcantur
732 4694 837 4733 aures:
861 4699 875 4727 ιι
900 4677 953 4750 Gy·
1009 4678 1060 4751 qui
1075 4679 1129 4734 hoc
1144 4677 1222 4751 quod
1234 4677 1282 4732 illc
1293 4693 1351 4733 non
1366 4678 1536 4748 sapimus‚oi
1553 4693 1584 4733 aa
1594 4676 1699 4734 audeat
1715 4678 1835 4747 antepo-

126 4770 262 4842 prianus,
273 4768 371 4842 inquit
387 4764 414 4824 in
432 4768 483 4838 Ep.
500 4767 536 4823 od
552 4767 723 4822 t'r'nccrrtr'nrn
748 4768 840 4837 lleyrrt.
859 4782 883 4821 c.
911 4768 955 4834 lt),
1010 4784 1089 4825 nere.
1101 4768 1210 4823 Cretera
1228 4766 1307 4821 enirn
1330 4765 1423 4821 mults
1438 4772 1468 4823 ot
1491 4782 1599 4839 magno
1611 4765 1676 4837 ejus
1690 4762 1837 4821 meritust

125 4863 178 4915 aut
194 4874 251 4914 non
269 4858 359 4913 sentit
373 4857 493 4913 omnino
509 4856 587 4929 quod
601 4872 668 4910 aum
683 4855 812 4911 sensisse
827 4856 957 4912 recitatis
1011 4858 1130 4914 animus
1145 4854 1290 4927 precipua
1304 4854 1445 4910 charitato
1466 4854 1667 4926 plenissimas,
1683 4868 1735 4925 per
1749 4866 1837 4925 quern

129 4947 219 5021 (apud
245 4946 396 5003 hereticos
420 4962 478 5001 non
504 4960 568 5001 esse
599 4943 801 5015 baptismum),
831 4947 882 4999 aut
902 4944 957 4999 hoc
1012 4944 1130 5017 collegis
1145 4944 1261 5000 diversa
1283 4942 1481 4999 sentientibus
1495 4942 1701 5015 pacatissimus
1716 4938 1837 5007 mansit,

129 5043 231 5109 postea
249 5035 373 5092 correxit
397 5036 427 5090 in
445 5033 548 5106 regula
562 5034 703 5101 veritatis,
715 5038 767 5089 aut
780 5033 858 5089 hunc
873 5033 958 5105 quusi
1013 5040 1042 5091 et
1056 5033 1086 5089 in
1102 5034 1214 5089 unitata
1227 5030 1359 5088 aeclesia
1373 5030 1692 5105 passiogloriosu,sotis
1702 5027 1839 5086 ostende·

166 5160 224 5235 (13)
241 5160 303 5216 Lib.
322 5176 342 5215 rr
356 5160 391 5215 de
408 5161 446 5214 lla
465 5167 497 5224 a,
512 5174 575 5229 cap.
592 5158 638 5221 31,
653 5157 698 5227 33,
714 5157 750 5211 35
764 5161 793 5213 et
807 5158 861 5225 383
878 5155 960 5213 lihrv
1050 5158 1107 5229 (15)
1123 5156 1182 5213 tib.
1196 5172 1205 5211 r
1220 5155 1254 5212 dc
1276 5156 1355 5227 Ropt.
1381 5171 1445 5227 cap.
1473 5156 1526 5225 183
1548 5154 1598 5212 lib.
1614 5154 1650 5211 de
1662 5154 1745 5209 unico
1758 5150 1841 5221 saur.

129 5234 163 5291 de
179 5234 258 5301 bapt.
274 5248 338 5303 cap.
357 5232 389 5286 17
401 5248 408 5293 ς
422 5175 473 5285 lig.
489 5247 498 5285 r
514 5237 607 5285 contra
624 5228 808 5291 Crescentem,
824 5245 888 5301 cup.
903 5230 958 5297 32;
1014 5234 1110 5287 contro
1124 5230 1255 5293 Pel-iliae,
1271 5243 1336 5299 cap.
1357 5227 1410 5297 13;
1427 5228 1514 5299 Epist.
1530 5226 1567 5283 od
1593 5228 1715 5293 Vincerat,
1744 5228 1842 5293 Repu.

130 5306 221 5378 Epist.
251 5303 287 5358 nrt
313 5302 487 5359 rtlncrobr'nrn
511 5301 581 5370 1o8;
610 5302 695 5373 Epist.
728 5300 763 5355 art
790 5301 962 5357 Vr'acenriam
1016 5320 1049 5359 ca
1074 5303 1139 5357 .10.

136 5380 246 5447 tropat,
262 5390 325 5445 cap.
342 5374 387 5429 10.
1052 5320 1107 5446 fib)
1122 5371 1183 5429 Lib.
1200 5370 1235 5428 de
1251 5370 1301 5428 lta.
1317 5368 1456 5442 Baptism.
1473 5372 1569 5426 contro
1592 5366 1764 5427 Petilioaura
1778 5380 1842 5439 cap.

131 5508 134 5513 ,
172 5448 229 5519 (11)
245 5446 297 5502 Lih
320 5444 492 5517 adederat,
522 5460 586 5516 cap.
612 5443 627 5497 1
651 5442 740 5509 et5;
763 5440 964 5501 lih.1rceatra
1017 5444 1063 5502 13.

137 5520 278 5588 Crescere,
294 5532 358 5592 cap.
375 5516 450 5580 ult.;
475 5516 561 5588 Epist.
585 5514 621 5569 nd-
639 5515 758 5571 Vinccat.
775 5515 882 5587 uonna,
897 5532 963 5591 cap.
1054 5514 1111 5585 (l7)
1129 5512 1163 5568 V.
1178 5511 1230 5569 lib.
1247 5530 1279 5568 ru
1293 5510 1326 5568 de
1340 5512 1474 5585 Baptista.
1490 5529 1555 5586 cap.
1571 5510 1625 5581 193
1639 5512 1726 5587 epist.
1743 5510 1796 5567 108
1808 5504 1846 5573 od

137 5590 182 5651 10.
955 5633 977 5670 Ι,
1018 5586 1274 5661 neronianam.
1290 5586 1389 5657 3,eto.
