3892 6104
148 313 209 378 203
799 309 842 373 H.
865 307 1056 372 MINUCIUS
1078 306 1203 374 auutx.
1794 299 1859 369 201

150 448 222 504 dum
238 461 302 502 esse
313 444 428 501 censuit
440 444 488 517 (9).
499 442 655 510 Nimirum,
665 442 764 515 inquit
775 444 973 512 Heumannus,
988 445 1017 510 Α
1069 442 1114 499 tv,
1132 475 1164 485 -
1179 443 1260 507 Quod
1273 443 1298 500 si
1311 459 1372 500 rom
1387 443 1428 500 ita
1439 458 1470 499 se
1480 438 1586 498 habere
1601 438 1793 514 perspicuum
1807 439 1856 507 sit,

151 534 332 601 Lactantius,
348 535 398 607 qui
414 534 528 606 primus
544 532 677 589 omnium
693 532 770 587 inter
793 532 974 604 antiquiores
1028 531 1110 587 illum
1123 529 1858 604 qunqueconsequansfuerit‚Minuciumnostrum,

150 640 184 680 eo
200 640 322 680 munere
339 624 470 678 lunatum
486 638 551 679 esse
564 621 726 677 Minucium
749 621 900 693 perhibere
914 620 973 676 exi·
1029 621 1116 677 etiam
1133 626 1199 688 post
1220 622 1386 677 christiana
1402 619 1553 692 religionis
1578 619 1802 692 professionem,
1829 618 1858 673 in

151 713 300 783 stimatur‚
312 710 441 785 appellat
449 709 534 766 illum
547 710 664 782 quidem
681 731 694 760 α
706 709 903 778 causidicum;
916 729 930 758 »
941 724 975 764 ea
1029 709 1131 765 eodem
1148 710 1412 766 munereobeundc
1424 708 1597 782 perstitisse.
1609 706 1761 780 Siquidem
1772 707 1859 764 Octa-

151 798 973 872 tamenelegantinotione,quaipsumnon«tcrensem,a
1028 798 1108 854 vium
1125 799 1161 854 ad
1190 799 1357 854 sellomam
1387 798 1501 855 venisse
1530 797 1633 854 scribit
1662 797 1734 871 (13),
1757 818 1773 847 a
1790 812 1858 852 eum

154 892 204 948 ssd
222 910 236 941 a
251 889 415 945 christiana
443 887 621 960 religionis»
648 887 829 945 causidicum
852 886 975 943 innuat:
1030 886 1067 943 ad
1083 887 1261 943 vindemiam
1281 886 1359 943 teria
1380 886 1569 958 Judiciariam
1584 901 1684 942 curam
1710 884 1858 941 relaxave-

153 995 211 1051 quo
226 977 317 1034 semet
334 978 440 1049 posito,
466 975 608 1031 lactantii
624 975 711 1031 verba
727 991 877 1048 perperam
894 989 976 1029 acce·
1031 980 1114 1041 rant;
1131 976 1188 1030 »id
1204 982 1259 1044 est,
1275 992 1341 1031 cum
1359 975 1498 1032 aterensi
1522 975 1633 1045 labore,
1647 990 1705 1047 quo
1720 989 1774 1047 per
1788 971 1858 1030 reli·

119 1099 123 1103 ·
153 1065 232 1140 pisse
244 1065 452 1138 Hieronymum
464 1064 642 1120 arbitratur:
658 1063 728 1135 quin
744 1068 773 1120 et
788 1079 821 1119 eo
837 1062 976 1134 procedit,
1031 1080 1122 1136 quum
1143 1064 1212 1120 anni
1236 1069 1353 1137 tempus
1381 1064 1588 1131 distinebatur,
1615 1061 1857 1119 incumbentibus

153 1160 187 1212 ut
201 1155 256 1212 sibi
287 1154 498 1226 propemodum
525 1153 700 1225 persuadeat
719 1151 798 1208 baud
823 1151 978 1224 scripsisse
1031 1152 1253 1209 autumnalibus
1264 1153 1477 1211 teriisvacarat.
1493 1152 1593 1224 Neque
1606 1155 1652 1208 est
1665 1151 1787 1209 demum
1803 1166 1859 1208 cur

154 1244 357 1301 lactantium:
382 1266 397 1294 a
414 1241 560 1298 Minucius
578 1241 657 1297 Felix
677 1258 733 1298 non
750 1239 887 1314 ignobilis
903 1241 979 1296 inter
1032 1241 1099 1313 quis
1112 1241 1234 1296 miretur
1248 1257 1315 1296 cum
1331 1240 1474 1297 Balduino
1489 1240 1558 1312 (11),
1582 1239 1641 1297 ain
1656 1244 1718 1297 tam
1733 1240 1859 1314 profano

154 1333 318 1390 causidicos
332 1330 398 1395 loci,
416 1353 430 1380 a
447 1332 509 1400 sed,
535 1347 620 1387 anon
636 1329 773 1403 ignobilis
786 1329 865 1386 inter
879 1329 977 1385 causi·
1031 1334 1060 1386 et
1082 1329 1201 1386 inimico
1229 1329 1290 1386 toro
1305 1330 1464 1387 consistere
1488 1329 1671 1386 causidicum
1693 1329 1779 1402 pium
1805 1345 1859 1402 po·

154 1423 236 1478 dicos
253 1420 385 1477 Ecclesiae
401 1419 466 1476 fuit.
485 1442 499 1469 a
514 1419 641 1488 Scilicet,
653 1420 705 1488 ait,
721 1435 756 1476 ex
770 1418 979 1491 compendiosa
1031 1418 1123 1477 tuisse
1136 1436 1143 1487 ;
1159 1441 1174 1469 a
1190 1435 1223 1476 ac
1238 1418 1361 1491 proinde
1375 1436 1433 1476 non
1458 1423 1503 1476 cst
1513 1435 1566 1476 our
1576 1417 1645 1477 inde
1660 1418 1760 1492 potius
1774 1418 1861 1476 colli-

154 1510 300 1582 scriptura
310 1510 377 1566 Eece
391 1525 442 1580 pro
457 1509 594 1574 Ecotmiae,
611 1508 696 1564 facile
707 1508 760 1565 loci
776 1507 856 1564 nasci
872 1506 976 1579 potuit.
1032 1510 1082 1580 gat
1096 1505 1287 1563 Heumannus
1298 1506 1355 1579 (15)
1366 1504 1527 1562 Minucium
1539 1505 1722 1562 causidicum
1733 1507 1861 1563 Romani

153 1602 190 1656 At
204 1615 321 1671 operam
337 1599 437 1654 ludere
447 1597 491 1652 vir
502 1597 621 1653 criticus
632 1597 820 1670 comperitur.
836 1597 921 1651 Mitto
935 1594 977 1651 lo·
1033 1595 1086 1651 lori
1098 1595 1327 1668 haudquaquam
1339 1594 1440 1651 fuisse.
1450 1595 1508 1650 «Hi
1519 1593 1597 1650 enim
1608 1593 1633 1651 si
1645 1595 1862 1663 considerent»

155 1685 976 1757 camillumMinucianummcdolaudatum,quemunum
1031 1684 1128 1740 verbis
1144 1688 1209 1740 utor
1223 1684 1378 1740 Mamacbii
1392 1684 1445 1738 viri
1470 1683 1506 1740 cl.
1524 1684 1592 1756 (16),
1604 1706 1619 1735 a
1635 1700 1730 1756 neque
1744 1700 1865 1757 semper

154 1777 236 1843 vidit,
254 1776 369 1848 alioque
384 1775 506 1831 detorsit
521 1775 720 1830 Heumannus.
746 1775 825 1830 Licet
848 1772 926 1829 enim
943 1787 977 1827 ex
1033 1775 1224 1845 imperatores
1235 1773 1350 1844 cavigse
1364 1788 1400 1829 ue
1411 1772 1462 1845 qui
1473 1776 1609 1829 nostrum
1621 1771 1748 1846 publicis
1760 1790 1865 1830 mnne·

156 1866 220 1937 ejus
240 1864 383 1921 sententia
407 1865 495 1919 verba
519 1862 599 1918 iltius
614 1863 669 1918 loci
685 1863 783 1919 airicus
798 1866 866 1933 apto
879 1859 979 1916 eristi·
1033 1863 1117 1919 ribus
1144 1864 1345 1935 iungerentur,
1375 1878 1470 1935 neque
1490 1878 1603 1930 omnes,
1631 1861 1715 1918 facita
1737 1862 1862 1935 quidem

157 1948 978 2025 mentua,quibusejusmoditisdirimatur3atibiumen
1033 1956 1110 2006 carta
1125 1951 1344 2007 confitebuntur
1362 1951 1449 2007 tertio
1473 1951 1589 2016 secuto,
1615 1967 1673 2022 quo
1697 1950 1863 2024 Septimius

158 2044 229 2099 adeo
244 2041 408 2097 luculenter
421 2057 507 2097 suam
523 2055 641 2096 causam
653 2042 877 2110 peroratnoster
889 2058 900 2089 a
913 2053 980 2092 cau·
1034 2040 1157 2097 Severus
1182 2041 1294 2110 aequior
1321 2039 1477 2113 aliquando
1504 2056 1592 2111 quam
1617 2040 1786 2097 decessores
1811 2039 1861 2096 sui

158 2131 280 2200 sidicus,
292 2151 306 2180 a
324 2128 481 2200 etquidem
496 2148 510 2177 a
522 2144 580 2183 non
591 2127 728 2199 ignobilis
738 2126 825 2191 looi,a
852 2128 979 2181 utnemc
1033 2135 1253 2196 consueverant,
1270 2129 1378 2185 nostris
1388 2130 1454 2200 (17),
1468 2134 1496 2184 et
1505 2128 1668 2185 Alexander
1682 2129 1740 2202 (18)
1756 2133 1786 2185 et
1796 2129 1863 2184 Phi·

157 2220 244 2292 plane
259 2218 348 2274 tuerit
363 2217 424 2288 qui,
441 2215 516 2287 aequi
535 2215 645 2287 judicis
661 2219 757 2287 partes
771 2214 825 2270 sibi
847 2230 979 2283 sumens,
1034 2217 1106 2290 lippi
1117 2218 1252 2290 Augusti,
1265 2219 1314 2289 qui
1327 2217 1400 2273 nihil
1411 2218 1565 2274 adversum
1578 2234 1632 2274 uos
1643 2217 1862 2274 decernendum

153 2309 238 2380 juxta
252 2306 346 2377 ipsius
361 2305 467 2376 placita
482 2304 657 2360 seutentiam
677 2305 752 2360 terre
767 2305 916 2360 detrectet.
933 2303 980 2359 Sic
1034 2305 1274 2362 existimaverunt
1289 2306 1356 2379 (19),
1373 2322 1496 2379 regnum
1512 2305 1608 2379 adepti
1622 2311 1701 2374 sunt,
1713 2307 1759 2362 ias
1769 2307 1864 2363 tuisse

156 2396 248 2469 igitur
267 2394 406 2465 ille(10):
435 2393 522 2449 ‹Nos
541 2409 609 2449 cum
633 2392 790 2465 sacrilegos
813 2391 928 2464 aliquos
952 2394 980 2447 et
1034 2394 1320 2451 Christianovircin
1344 2395 1440 2450 lorum
1468 2394 1575 2463 venire,
1606 2395 1864 2468 patrociniumque

156 2486 295 2551 incestos,
315 2483 475 2555 parricidas
491 2482 578 2537 etiam
595 2482 792 2538 defendendos
815 2486 844 2537 et
856 2480 980 2538 tuendos
1035 2499 1137 2542 sorum
1149 2483 1298 2557 suscipere
1309 2500 1382 2555 quos
1394 2488 1445 2539 aut
1455 2483 1564 2553 injuria
1575 2483 1695 2540 affectos
1706 2487 1759 2540 aut
1776 2484 1864 2542 bonis

157 2569 980 2644 suscipiebamus;bos(Christianoslnecaudiendosin
1035 2572 1146 2644 injuste
1175 2573 1303 2645 privatos
1332 2573 1423 2628 tuisse
1453 2571 1687 2628 arbitraretur.»
1713 2573 1863 2630 Arnobius

156 2667 251 2719 totum
267 2661 481 2734 putabamus.»
507 2659 560 2716 Ubi
576 2661 738 2716 notandum
753 2658 784 2715 in
800 2658 902 2731 primis
918 2674 980 2715 ver·
1035 2661 1182 2719 enimvero
1196 2664 1323 2716 testatur
1338 2661 1392 2734 (20)
1408 2683 1422 2712 a
1448 2660 1564 2734 mugnis
1578 2660 1704 2733 ingeniis
1724 2662 1864 2736 praeditos

157 2751 228 2807 bum
240 2748 980 2822 «suscipiebamus,»exlcrosumptummtadaum
1035 2755 1166 2807 oratores
1185 2754 1214 2806 et
1239 2750 1388 2807 consultos
1407 2749 1486 2820 juris
1510 2749 1679 2822 magisteria
1703 2750 1865 2808 christiana

157 2838 254 2896 locum
279 2853 314 2895 ex
337 2837 485 2894 Wowerio
509 2838 757 2895 animadversum.
789 2860 803 2890 a
819 2837 980 2908 Suseepti»
1035 2839 1201 2912 expetiisse,
1226 2839 1334 2913 spretis
1355 2840 1464 2911 quibus
1488 2838 1575 2911 paulo
1600 2843 1666 2894 ante
1689 2839 1830 2895 fidebant.
1849 2862 1863 2890 a

158 2928 236 2986 enim
253 2927 409 2985 «clientes.
424 2927 565 2983 »Servius
575 2927 610 2983 ad
622 2925 695 2983 illud
706 2925 902 3000 virgilianum
913 2924 980 2998 (11)
1035 2928 1146 3002 lltquis
1158 2945 1224 2985 vero
1240 2927 1354 2984 dubitet
1366 2927 1527 2983 trachium
1545 2927 1592 2983 his
1602 2927 1697 2984 verbis
1712 2928 1749 2983 ad
1765 2928 1864 2984 ttinu-

376 3061 408 3112 Et
421 3061 496 3112 mus
512 3060 611 3112 mum
624 3061 730 3112 clienti·
1035 3017 1115 3075 cium
1128 3022 1272 3087 nostrum,
1288 3017 1348 3074 imo
1363 3034 1462 3085 suum,
1479 3015 1652 3088 respexisse,
1673 3032 1761 3089 quem
1785 3017 1865 3074 inter

724 3098 730 3111 ”
1036 3106 1181 3179 ejusmodi
1197 3109 1327 3162 oratores
1343 3109 1371 3162 et
1380 3105 1610 3177 jurisconsultos
1632 3105 1744 3177 primas
1758 3106 1865 3163 tulisse

158 3217 173 3248 a
188 3192 268 3264 Vult,
285 3193 392 3267 lnquit,
407 3194 532 3268 intelligi
548 3193 784 3266 prevaricatores
799 3194 849 3267 qui
866 3194 980 3267 patroni
996 3178 1017 3246 C
1037 3194 1274 3269 probenoverat‘t
1288 3194 1373 3262 Quid,
1386 3195 1463 3266 quod
1478 3194 1685 3265 Tertullianus,
1697 3216 1711 3245 «
1728 3194 1864 3252 Hesterni

158 3288 229 3342 sunt
243 3283 404 3354 clientium,
425 3300 499 3356 quos
523 3300 601 3339 nunc
625 3289 777 3356 susceptos
799 3300 949 3341 vocamus.
967 3306 982 3335 a
1037 3300 1152 3349 sumus,
1168 3283 1320 3355 inquiebat
1330 3283 1398 3354 (21),
1410 3287 1439 3339 et
1447 3288 1543 3339 vestra
1553 3283 1863 3355 omniaimplevimus,

157 3373 283 3445 Reliqua
297 3390 383 3446 porro
405 3373 565 3429 Minuciani
586 3377 749 3440 contextus,
767 3390 855 3451 quam
870 3373 982 3430 descri—
1036 3372 1135 3439 urbes,
1152 3371 1276 3440 insutas,
1301 3370 1433 3438 castella,
1458 3371 1629 3444 municipia,
1653 3371 1864 3440 conciliabula,

157 3461 982 3535 psimus,itacohararenoscunturejusmodivocisillius
1037 3466 1133 3518 castra
1159 3459 1234 3533 ipsa,
1268 3461 1373 3529 tribus,
1399 3461 1543 3527 decurias,
1570 3465 1718 3533 senatum,
1748 3462 1864 3519 torum:

158 3549 982 3623 acceptioni,utquisquisintegramauctorisseutentiam
1037 3549 1100 3606 sola
1115 3550 1196 3606 vobis
1222 3549 1396 3621 reliquimus
1411 3549 1532 3622 templa.
1549 3571 1563 3600 a
1594 3549 1693 3606 Doleat
1716 3549 1867 3623 igiturex

159 3637 305 3709 inspiciat,
313 3639 579 3710 fateaturoporteat
590 3639 687 3711 ipsum
697 3638 855 3713 aliquando
866 3639 982 3709 saltem,
1037 3638 1100 3697 suis
1114 3641 1242 3709 Paroraia
1257 3639 1449 3695 Heumannus
1460 3639 1691 3696 observationem
1708 3639 1789 3696 illam
1807 3656 1867 3713 qua

158 3725 236 3782 106
260 3741 317 3796 quo
341 3729 471 3797 tempore
495 3725 606 3783 scilicet
628 3727 750 3784 ethnicae
779 3729 981 3801 superstitioni
1037 3727 1199 3785 Minucium
1217 3727 1282 3784 albo
1295 3729 1371 3784 101
1387 3727 1666 3800 jurisconsultorum
1681 3728 1866 3786 eradendum

158 3817 236 3871 esset
248 3813 344 3869 adhuc
359 3814 504 3881 addictus,
521 3814 662 3871 causidici
677 3833 799 3873 munere
812 3817 902 3874 tuisse
919 3833 983 3890 per·
1037 3817 1204 3874 statuebat:
1219 3817 1369 3890 vigeatque
1382 3816 1522 3872 Firmiani
1534 3821 1563 3872 et
1582 3816 1748 3890 Hieronymi
1763 3821 1866 3874 aucto·

157 3903 303 3959 iunctum.
319 3902 419 3975 Neque
442 3905 588 3975 verojura
612 3905 679 3976 quis
703 3911 817 3979 regerat
831 3905 982 3963 Octavium
1038 3906 1122 3976 ritas,
1148 3905 1342 3962 asserentium
1367 3904 1530 3961 Minucium
1558 3905 1681 3962 Felicem
1707 3906 1867 3980 nonignc-

158 3992 206 4048 hio
221 4008 239 4047 a
253 3990 380 4049 Minucio
395 3992 437 4048 ita
451 3991 620 4064 loquentem
636 3993 748 4063 induci,
764 3996 895 4068 adeoque
910 3995 982 4051 illud
1038 3994 1106 4051 bilis
1120 3994 1186 4061 loci,
1203 3995 1273 4068 quin
1286 4000 1315 4050 et
1338 3994 1484 4069 insignem
1501 3994 1574 4050 inter
1587 3994 1751 4050 causidicos
1766 3994 1867 4052 Rome

159 4097 253 4139 unum
269 4086 301 4136 ut
316 4079 442 4136 maxime
452 4080 519 4137 inda
534 4080 630 4155 colligi
646 4099 742 4155 posse,
754 4082 905 4142 Octavium
921 4083 984 4154 qui·
1039 4083 1188 4140 exstitisse
1202 4083 1269 4154 (22).

160 4170 238 4242 dem,
255 4185 313 4225 non
337 4172 435 4225 autem
455 4167 630 4243 Minucium,
654 4187 810 4229 causarum
827 4175 983 4245 patronum
1073 4169 1107 4227 V.
1127 4203 1159 4213 -
1175 4171 1322 4228 Minucius
1336 4172 1365 4227 in
1376 4174 1549 4246 paganismo
1560 4172 1596 4228 ab
1609 4171 1785 4230 incunabilis
1797 4174 1869 4230 edu-

160 4257 265 4330 egisse.
291 4256 362 4324 Quis
382 4256 473 4326 enim,
489 4256 585 4330 inquit
597 4258 641 4314 vir
664 4259 797 4319 eruditus
812 4260 879 4333 (12),
895 4261 985 4334 probe
1039 4264 1122 4316 catus
1138 4260 1243 4332 luerat,
1267 4261 1317 4316 sed
1333 4260 1363 4316 in
1386 4261 1556 4334 provectiori
1572 4265 1687 4318 aetetea
1710 4262 1868 4334 gentilium

160 4363 217 4403 non
234 4344 539 4417 intelligatOctavium
550 4344 593 4402 vel
606 4347 641 4402 de
652 4363 683 4404 sa
694 4348 769 4420 ipso,
783 4348 876 4422 deque
892 4349 985 4404 Minu·
1039 4348 1246 4421 superstitione
1255 4349 1371 4417 defecit,
1380 4354 1408 4406 et
1419 4349 1704 4406 christianamssdam
1713 4350 1869 4423 amplexus

160 4434 983 4508 ciosimul,velpotiusliinuoiitantumnominedixisse‚
1039 4442 1103 4506 est3
1126 4438 1376 4509 quomadmodum
1406 4439 1442 4495 de
1468 4440 1564 4511 seipso
1592 4441 1728 4508 testatur,
1755 4439 1807 4497 ubi
1832 4442 1870 4498 de

163 4544 175 4573 a
193 4538 225 4578 se
249 4521 406 4594 aliquando
430 4523 588 4597 sacrilegos
614 4528 643 4581 et
656 4524 793 4598 incestos,
823 4527 985 4600 parricidas
1000 4549 1023 4615 D
1039 4525 1156 4584 Octavio
1171 4526 1232 4583 hac
1254 4527 1343 4583 babet
1356 4528 1430 4601 (23):
1449 4549 1463 4579 a
1480 4527 1563 4598 Cum,
1580 4529 1715 4585 discussa
1730 4527 1868 4602 caligine,

162 4611 262 4677 etiam,
279 4611 477 4668 defendendos
488 4615 651 4671 ettuendos
662 4616 838 4688 suscepisse,
849 4616 986 4672 Christis·
1041 4618 1076 4672 de
1091 4615 1281 4671 tenebrarum
1297 4617 1441 4688 protunda
1457 4617 1487 4671 iu
1499 4616 1595 4673 lucem
1611 4617 1762 4691 sapientias
1776 4622 1806 4674 et
1819 4634 1869 4674 ve·

162 4715 216 4756 nos
232 4713 299 4754 vero
314 4713 367 4753 nec
382 4699 544 4756 audiendos
557 4701 586 4756 in
603 4706 698 4759 totum
713 4696 883 4776 putasset»
1041 4703 1137 4761 ritatis
1151 4720 1341 4778 emergerem,
1353 4722 1411 4762 non
1424 4704 1535 4777 respuit
1545 4706 1694 4775 comitem,
1710 4708 1772 4774 sed,
1788 4706 1869 4779 quod
1920 4713 1927 4722 '

197 4843 236 4914 (0)
252 4842 414 4924 Heumann.
431 4842 543 4923 tarerq.
571 4841 700 4915 Gaettinp.
720 4861 748 4915 x,
771 4861 838 4919 pag.
854 4848 985 4904 208-212.
1077 4846 1134 4920 (20)
1156 4847 1263 4905 Arnob.
1291 4847 1352 4905 adu.
1384 4848 1472 4916 liant,
1497 4848 1548 4904 tib.
1575 4865 1607 4916 11,
1632 4866 1699 4922 pag.
1723 4851 1769 4918 21,
1798 4850 1871 4907 edit.

211 4916 244 4969 10
271 4913 380 4968 Minue.
399 4912 480 4968 Dicto
501 4955 519 4980 .‚
536 4929 570 4968 ca
592 4954 599 4968 .
615 4914 661 4969 28.
1042 4918 1134 4974 Paris.
1148 4920 1227 4975 1656.

212 4914 255 5095 “l
269 4983 320 5040 Vir
341 4984 371 5039 il.
388 4929 499 5051 AEneil,
515 5000 554 5051 vr,
569 4930 633 5040 809.
1088 4989 1135 5060 21)
1150 4989 1270 5046 Tertull.
1296 4990 1432 5064 Apoloqet.
1459 5008 1522 5064 cap.
1546 4990 1592 5064 37,
1615 4992 1660 5048 ed.
1687 4991 1793 5065 Migne,
1809 4996 1831 5050 t.
1847 4992 1872 5065 l,

197 5056 307 5137 (12,Ι.6Ι
347 5071 445 5137 carry,
461 5055 604 5126 Apparet,
619 5059 691 5111 tom.
709 5056 743 5125 ll,
760 5074 827 5131 pag.
842 5058 885 5114 11.
1042 5062 1177 5116 co.tt52.

198 5129 255 5201 (13)
271 5129 380 5209 Minue.
396 5127 515 5209 Dratop„
532 5142 595 5199 cap.
612 5128 640 5183 2.
1077 5133 1134 5204 (22)
1150 5132 1282 5187 videnda
1297 5134 1330 5188 H.
1361 5131 1476 5188 Minucii
1500 5134 1599 5189 Felicis
1624 5150 1674 5206 pro
1688 5151 1717 5190 se
1746 5142 1774 5191 et
1799 5140 1876 5191 stuta

199 5200 255 5269 (14)
272 5199 533 5255 Batduaudassert.
548 5199 584 5254 de
598 5200 700 5256 iliano.
717 5200 856 5270 Fel.,§5.
1041 5219 1090 5259 suo
1106 5205 1227 5274 Epistola
1240 5204 1416 5274 Apotooeta‘co
1430 5204 1465 5259 od
1488 5206 1518 5260 F.
1536 5205 1565 5262 0.
1582 5204 1627 5276 tt,
1644 5206 1672 5260 id
1689 5210 1743 5275 est,
1773 5207 1878 5262 Fride·

199 5271 256 5410 )15)
272 5270 434 5326 Heumann.
451 5268 506 5326 loc.
523 5271 667 5398 cituorzg.
682 5271 745 5326 212.
1042 5275 1137 5330 ricum
1153 5275 1287 5332 Ottonem
1312 5275 1527 5343 Menckenium,
1544 5293 1613 5347 qua,
1640 5278 1781 5333 adversus
1795 5278 1876 5334 Heu·

213 5341 256 5407 16)
272 5340 415 5397 Mamacb
442 5339 517 5412 θήρ.
537 5350 562 5398 et
675 5384 682 5396 .
708 5340 822 5412 Christ,
847 5345 919 5400 tom.
935 5344 987 5416 lll,
1043 5346 1144 5402 manni
1160 5344 1403 5418 observationem,
1429 5353 1613 5403 monstratur
1636 5349 1795 5405 Minucium
1823 5350 1877 5405 Fe-

165 5424 232 5484 pag.
247 5411 300 5463 200
316 5426 395 5493 seqq.
1042 5415 1127 5473 licem
1144 5417 1221 5473 inter
1239 5417 1471 5488 Jurisccnsuttos
1497 5434 1530 5474 ao
1546 5434 1704 5475 causarum
1731 5425 1876 5494 patronos

201 5481 256 5552 (17)
273 5482 446 5538 Tertullian.
461 5484 497 5540 od
511 5485 633 5556 Scapul„
650 5502 713 5558 cap.
730 5486 757 5540 1.
1038 5488 1106 5559 jure
1121 5490 1283 5561 meritoque
1297 5489 1393 5546 locum
1409 5489 1494 5545 tueri.
1518 5490 1585 5545 Haec
1603 5490 1728 5562 epistola
1743 5491 1875 5552 transla-

215 5552 248 5606 18
274 5552 379 5635 Euseb.
395 5556 427 5609 H.
443 5556 474 5610 H.
491 5555 542 5611 lib.
557 5570 596 5627 vr,
612 5573 676 5630 cap.
693 5559 727 5614 16
741 5563 770 5615 et
784 5559 830 5615 28.
1042 5560 1175 5616 taestin
1190 5562 1340 5618 novalem
1354 5562 1503 5619 Eruditor.
1521 5560 1604 5629 1738,
1620 5579 1688 5636 pag.
1704 5564 1768 5621 210.

216 5623 248 5681 10
275 5623 317 5680 ld.
335 5624 406 5681 ibid.
422 5641 485 5699 cap.
501 5627 547 5686 31.
910 5667 912 5672 -
1078 5632 1135 5708 (23)
1151 5631 1259 5691 Minue.
1275 5631 1306 5690 iu
1320 5632 1444 5709 Dictop„
1460 5648 1525 5709 cap.
1543 5633 1570 5691 l.
