3892 6104
229 320 287 387 e'tt
993 328 1176 398 ANOlithl

229 470 258 531 p.
274 456 351 531 561.)
365 457 506 515 Ceterum
530 456 644 517 caattto
659 460 902 521 Academicorum
916 465 1053 523 sectatori
1067 468 1095 536 Α
1110 467 1186 524 sicut
1208 464 1345 540 vidimus,
1368 482 1402 524 ac
1424 480 1476 542 pre
1506 468 1611 527 merito
1632 464 1782 545 repressit.
1806 464 1831 529 b

229 544 364 619 placebat
377 546 438 604 uae
451 548 636 607 intoleranda
649 566 771 624 prorsus
784 552 938 611 dubitatio.
947 556 1054 621 Quam·
1109 556 1145 613 de
1159 557 1209 614 illo
1220 558 1377 630 Protagora
1391 556 1517 630 aliisquo
1539 558 1656 617 duobus
1676 558 1772 617 utbsis
1797 557 1831 617 iu

230 633 330 693 obrem
346 652 475 693 maerere
490 654 548 694 non
565 640 718 696 verebatur
732 640 815 696 illum
832 665 845 692 n
857 644 990 701 consulte
1003 661 1053 717 po·
1109 646 1177 701 riori
1193 648 1346 719 Apparatus
1367 648 1459 703 nostri
1484 654 1563 705 tomo
1578 648 1700 721 aliquid,
1720 649 1757 707 de
1778 647 1831 705 alii

230 722 319 789 lius.»
336 723 658 787 booest.dedivinitute
673 728 767 797 magis
784 732 1055 805 prudentardispu-
1112 736 1306 807 scriptoribus
1332 736 1360 791 in
1388 737 1443 793 isto
1468 737 1588 795 Minucii
1613 736 1705 795 nostri
1728 736 1805 795 libro
1829 764 1831 783 ι

229 816 320 882 tasse,
345 835 360 865 o
384 830 473 886 quam
499 816 628 887 prolerre,
652 838 666 865 n
694 818 754 873 sira
776 824 876 875 contra
891 820 997 893 ipsam,
1014 824 1056 880 uti
1112 823 1166 879 bac
1182 825 1210 879 in
1228 826 1443 897 dissertatione,
1465 826 1515 882 ubi
1530 827 1645 883 occasio
1669 827 1831 884 seseobtul

230 902 557 975 putabant,religionsm
575 922 608 960 ac
623 905 878 979 veritatem‚stque
894 910 1057 967 idcircoin·
1112 913 1330 985 disputavimus
1354 916 1438 987 (lom.
1468 916 1623 988 lAppnrut.
1649 915 1758 985 libus,
1783 916 1831 974 dis

224 988 308 1063 justo
323 992 359 1048 ab
372 992 600 1050 Atheniensibus
624 996 864 1053 osindemnatum.
889 997 944 1055 Sed
960 999 1057 1057 Minu·
1111 1018 1175 1073 cap.
1195 1004 1236 1071 tt,
1253 1008 1308 1059 art.
1322 1005 1351 1072 5,
1367 1020 1432 1077 pag.
1448 1006 1502 1061 785
1515 1008 1541 1061 ct
1554 1006 1649 1078 seqq).

231 1078 296 1138 eius
319 1080 455 1138 insanam
484 1099 605 1155 prorsus
628 1085 692 1155 ejus
719 1086 915 1143 temeritatem
939 1090 1056 1162 acriter,

231 1254 1830 1299 am*

857 1428 937 1469 maes
954 1429 1059 1469 aunum
1079 1416 1182 1471 coutru
1201 1430 1329 1472 ceruus.

822 1585 1344 1745 submitti

900 1852 1265 1962 cunualdus

434 2032 553 2129 SUB
581 2037 967 2136 ALEXANDRO
1003 2039 1250 2136 SEVERO
1288 2038 1747 2136 CONSCRIPTUM.

870 2301 1307 2391 PROLEGOMENA

310 2446 368 2510 Es
382 2446 598 2511 Dissertationc
610 2450 666 2513 Fr.
680 2448 855 2514 Biouehinii
866 2450 902 2515 rie
916 2450 1038 2595 Gunzuzi}
1050 2452 1191 2615 Prtssclhlrssi
1203 2453 1239 2516 S.
1255 2452 1422 2537 Hippolyti
1436 2450 1529 2536 (opud
1544 2450 1683 2516 Goiiunii.
1701 2450 1783 2513 uret.
1799 2470 1828 2514 ut

235 2766 405 2854 ethereis.
421 2770 443 2858 1ἶ
460 2774 541 2828 Vario
555 2775 677 2830 uirorum
692 2776 865 2862 cniditorum
875 2778 981 2850 placito
993 2778 1027 2835 de
1036 2779 1123 2867 huius
1139 2777 1268 2833 chronici
1280 2780 1402 2833 sudore.
1428 2775 1463 2832 lt.
1488 2774 1581 2858 illuri¹
1594 2776 1754 2902 Hyppolyto
1777 2776 1827 2858 epi

269 2850 388 2915 martyri
405 2844 581 2900 tribuendum
594 2847 725 2903 nonnulli
739 2855 946 2907 existimarunt.
964 2851 1010 2905 tlt.
1028 2849 1078 2905 bed
1092 2865 1149 2922 spus
1170 2854 1279 2912 auctor,
1295 2850 1336 2906 uei
1363 2850 1452 2905 Heron
1475 2864 1510 2904 eu
1532 2848 1655 2920 philosop
1676 2864 1703 2903 w
1728 2848 1827 2904 Christi

270 2918 390 2986 martyr,
417 2916 458 2972 rei
480 2919 571 2987 potins
597 2918 765 3003 Anonymus,
792 2924 840 2993 qni
862 2922 911 2978 soih
945 2921 1102 2978 Alexandro
1126 2922 1224 2979 Seuero
1248 2922 1363 2987 eriserit,
1385 2920 1523 2975 trahendus
1543 2918 1660 2975 uidetur.
1688 2918 1735 2973 Ν.
1762 2918 1827 2991 Cony

268 2986 355 3041 tentio
369 2986 402 3042 tls
413 2988 564 3071 hyppotyto
579 2988 708 3046 Chronius
723 2995 834 3047 nurture
847 2996 1022 3063 proponitur.
1038 2992 1071 3047 V.
1084 2994 1117 3048 At
1130 2995 1160 3048 in
1174 2994 1307 3063 computis
1321 2992 1355 3048 oh
1372 2992 1472 3063 hippol
1492 2994 1518 3047 to
1533 2990 1659 3046 dissentit
1672 2989 1827 3047 chronicis

266 3055 315 3112 vt.
331 3058 406 3127 Quod
421 3058 531 3130 quidem
545 3060 642 3117 oliutr's
657 3063 688 3117 in
696 3063 816 3119 medium
830 3066 963 3137 corruptis
977 3067 1124 3121 evincitur.
1141 3064 1201 3120 Vll.
1218 3065 1460 3121 bernoustrotiouis
1473 3008 1556 3129 iuius
1571 3061 1827 3120 blanchinianum

267 3125 341 3185 v1n.
362 3130 452 3188 h'uriee
465 3131 594 3188 t'hronici
608 3138 757 3190 memorati
770 3136 914 3193 editiones.

268 3257 290 3311 1.
308 3256 386 3311 luter
399 3272 487 3329 opera
502 3258 532 3314 S.
549 3257 695 3331 Hippolyti
711 3259 840 3332 episcopi
856 3265 885 3318 et
899 3261 1037 3333 martyria
1052 3260 1185 3317 nonnulli
1201 3258 1255 3316 viri
1268 3260 1344 3317 docti
1362 3258 1573 3315 recensendum
1588 3256 1795 3313 existimarunt
1809 3273 1827 3314 e

233 3344 320 3403 uioon
343 3343 417 3401 illud
441 3347 518 3418 quod
542 3349 724 3421 Anonymus,
749 3349 798 3421 qui
829 3350 885 3406 sub
917 3350 1056 3406 extremis
1085 3349 1240 3407 Alexandri
1274 3349 1371 3406 Severi
1405 3346 1633 3421 imperatoribus
1660 3346 1770 3415 floruit,
1803 3348 1826 3403 A

233 3450 356 3504 merus,
373 3433 449 3492 circa
470 3435 575 3492 Christi
598 3454 709 3494 sunum
728 3454 847 3494 ccxxxvi
862 3438 1016 3511 scripsisse
1039 3438 1228 3511 comperitur.
1254 3438 1334 3495 Hono
1356 3436 1534 3494 senteutiam
1555 3452 1614 3509 pre
1640 3435 1752 3493 solens
1766 3440 1815 3493 est

125 3558 128 3563 -
231 3538 288 3581 xus
302 3522 337 3580 V.
362 3526 392 3580 C.
416 3525 543 3595 congius
567 3527 615 3598 (l).
640 3528 694 3582 Srd
728 3527 757 3582 in
777 3526 863 3583 aliam
890 3528 1026 3584 abierunt
1047 3528 1219 3585 t’carsonius
1251 3529 1301 3599 (2),
1327 3531 1356 3583 et
1379 3526 1547 3584 Dodwellus
1569 3526 1772 3598 (3quuorun1
1797 3542 1826 3599 pi

231 3610 418 3681 Anonymum
434 3629 492 3685 qun
508 3614 543 3668 de
558 3614 684 3687 agimus,
710 3616 864 3689 scripsisse
887 3617 992 3675 statuit
1012 3618 1112 3691 paucis
1139 3624 1203 3690 post
1224 3616 1412 3690 Hippolytum
1437 3616 1523 3671 annis
1539 3632 1545 3671 :
1562 3631 1629 3671 cum
1655 3613 1730 3670 elias
1753 3629 1826 3673 esus

233 3705 346 3773 martyr
359 3705 388 3757 et
401 3702 555 3774 episcopus
580 3704 675 3777 primo
692 3708 823 3777 ejusdcm
851 3706 1007 3763 Alexandri
1031 3705 1127 3762 Severi
1151 3724 1227 3763 anno
1250 3706 1368 3779 Cyolum
1391 3722 1479 3761 suum
1506 3703 1660 3759 inchoasse
1685 3708 1826 3761 noscatur

233 3805 312 3861 rum,
328 3790 435 3862 inquit,
454 3791 637 3852 multones
654 3800 752 3852 noster
775 3797 946 3869 Anonymus
967 3795 1064 3866 habet,
1089 3813 1153 3869 quar
1177 3812 1244 3853 cum
1269 3795 1485 3869 hypothesibus
1509 3792 1657 3865 Hippolyti
1679 3792 1822 3851 chronolo

234 3878 368 3953 ejusdem
393 3880 526 3938 Paschali
545 3887 659 3940 Conone
682 3884 845 3941 obseruatis
864 3885 1027 3942 consentire
1051 3886 1215 3949 videantur,
1247 3901 1370 3957 querque
1404 3884 1476 3940 adeo
1501 3881 1654 3956 Hippolyto
1678 3886 1825 3955 Anonymi

234 3968 335 4026 buisse
351 3968 394 4025 las
408 3973 453 4025 est
467 3976 500 4025 ut
514 3970 706 4044 suspicemur.
732 3978 860 4041 Quorum
887 3973 1005 4047 quidem
1030 3974 1158 4030 virorum
1173 3974 1357 4031 eruditorum
1381 3972 1532 4029 sententia
1557 3970 1608 4026 illa
1628 3970 1657 4026 in
1679 3968 1801 4044 prrlmis
1823 3992 1825 3997 ⁴

235 4060 471 4133 guaimarium,
486 4076 549 4133 qua
566 4060 715 4117 haedere
731 4062 869 4136 praetere
884 4063 955 4119 satis
971 4063 1127 4120 edisseruit
1143 4063 1267 4119 illustris
1284 4062 1389 4135 presul
1415 4062 1589 4118 Franciscus
1617 4060 1666 4133 (i).
1691 4060 1738 4117 bio
1762 4059 1825 4134 iglb

273 4148 309 4205 11.
328 4172 338 4197 ι
356 4149 542 4219 Dolebumus,
554 4153 630 4223 quod
648 4151 722 4207 liber
735 4151 784 4207 ills
799 4152 991 4218 interciderit,
1019 4153 1066 4207 ubi
1088 4153 1250 4227 digesserat
1274 4151 1447 4226 Hippolytus
1467 4148 1753 4208 Demonstrationem
1776 4154 1825 4207 teu

235 4238 338 4295 Pacha
352 4239 603 4311 quemadmodum
621 4241 651 4296 iu
665 4241 786 4299 Tabula.
804 4241 884 4314 Opus
899 4242 978 4299 enirn
995 4241 1077 4309 illud,
1096 4242 1120 4300 si
1137 4242 1172 4298 ad
1190 4258 1243 4298 nos
1255 4242 1402 4315 integrum
1419 4240 1609 4312 pervenisset,
1622 4238 1724 4296 baberi
1738 4238 1825 4297 deber

236 4342 335 4385 seems
350 4328 476 4385 Litteras
489 4330 622 4387 omnium
639 4331 896 4404 pretiosissimum.
914 4331 1066 4403 Siquidem
1083 4337 1149 4389 ante
1164 4332 1353 4405 Hippolytum
1371 4346 1455 4387 nemo
1471 4330 1634 4403 digesserat
1648 4328 1679 4385 iu
1694 4332 1808 4386 certam

237 4430 292 4473 uec
307 4416 343 4472 ad
357 4417 433 4490 ttyoli
449 4435 583 4475 normam
599 4420 750 4493 redegerat
760 4436 859 4477 sacros
875 4419 997 4477 annales
1013 4436 1020 4477 :
1036 4421 1115 4493 quod
1128 4420 1179 4477 ille
1203 4419 1337 4492 prestitit
1360 4418 1591 4475 Christianorum
1617 4418 1795 4489 scriptorum
1821 4434 1825 4489 3

239 4501 416 4563 Occurrebat
430 4507 523 4563 dolori
539 4511 638 4565 nostro
652 4510 697 4564 uir
711 4510 901 4566 doctissimus
915 4509 1058 4567 Dominus
1073 4511 1223 4582 ducange
1238 4510 1268 4564 in
1285 4514 1435 4582 postrema
1457 4507 1587 4564 editione
1611 4505 1761 4563 Pasobstis
1785 4506 1824 4565 Cb

240 4593 343 4651 ubido
358 4594 513 4670 Hyppolyti
529 4602 643 4654 canons
657 4604 686 4654 et
699 4599 914 4656 Commentario
930 4598 1048 4656 Paschae
1064 4598 1191 4672 plurima
1202 4614 1269 4654 oum
1281 4596 1452 4654 disseruerit
1462 4594 1662 4668 solidioriqua
1677 4593 1768 4668 pollet
1782 4612 1824 4653 eri

237 4682 270 4741 ln
286 4682 367 4740 omui
383 4700 488 4757 genere
503 4685 769 4752 litterarumvisus
784 4693 829 4745 ast
843 4688 972 4762 aliquem
993 4689 1022 4743 in
1038 4704 1120 4762 spem
1137 4705 1190 4744 nos
1205 4688 1350 4743 adducere
1368 4685 1434 4742 libri
1451 4684 1613 4759 hippolytei
1635 4684 1806 4753 reperiundi

239 4771 291 4830 illo
307 4770 337 4829 in
353 4774 551 4847 codioo,quem
566 4776 701 4832 Caniaius
713 4778 905 4849 Antiquarum
920 4777 1078 4835 lectionum
1094 4781 1173 4833 tomo
1191 4777 1271 4841 ltl‚ct
1286 4775 1418 4832 babbens
1433 4773 1462 4829 in
1479 4770 1767 4846 primoilibliotbeoa
1782 4774 1824 4829 lli

239 4878 345 4936 porum
361 4860 480 4936 publico
496 4864 570 4919 bono
586 4863 616 4920 in
632 4863 726 4921 lucem
743 4864 934 4937 protulerant.
949 4866 1107 4921 Adornavit
1121 4882 1187 4921 sero
1210 4865 1297 4920 ctiam
1313 4864 1376 4936 ipse
1399 4862 1435 4929 V,
1457 4862 1488 4919 G.
1513 4861 1630 4916 tertium
1654 4858 1788 4931 ejusdem
1812 4878 1824 4918 r

238 4951 409 5019 editionem,
427 4966 509 5007 num.
527 4952 552 5023 h,
564 4952 594 5007 in
609 4952 727 5010 salectis
738 4954 771 5009 ad
785 4954 993 5010 illustrandum
1004 4954 1256 5025 (throniron,quod
1273 4952 1394 5025 parabat
1409 4969 1416 5008 :
1433 4952 1518 5022 cujus
1544 4948 1664 5005 titulum
1674 4948 1705 5005 lu
1727 4947 1824 5007 ludios

237 5039 321 5099 lertls
333 5063 348 5091 n
363 5040 480 5114 prolixo
494 5056 529 5097 ex
543 5041 671 5113 antiquis
687 5043 868 5099 membranis
882 5059 949 5099 oum
965 5042 1098 5099 redderet
1113 5059 1179 5117 pag.
1194 5041 1256 5113 tos,
1273 5041 1314 5098 ito
1328 5039 1544 5097 commendarit
1559 5054 1566 5096 :
1584 5038 1630 5095 tV.
1646 5037 1731 5094 Liber
1744 5053 1821 5112 gene

240 5131 276 5188 ab
294 5131 382 5186 Adam
399 5129 542 5202 usquead
558 5130 690 5187 ordinem
708 5148 771 5203 quc
787 5134 846 5202 (sir)
861 5132 1046 5188 continentur
1060 5132 1088 5187 in
1105 5132 1160 5188 hoc
1173 5131 1258 5188 libro.
1274 5131 1354 5204 Opus
1375 5131 1453 5205 quod
1470 5127 1623 5202 Hippolyto
1646 5127 1803 5185 Portueusi
1820 5148 1823 5181 a

240 5234 327 5295 posse
341 5219 480 5277 duximus
497 5220 525 5276 in
545 5220 713 5277 tralatione
729 5237 736 5276 ε
753 5238 787 5276 en
802 5220 928 5277 editione
943 5220 1058 5277 hienrici
1075 5221 1184 5278 Canisii
1199 5226 1228 5276 et
1243 5220 1382 5293 Phillippi
1404 5217 1508 5276 Lobbei
1524 5217 1560 5272 ad
1576 5217 1665 5273 iidem
1688 5214 1801 5273 codicia

240 5308 332 5367 Paris.
347 5314 410 5365 Soc.
421 5312 489 5367 lesu
506 5309 698 5382 recognitum.
715 5332 729 5359 u
745 5310 778 5365 ht
793 5314 870 5366 certe
889 5309 917 5365 in
943 5310 1111 5383 pretatione
1135 5310 1280 5384 plurimus
1305 5315 1350 5367 eat
1367 5308 1397 5365 in
1423 5307 1602 5381 conjecturis
1625 5305 1823 5378 conquirendi:

290 5453 318 5517 l)
336 5452 445 5507 irater.
461 5452 496 5507 nti
511 5454 615 5509 Chron.
633 5451 743 5517 rosch..
760 5454 774 5521 §
790 5452 823 5507 {7
837 5456 866 5507 et
878 5450 924 5507 25.
1123 5468 1157 5509 ea
1183 5493 1189 5508 .
1212 5452 1353 5525 lh‚§19.-

287 5524 319 5611 ἢ
334 5526 453 5579 bissert.
470 5527 481 5577 t
501 5526 533 5581 de
545 5525 665 5581 success.
688 5526 773 5597 prim.
800 5525 875 5581 Rom.
901 5526 985 5594 episc.
1003 5540 1068 5597 cap.
1158 5470 1197 5598 ft)
1210 5524 1279 5596 Cap.
1295 5525 1323 5589 3,
1337 5526 1352 5592 5
1364 5526 1394 5588 7,
1409 5539 1492 5596 seqq.
1509 5520 1774 5597 eripuerisne..
1790 5526 1822 5581 to

244 5596 480 5743 10(bitilisssrtut.
497 5668 571 5741 sing.
586 5668 620 5725 de
640 5668 721 5725 honi.
744 5668 825 5726 Post.
854 5668 939 5743 prim.
953 5682 1068 5727 sucum
1124 5601 1147 5665 1,
1163 5614 1192 5669 p.
1210 5598 1242 5653 Η
1256 5601 1282 5654 et
1295 5612 1367 5669 ‘ew'
