3892 6104
1520 90 1526 101 .
1559 76 1563 83 ·
1593 42 1617 108 ,“
1647 39 1839 131 ἠν-Ἥ·

114 242 193 303 ttst
639 238 1008 305 mesammones
1029 240 1292 305 substetisse.
1738 238 1811 303 {ild

113 382 526 393 ——-.-—--——-

194 522 424 588 EPISTOLAE
446 524 644 589 otoorstt
663 524 967 687 ALEXAsslltiRINI
988 524 1192 685 episcopt
1212 524 1272 589 AD
1293 522 1568 588 stupentium
1588 522 1739 586 cortu

865 624 1019 690 tussit
1048 624 1119 688 ott.

854 888 1073 947 PROOEMIUM.

149 1034 285 1092 Subnexo
300 1036 496 1109 fragmentum
514 1038 655 1095 Eusebius
670 1037 837 1111 premittit:
854 1036 894 1093 Ad
909 1036 1078 1108 Stephanum
1095 1036 1241 1108 Dionysius
1253 1036 1375 1107 primam
1388 1034 1426 1103 (t)
1441 1050 1616 1106 earumque
1631 1032 1665 1089 de
1677 1034 1798 1105 soptim

112 1125 276 1195 conscriptor
303 1134 381 1187 sunt,
409 1127 557 1193 epistolam
584 1129 731 1182 exaravit:
759 1142 823 1183 cum
850 1142 905 1181 non
932 1123 1081 1181 mediocris
1107 1124 1290 1179 conueniente
1318 1126 1412 1179 ecorla
1438 1129 1517 1187 esset,
1532 1130 1627 1177 utrum
1653 1136 1707 1187 eos,
1720 1124 1799 1192 pules

114 1212 238 1285 quotibet
263 1212 365 1271 heresi
385 1218 590 1285 convertuntur,
616 1216 749 1288 baptismo
771 1216 888 1287 perpuri
910 1218 1056 1283 oporteret.
1082 1213 1185 1283 Quippe
1212 1214 1327 1283 antiqua
1352 1211 1516 1267 cmuuetudo
1541 1212 1707 1275 invaluerat,
1730 1214 1798 1265 ulie

112 1302 249 1371 eiusmodi
260 1304 444 1375 suscipiendis
472 1306 530 1361 sola
550 1321 683 1361 munuum
708 1306 849 1377 impositio
871 1320 933 1359 cum
960 1302 1163 1374 precationibus
1185 1300 1369 1358 adhiberetur.
1400 1302 1512 1357 Primus
1534 1300 1574 1371 (2)
1603 1299 1799 1370 Cyprianuspui

116 1388 358 1461 Gertbapincnsem
373 1399 437 1447 tunc
464 1394 572 1465 repebat
597 1392 758 1458 Ecclesiam,
788 1394 903 1449 nonnul
923 1406 973 1464 per
1001 1390 1166 1463 baptismum
1189 1391 1266 1461 prius
1289 1389 1323 1443 ab
1351 1405 1446 1445 errore
1468 1388 1615 1443 mundales
1638 1386 1800 1442 adrnbtendos

114 1494 172 1536 csse
199 1482 313 1535 censuit.
333 1482 429 1537 l'erunt
455 1482 619 1553 Stephanus,
636 1482 709 1538 nibil
734 1482 863 1539 adversus
885 1482 1065 1537 traditionem
1092 1496 1152 1551 pue
1168 1480 1229 1551 jum
1255 1478 1320 1534 inde
1342 1480 1376 1534 ab
1398 1480 1479 1535 inilio
1501 1479 1662 1533 obtinuerat
1686 1478 1802 1531 innotus·

115 1568 179 1625 dum
193 1576 283 1633 ratus,
297 1570 457 1641 pravissime
472 1571 587 1626 idtulil.
613 1572 653 1627 ,lrl
668 1574 741 1627 bunc
768 1573 930 1643 ipiturcum
958 1568 991 1625 de
1005 1570 1054 1623 hoc
1080 1574 1242 1640 arpumento
1263 1568 1352 1623 inulta
1377 1567 1527 1638 Dionysius
1555 1582 1604 1637 per
1625 1566 1733 1620 litteras
1745 1568 1801 1620 scri-

114 1658 220 1731 psisset,
250 1658 296 1713 illi
322 1658 373 1714 sub
399 1660 483 1729 finem
510 1661 649 1732 sipnificat
677 1676 772 1718 omnes
798 1660 899 1730 abique
924 1650 1069 1723 Ecclesiae,
1099 1655 1203 1712 mollito
1231 1656 1288 1723 iam
1314 1656 1513 1727 persecutionis
1539 1656 1644 1726 surore,
1669 1652 1802 1725 Epictiti)

116 1744 302 1802 turbulentam
316 1749 464 1805 norilalem
488 1748 661 1818 detestantes,
679 1752 753 1805 inter
766 1765 793 1805 se
815 1764 910 1821 pacem
924 1747 1030 1803 litiisse.
1046 1746 1092 1801 Sic
1106 1748 1198 1801 aulem
1218 1744 1314 1799 scribit
1341 1743 1461 1817 (Eusch,
1477 1742 1527 1798 lib.
1544 1759 1604 1807 vrri,
1618 1758 1644 1797 c.
1664 1743 1693 1807 2,
1707 1741 1724 1796 3
1736 1749 1761 1797 et
1772 1740 1802 1813 il.

154 1896 235 1953 Scias
262 1902 370 1969 aulem,
395 1900 493 1970 trater,
520 1907 641 1957 cunctas
665 1918 716 1975 per
738 1900 886 1957 Orientem
910 1903 939 1955 et
952 1902 979 1969 A
1030 1898 1096 1960 'teet
1112 1893 1141 1951 ii
1168 1899 1225 1964 νῦν,
1250 1892 1360 1971 iisset,
1385 1892 1426 1949 δ’τι
1451 1892 1717 1963 {abstersissent
1743 1888 1803 1965 upl-

116 1984 240 2042 ulterius
251 1988 361 2057 positas
370 1987 526 2057 Ecclesiae,
537 2007 601 2061 que
612 1990 693 2063 prius
703 1988 938 2059 erantdiscisse,
992 2005 1069 2056 sapor
1097 1983 1282 2059 itsepieplum
1309 1983 1377 2038 ueri
1402 2004 1431 2039 τι
1452 1984 1501 2051 τὴν
1530 1980 1681 2049 'sussubio
1696 1978 1804 2047 'Eitis

113 2092 193 2132 aune
217 2077 321 2132 stus
346 2077 464 2133 landam
487 2078 523 2133 sd
548 2079 689 2135 unitatem
713 2094 843 2134 reversas
862 2090 937 2152 esee,
993 2073 1059 2141 οἷαι,
1083 2073 1128 2127 usi
1152 2070 1191 2127 ἔτι
1216 2074 1320 2130 ΗΜ
1343 2072 1520 2148 προσωτέρω,
1546 2070 1592 2125 καὶ
1620 2070 1720 2131 niueas
1749 2066 1803 2122 slsis

113 2168 143 2221 et
157 2179 261 2221 omnes
277 2166 444 2237 ubicunque
469 2167 658 2223 ecclesiarum
683 2166 831 2224 antistites
847 2185 938 2225 unum
992 2160 1143 2239 ὁμόφρονες
1167 2162 1192 2216 et
1215 2157 1356 2236 παντοχοῦ
1384 2161 1547 2229 epembasi,
1580 2156 1726 2234 χαίροντες
1756 2155 1805 2219 nrs'

111 2253 250 2325 idemque
265 2254 384 2323 sentire,
400 2260 430 2311 et
445 2256 482 2311 ob
507 2256 650 2312 redditam
673 2257 821 2329 insperato
837 2274 937 2330 pacem
993 2245 1148 2327 inspiceris
1173 2248 1217 2304 ini
1239 2254 1274 2323 τῇ
1298 2250 1371 2325 tiso&
1385 2245 1549 2325 προῦδῡκῖαν
1565 2247 1661 2322 ‘loire
1675 2246 1805 2320 serapin,-

111 2340 275 2398 incredibili
288 2344 396 2415 gaudia
419 2344 575 2412 exsultare,
592 2345 811 2402 Demetrianum
828 2344 939 2403 scilicet
992 2338 1184 2416 Δημητρνανὸς
1212 2338 1238 2393 ἐν
1267 2338 1429 2415 Ἀντιοχείᾳ,
1457 2337 1617 2397 schemeses
1654 2335 1681 2391 tv
1719 2336 1806 2392 littat-

111 2430 282 2504 episcopum
302 2432 471 2500 Antiochiae,
495 2433 694 2490 'theoctistum
718 2437 937 2505 Caesareaetta-
993 2428 1060 2506 pelo.
1091 2422 1255 2500 uetuisse<
1287 2426 1314 2482 is
1351 2426 1436 2499 Alite
1469 2424 1651 2499 κοψοθὲντθς
1693 2420 1807 2495 ’histis

112 2518 251 2575 aabeuem
266 2519 345 2575 AElie
371 2520 419 2591 (t),
436 2526 501 2594 post
525 2526 647 2577 mortem
663 2520 829 2590 Alexandri,
851 2524 937 2579 Mari-
991 2514 1069 2592 ipsu,
1099 2520 1221 2593 Μαρῖνος
1248 2517 1273 2571 iu
1301 2515 1390 2591 Τύρῳ,
1419 2512 1591 2590 Ἡλιόδωρος
1620 2512 1647 2568 is
1674 2508 1806 2581 Awi‘ssit'

113 2624 185 2665 num
201 2608 280 2681 Tyri,
297 2609 442 2665 Laodicee
458 2610 646 2667 Heliodorum
662 2611 855 2683 postabiium
866 2612 940 2669 The·
990 2606 1214 2679 ἀναπαυσαμένου
1239 2602 1428 2680 Θηλνμίδρον,
1465 2602 1577 2663 Ἕλενος
1601 2602 1628 2658 u
1654 2599 1748 2675 Ταρσῷ
1767 2600 1805 2653 sel

113 2696 773 2771 iymidris,tlelenum'1'harsietamneeCitioie
782 2700 936 2769 Ecclesiae,
990 2702 1073 2751 nissi
1098 2696 1124 2749 ul
1146 2696 1194 2763 τῆς
1218 2692 1344 2755 Κιλικίας
1369 2689 1539 2763 Ἐκνλησίαι,
1556 2688 1751 2767 Φιορμνλιανός
1766 2688 1804 2743 tsi

113 2784 318 2842 Eirmilraaum
344 2788 514 2843 cumomni
540 2787 732 2861 Cappadocia.
756 2787 838 2845 Solae
858 2790 936 2846 enim
991 2790 1063 2839 πᾶσα
1095 2780 1282 2855 Καππαδοκίᾳ.
1318 2781 1385 2844 Τοὺς
1413 2782 1463 2858 γὰρ
1491 2777 1734 2857 περνφονεστίρονν
1761 2774 1804 2850 pl·

110 2872 289 2931 illustriores
304 2874 456 2949 episcopas
481 2876 641 2945 nominari,
668 2894 704 2933 ne
728 2876 939 2950 iarleepistola
990 2894 1053 2935 νοος
1076 2878 1131 2928 τῶν
1154 2871 1308 2927 ἐπισκόπων
1334 2870 1473 2944 ὠνόμασαν,
1499 2868 1545 2924 irs
1573 2870 1644 2941 μήτε
1670 2874 1753 2941 μῆκος
1774 2866 1802 2937 τῇ

112 2968 212 3021 nostra
241 2964 390 3037 prolixior,
406 2970 435 3021 el
453 2966 546 3022 oratio
577 2965 729 3022 molestior
756 2966 937 3022 redderetur.
991 2960 1136 3035 ἐπιστολῇ,
1155 2963 1224 3035 μήτε
1249 2960 1331 3037 βάρος
1357 2962 1490 3033 προσάψω
1509 2952 1656 3032 τῷλόγῳ.
1674 2956 1710 3012 nt
1725 2954 1801 3027 μέντοι

114 3052 204 3127 Syrios
227 3052 346 3123 quidem
370 3059 437 3109 totae
461 3060 489 3110 el
507 3056 624 3121 Arabia,
648 3055 755 3128 quibus
777 3055 937 3111 identidem
993 3050 1087 3127 Συρίαν
1116 3048 1178 3105 ὅλοιν
1202 3048 1247 3104 usi
1275 3052 1293 3119 ὴ
1322 3043 1435 3124 ‘epuiis
1455 3048 1495 3109 oie
1520 3045 1662 3123 ἔπαρκῑῖτῑ
1681 3042 1799 3110 isim.

115 3142 281 3198 necessaris
296 3142 491 3215 suppeditatis
506 3144 557 3215 (5),
572 3144 719 3217 siquibus
733 3141 845 3199 litteras
861 3159 938 3198 nunc
991 3140 1036 3195 usi
1061 3140 1102 3201 οἷς
1125 3142 1170 3193 νῦν
1196 3136 1376 3209 secreuisse,
1400 3137 1418 3208 ἢ
1443 3158 1473 3193 cc
1491 3134 1698 3207 Μεσοποταμία,
1714 3132 1800 3190 Πόντος

115 3228 286 3301 scripsistis,
304 3228 512 3303 Mesopotamia
533 3247 650 3303 quoque
668 3237 697 3286 et
721 3230 938 3287 PontusaeBi·
992 3248 1021 3283 τε
1048 3232 1093 3282 usi
1123 3226 1238 3293 bituris,
1263 3226 1307 3281 uei
1329 3226 1468 3282 συνελόντι
1500 3224 1595 3295 εἰπεῖν,
1630 3218 1797 3297 ἀγαλλιώντιν

113 3316 225 3391 thynia,
252 3322 290 3385 et,
306 3322 340 3374 ut
354 3335 412 3375 una
426 3321 514 3376 verbo
538 3320 698 3391 absolvam,
713 3336 815 3375 amnes
831 3320 940 3391 ubique
993 3318 1090 3379 πάντες
1106 3320 1245 3392 πανταχοῦ
1259 3314 1293 3389 τῇ
1307 3315 1422 3387 ὁμονοίᾳ
1435 3316 1480 3369 usi
1498 3310 1668 3393 ονλοδελοίᾷ
1689 3308 1796 3379 δοξάζον-

113 3410 257 3462 terrarum
288 3406 389 3462 letitia
416 3408 557 3480 gestiunt,
592 3406 629 3464 ob
653 3408 727 3464 hanc
754 3407 939 3464 concordiam
993 3426 1036 3467 τες
1050 3406 1096 3461 τὸν
1113 3404 1188 3460 θοόν.

116 3494 334 3568 fraternamque
349 3496 521 3553 charitalem
536 3496 690 3554 laudantes
705 3496 797 3554 Deum
813 3498 862 3570 (b).

826 3648 992 3711 lariorum
1015 3653 1109 3709 nolae.

152 3780 191 3849 (1)
208 3782 340 3836 Priorum.
358 3780 423 3836 ideo
469 3781 573 3837 rimam
599 3782 742 3837 Eusebius
763 3785 856 3847 vocal,
873 3781 943 3854 quia
995 3781 1084 3835 mulla
1099 3772 1304 3845 edisseruerat,
1327 3784 1465 3847 repauset
1486 3775 1624 3831 obtestans
1638 3773 1786 3845 Stephanum

120 3850 432 3925 idemDionysiusexin
456 3853 941 3925 equatuoraliastumadliyslum,
996 3850 1188 3917 hauddubie,
1214 3865 1249 3903 ne
1273 3854 1333 3903 tam
1358 3846 1469 3902 difficili
1494 3848 1522 3902 in
1548 3864 1639 3903 causa
1656 3846 1786 3917 quidquem

119 3926 181 3980 lum
197 3922 233 3979 sd
249 3922 321 3979 Dion
342 3924 431 3993 sium,
454 3924 593 3996 Stephani
617 3940 811 3992 successores,
835 3924 943 3997 pariter
996 3936 1177 3995 praepropere
1201 3924 1309 3991 ageret,
1339 3924 1391 3974 aul
1413 3934 1514 3989 pacem
1540 3934 1608 3973 cum
1634 3924 1676 3973 tot
1696 3922 1786 3985 unqu

117 3996 153 4051 de
167 3994 207 4051 Ea
229 3940 531 4052 tiemoiuereticorum
549 3996 732 4069 conscripsit.
745 3996 904 4051 Cousrsur.
996 3993 1142 4066 praeclaris
1163 3990 1307 4063 episcopis
1322 4006 1387 4073 run
1410 3994 1480 4073 eret..
1498 3990 1668 4071 Censetur„

150 4066 190 4139 (2)
206 4012 330 4123 Erimus.
343 4068 407 4150 lpse
419 4068 579 4141 Cyprianus
594 4068 679 4140 epist.
691 4068 736 4123 rt.
753 4066 791 4122 od
806 4068 940 4135 Quintum
1030 4064 1252 4134 iithammeru
1271 4062 1361 4118 AElue.
1386 4008 1476 4116 grant
1492 4066 1590 4116 textus
1613 4075 1699 4115 serres
1712 4058 1786 4129 posis·

114 4141 144 4193 et
155 4136 226 4193 alibi
247 4138 452 4221 Agrippinum,
477 4139 659 4195 decessorem
686 4155 784 4202 suunt,
811 4138 940 4209 sequias
994 4134 1067 4190 iuret
1081 4136 1254 4189 hostilencm
1268 4136 1359 4199 AElim,
1377 4134 1517 4188 llsrinum
1533 4132 1624 4203 Tpri:
1642 4129 1713 4203 quad
1726 4138 1785 4180 meu·

136 4208 276 4265 rohtetur.
302 4209 489 4266 Errmilianue
513 4216 610 4266 autern
637 4210 825 4275 sententiam,
851 4225 939 4281 quam
995 4207 1064 4263 dum
1081 4221 1156 4273 esse,
1172 4204 1272 4260 olima
1289 4204 1393 4259 Rutine
1414 4210 1588 4269 correctum,
1607 4202 1785 4277 Valesiustst·

113 4226 940 4425 iiiitssstbtiti[sissitristitiis
995 4275 1424 4420 itlielltssiitsslsn
1443 4272 1785 4401 ttl'tl'c‘treitt

114 4423 160 4479 dis
175 4423 329 4493 hereticis,
345 4425 395 4480 sed
407 4425 609 4481 controversiae
625 4441 659 4479 ca
670 4424 704 4479 de
720 4441 751 4479 re
766 4369 939 4479 inteintros
995 4437 1074 4493 papie
1096 4422 1224 4483 nuntiat,
1249 4416 1338 4487 AEliu,
1364 4434 1415 4474 ssu
1441 4423 1473 4473 ut
1496 4418 1584 4473 citato
1609 4390 1786 4483 terriloquis

115 4510 148 4551 ae
173 4495 320 4552 Romanos
349 4496 503 4553 Pantitices
528 4503 600 4552 nate
626 4496 739 4568 primus
763 4500 863 4551 auctor
883 4494 937 4567 Cp·
993 4490 1148 4555 Eusebius,
1171 4490 1431 4561 ierosolymorum,
1459 4506 1517 4545 non
1542 4488 1611 4561 Tyri
1635 4486 1784 4559 episcopum,

114 4564 236 4638 prienes
251 4568 415 4623 censendus
429 4574 483 4623 est.
501 4569 658 4623 Cauarum.
953 4536 974 4603 C
995 4564 1085 4619 luisse
1100 4566 1224 4618 canstat.
1240 4561 1396 4617 Cousrsrr.
1768 4618 1773 4629 ,

149 4637 188 4707 (3)
202 4637 307 4693 Novati.
333 4642 410 4695 More
434 4656 486 4695 suo
510 4639 654 4695 Eusebius
679 4636 725 4692 hic
749 4638 854 4705 Norali,
874 4636 937 4691 loce
1028 4637 1066 4706 (st
1084 4634 1278 4705 Suppeditatio.
1295 4636 1413 4688 Servate
1429 4630 1541 4687 scilicet
1557 4634 1741 4685 Romanorum
1753 4631 1785 4691 pil

111 4708 272 4772 secationi,
288 4725 394 4763 numen
408 4710 570 4766 substituit.
585 4712 616 4765 ln
633 4726 676 4775 co,
689 4708 764 4779 quod
781 4707 937 4777 antecedit,
993 4721 1083 4771 more,
1100 4722 1188 4776 quem
1204 4704 1348 4760 Eusebius
1362 4704 1413 4759 lib.
1430 4719 1468 4771 rr,
1484 4718 1509 4757 c.
1525 4702 1572 4769 23,
1588 4699 1631 4756 uli
1643 4696 1785 4769 jamobsrr

113 4778 175 4835 viro
196 4780 309 4835 erudito
326 4797 383 4836 non
408 4782 521 4837 videtur
543 4782 687 4838 Eusebius
714 4779 840 4851 Dionysii
858 4795 938 4833 men-
992 4778 1135 4841 ravimus,
1152 4775 1187 4831 ab
1204 4777 1211 4830 i
1236 4792 1267 4831 sa
1279 4774 1429 4846 religionis
1440 4774 1557 4829 exordio
1572 4773 1608 4829 ad
1622 4783 1732 4828 suasus
1762 4772 1785 4813 tt

113 4852 173 4932 tem
202 4852 274 4907 satis
301 4851 420 4907 teliciter
446 4858 618 4919 assecutus;
654 4867 722 4907 cum
752 4867 803 4921 pro
830 4850 939 4906 mollito
993 4852 1107 4904 oetatem
1123 4794 1302 4903 custosiitum
1318 4851 1453 4915 testatur,
1470 4842 1784 4927 utecclesiisquampl'

110 4936 172 4993 pom
185 4924 382 4996 persecutionis
402 4926 505 4994 surore,
533 4924 750 4980 meliusseclatu
770 4923 831 4993 jam
853 4920 940 4977 schis-
994 4919 1088 4985 rimis,
1118 4919 1206 4974 etiam
1236 4916 1366 4984 remotis,
1397 4932 1562 4974 necessaria
1593 4920 1658 4969 vite
1684 4904 1785 4992 subsidit

114 4996 198 5052 matis
211 4995 331 5067 procella
345 4994 478 5050 dixisset.
498 4996 538 5051 Ex
562 4996 617 5051 hoc
640 5001 738 5049 autern
755 4992 816 5047 loca
832 4990 941 5047 intelli·
994 4990 1205 5047 transmittant.
1222 4988 1361 5045 Eamdem
1377 4988 1415 5043 ob
1430 5003 1550 5044 causam
1574 5002 1674 5058 supra,
1690 5000 1705 5055 p
1737 4972 1784 5033 ‚st

116 5081 185 5139 gere
199 5070 254 5133 est,
280 5066 308 5121 in
337 5067 498 5139 fragmento
524 5068 655 5122 subnexo
678 5082 735 5121 noa
762 5080 811 5120 eae
828 5061 940 5119 narrari
995 5062 1078 5118 Soter
1093 5077 1110 5115 a
1124 5060 1261 5134 Dionysio
1276 5058 1493 5115 Corinthiarum
1516 5058 1655 5131 episcopo
1669 5055 1712 5112 iau
1730 5050 1783 5103 sill·

116 5138 219 5194 turbes
232 5138 358 5203 sedales,
375 5154 449 5210 quas
473 5139 501 5193 in
519 5139 635 5194 Oriente
660 5134 818 5193 novissime
832 5135 941 5190 excita·
995 5135 1150 5190 Cousrsrr.

117 5214 163 5265 rat
186 5208 325 5282 baptismi
356 5208 557 5266 hereticorum
587 5225 685 5275 eausa,
715 5208 765 5262 end
795 5222 844 5262 eae
887 5222 941 5260 uas
1031 5204 1068 5275 (b)
1087 5208 1183 5259 Deum.
1201 5204 1323 5258 Exstant
1345 5206 1373 5257 et
1392 5198 1450 5256 siis
1475 5196 1783 5273 segmentatitururu

116 5281 274 5406 aliauande
303 5285 371 5337 ante
399 5282 550 5337 Novatieni
577 5280 662 5337 tactio
692 5280 847 5334 invexerat.
903 5294 940 5332 on
997 5276 1114 5347 quaes.
1136 5271 1465 5343 DionysiustumadS.
1487 5271 1658 5344 Dionysium
1675 5252 1784 5341 patiami·

119 5367 147 5405 rn
180 5368 195 5406 e
209 5357 307 5408 lemen
323 5354 468 5409 Eusebius
483 5352 636 5425 epistolam
649 5352 745 5421 ipsam
759 5349 793 5404 de
805 5350 942 5420 baptismo
996 5345 1410 5427 Philemonempresbpteree,
1421 5346 1484 5403 lum
1493 5344 1529 5399 ad
1538 5342 1568 5399 S.
1580 5346 1700 5425 xystum
1709 5338 1784 5413 (ΜΡΝ

119 5420 312 5479 martinorum
336 5425 476 5497 scriptam
501 5424 630 5480 notavit:
660 5422 730 5495 quia
752 5420 891 5475 nimirum
911 5418 941 5474 in
997 5419 1032 5473 de
1047 5418 1193 5489 baptismo
1209 5416 1411 5473 hereticorum
1426 5418 1456 5471 et
1476 5414 1630 5471 deberem
1653 5403 1786 5469 sibetuna

121 5490 217 5565 prima
229 5498 258 5549 et
278 5496 424 5568 precipua
447 5498 511 5567 eJus
536 5500 617 5567 parte
640 5494 942 5565 debocargumento,
997 5490 1124 5562 scripsit·
1149 5488 1213 5543 Vid.
1237 5488 1302 5559 iah,
1326 5491 1398 5543 tom.
1427 5485 1599 5558 thjusce
1625 5476 1784 5543 stultusne·

119 5566 154 5619 ut
166 5561 231 5634 ipse
247 5565 400 5639 Dionysius
415 5568 443 5622 in
466 5567 588 5641 epistola
610 5566 645 5622 sd
661 5566 780 5637 Sysium
796 5562 944 5629 meminit,
997 5562 1067 5617 Eun.
