3900 6112
84 298 145 365 373
716 304 834 371 ntuetr
856 306 906 369 Dii
927 298 1154 369 'teletarum
1729 306 1790 379 stt

91 436 187 494 exilio
209 436 416 495 delibationem
444 440 603 511 quemdem
628 436 789 513 gratiaram
816 440 911 496 eaeteri
927 444 953 509 Α
970 440 1095 512 expedit,
1112 440 1265 500 hereticos
1280 444 1789 519 reducit,improbeslorasexpulit,

90 527 232 599 consequi
249 527 365 599 possint
381 545 388 596 ;
404 526 494 584 totius
511 529 605 586 sancti
618 529 745 602 Spiritus
760 528 788 583 in
798 528 913 584 Christe
968 528 1121 601 livangeliu
1137 532 1276 588 custodit.
1298 532 1337 589 lle
1363 534 1416 589 hec
1442 534 1519 589 idem
1536 534 1592 605 (27)
1608 536 1789 607 Apostolus:

86 616 166 673 lente
182 619 362 685 reeranente,
377 620 411 672 ut
424 634 458 673 ex
474 616 523 673 ille
534 618 679 674 donorum
695 624 779 690 atque
790 633 912 690 operum
966 618 1109 675 Noneeim
1130 622 1263 691 spiritum
1287 622 1389 679 mundi
1420 625 1584 695 accepimus.
1599 624 1645 681 sed
1655 624 1791 696 Spiritum

89 720 169 761 vene
184 704 370 772 ducerentur,
386 705 493 777 Spiritu
511 711 612 763 sancto
625 706 655 762 in
666 706 780 763 cbristo
793 706 913 762 ailluen·
967 710 1016 779 qui
1029 724 1065 763 cx
1078 722 1109 764 ec
1123 716 1163 764 eat
1175 709 1197 781 (1
1215 709 1274 765 Cer.
1292 728 1323 781 tt,
1341 711 1396 782 12).
1416 712 1453 767 lle
1482 712 1535 767 hoc
1549 712 1688 779 exsultat,
1702 718 1731 769 et
1746 714 1790 769 dl·

82 796 129 849 ter
143 791 305 849 habitante.
321 793 380 849 Hoc
396 794 504 850 etenim
526 796 590 865 jam
622 794 800 867 prophetans
822 793 912 849 lsaias
967 796 1217 853 eit:Puteeulem
1242 801 1308 870 quio
1328 808 1354 855 et
1376 815 1426 871 epe
1440 800 1576 873 Spiritum
1590 802 1641 857 liei
1667 802 1752 859 helec
1765 801 1791 875 (1

83 889 181 947 aiebat
198 908 205 946 :
221 891 256 946 lli
283 892 441 962 requiescet,
471 891 580 964 inquit,
606 908 690 961 super
716 908 778 947 euru
793 891 914 962 Spiritus
968 885 1165 955 eor.v11,te).
1189 891 1228 943 ⁰0
1258 887 1312 944 11⁰0
1340 888 1428 944 dicii:
1445 889 1476 943 Ei
1501 890 1622 960 Silili&
1636 890 1788 963 Priihtls·

81 981 231 1051 aepierrtiae
244 983 270 1036 et
284 980 448 1051 intellectus,
464 979 586 1052 Spiritus
615 982 728 1037 consilii
749 985 774 1037 et
789 982 911 1051 uirtutis,
965 990 1029 1028 rum
1043 974 1099 1047 (28)
1112 974 1253 1047 prophetis
1267 977 1404 1047 subjectus
1424 985 1463 1033 m
1476 978 1500 1049 (1
1514 978 1578 1034 Cer.
1603 994 1661 1047 xiv,
1676 978 1734 1050 32).
1752 980 1791 1036 lle

83 1066 205 1139 Spiritus
223 1070 348 1126 ementis
375 1076 402 1124 et
423 1070 547 1141 pietatis,
577 1077 602 1125 et
627 1069 755 1141 implebit
780 1068 836 1140 (25)
850 1085 912 1125 urm
967 1061 1020 1117 hoc
1034 1063 1139 1119 reteri:
1155 1062 1275 1134 Spiritui
1298 1066 1391 1121 titivm
1418 1067 1563 1137 melibeis
1587 1066 1744 1139 dicibili&
1758 1067 1790 1124 5²⁸

81 1157 206 1227 Spiritus
220 1158 328 1213 timeris
343 1152 392 1212 liei
418 1157 483 1230 (lae.
508 1174 547 1225 ιιι,
562 1158 591 1225 2,
621 1158 660 1228 3).
675 1161 735 1214 Hoc
763 1157 841 1215 idern
868 1160 910 1213 at·
965 1152 1122 1207 novissimis
1136 1153 1302 1223 temporibus
1318 1152 1442 1209 recedent
1456 1153 1602 1224 quideme
1623 1152 1686 1225 lide,
1701 1156 1790 1210 uitem
1891 1204 1906 1241 ·.

83 1261 142 1316 quo
155 1244 253 1318 ipsum
269 1250 298 1302 st
310 1245 366 1303 alio
377 1245 407 1301 in
419 1246 481 1303 loeo
497 1262 532 1302 ex
542 1262 670 1319 persons
680 1247 773 1319 ipsius
784 1247 910 1303 Domini:
964 1238 1058 1295 tientes
1070 1240 1213 1312 spiritibus
1227 1240 1426 1312 seductoribus,
1435 1242 1569 1299 doctrinis
1577 1242 1788 1316 daemmsierum,

84 1331 203 1405 Spiritus
219 1334 330 1389 Domini
343 1348 426 1406 super
442 1350 485 1390 me
499 1350 510 1396 ,·
524 1338 640 1407 propter
662 1336 734 1409 qnod
756 1336 838 1391 unxit
855 1350 909 1403 me,
965 1330 996 1384 iu
1018 1330 1157 1401 hypocrisi
1171 1330 1316 1386 mendacia
1340 1332 1522 1403 loquentium,
1541 1334 1724 1388 cauteriatam
1737 1332 1788 1389 be·

83 1422 460 1495 erempelizcrepuuperibua
483 1426 562 1479 misit
591 1440 633 1480 me
662 1425 731 1498 (tea.
745 1442 801 1489 ιιι,
818 1425 854 1495 1).
870 1423 912 1479 Si·
966 1417 1089 1473 betilium
1102 1420 1301 1475 commistim
1314 1435 1395 1475 suem
1415 1418 1438 1490 (l
1455 1421 1521 1475 Tim·
1548 1437 1586 1487 W·
1617 1420 1654 1492 l).
1686 1419 1789 1477 1⁰h0⁰
1889 1490 1893 1503 ,

85 1510 195 1567 militer
207 1511 296 1567 David
310 1528 316 1566 ε
330 1516 477 1583 Propterea
492 1513 574 1568 unxit
589 1515 624 1582 te,
650 1516 733 1580 Deus,
750 1514 822 1569 Deus
845 1521 910 1569 tuus
964 1505 1075 1576 Spiritu
1092 1507 1207 1577 positus
1220 1523 1300 1564 semo
1314 1524 1437 1578 unquam
1464 1508 1535 1565 dicii
1562 1508 1710 1565 anathema
1722 1512 1791 1567 «less

84 1600 143 1657 eleo
158 1600 264 1658 letitie
291 1618 311 1657 o
331 1602 501 1657 consortibus
516 1602 573 1657 tuis
596 1601 683 1670 (Psoi.
715 1617 789 1667 serv,
815 1601 853 1673 8).
870 1600 911 1658 De
965 1594 987 1666 (Ι
1003 1594 1066 1650 Cer.
1081 1611 1133 1663 mr,
1148 1596 1196 1667 3);
1215 1612 1300 1652 nemo
1318 1597 1434 1670 negavit
1449 1597 1599 1654 Christum
1612 1596 1788 1667 lleil'ilium,

84 1688 141 1745 hoa
156 1688 306 1761 apostolus
322 1690 454 1745 Paulas:
474 1689 525 1758 Qui
549 1692 623 1746 enim
651 1690 783 1762 spiritum
808 1689 912 1747 christi
965 1688 1017 1739 eut
1044 1684 1207 1756 repudiavit
1234 1691 1392 1742 creatorem
1419 1687 1508 1742 Deum
1533 1704 1540 1742 :
1567 1702 1653 1743 neme
1687 1691 1791 1743 eontra

84 1792 142 1833 non
154 1778 245 1847 habes,
260 1778 305 1833 tte
317 1792 371 1833 aaa
389 1787 432 1834 err
451 1779 511 1849 ejus
539 1779 628 1851 (Rom.
653 1796 714 1845 v111,
730 1780 768 1849 9),
785 1780 819 1835 ut
835 1797 842 1835 :
861 1780 948 1873 tibiB
966 1772 1133 1845 Scripturas
1148 1772 1208 1828 ulls
1223 1790 1277 1829 sna
1290 1775 1377 1831 verba
1391 1775 1559 1849 depromit:
1576 1792 1662 1832 neme
1688 1774 1747 1832 alia
1759 1778 1791 1833 et

85 1866 206 1937 Spiritus
221 1867 341 1937 Domini,
359 1868 401 1923 ili
414 1867 527 1923 libertas
541 1868 579 1937 (11
608 1868 670 1925 Cer.
701 1868 911 1938 ιιι,17).Ηὶιιο
964 1860 1106 1935 sacrilega
1128 1862 1245 1919 decreta
1272 1863 1452 1920 constitnit:
1475 1879 1562 1921 nemo
1581 1865 1696 1921 diverse
1720 1864 1790 1936 jura
1845 1906 1849 1911 .
1888 1844 1891 1849 ¹
1933 1914 1939 1937 ,

84 1956 195 2027 estqui
221 1959 361 2029 operetur
378 1973 412 2011 ex
438 1956 524 2027 aquis
541 1957 701 2012 secundam
716 1956 908 2026 nativitatem,
964 1950 1132 2007 conscribit·
1159 1953 1190 2007 ln
1208 1951 1284 2007 hune
1309 1952 1444 2025 quisquis
1471 1952 1730 2026 blasphemaverit,
1744 1968 1790 2010 re·
1851 1962 1872 2021 ,·

85 2059 185 2100 semen
201 2045 350 2116 quoddam
366 2044 457 2099 divini
472 2045 597 2116 generis,
614 2049 642 2102 et
656 2052 909 2101 cousecraturcoe·
963 2042 1122 2096 missionem
1134 2057 1191 2096 see
1204 2042 1295 2106 tebet,
1311 2057 1366 2097 rrert
1382 2044 1533 2099 lautumiis
1552 2044 1603 2099 iste
1615 2042 1727 2113 saeculo,
1744 2057 1789 2099 ee·

84 2131 167 2188 lestis
209 2132 380 2203 nativitatis,
410 2134 517 2204 pignus
552 2134 702 2205 promisse
732 2133 910 2191 hereditatis
963 2145 1027 2184 rum
1040 2132 1185 2185 eliamuec
1207 2132 1238 2184 in
1266 2129 1480 2201 isturotlieitlt.
1510 2148 1561 2187 ιιι.
1588 2131 1645 2203 32).
1676 2130 1728 2187 llic
1758 2132 1789 2187 in

85 2221 195 2293 (Epire.
213 2238 232 2287 t,
250 2221 306 2293 11),
322 2221 447 2293 etquasi
463 2221 692 2295 chirographum
708 2223 855 2295 quoddam
872 2240 909 2278 e·
964 2217 1240 2289 Apostolistlhriste
1254 2219 1457 2275 testimonium
1480 2219 1587 2286 reddit.
1607 2220 1638 2274 in
1653 2222 1790 2293 Martyri-

82 2315 173 2366 terme
192 2309 296 2365 salutis
314 2328 320 2377 ;
338 2312 386 2381 qui
404 2327 458 2366 nos
473 2310 524 2367 Dei
548 2312 635 2367 iaciat
648 2311 791 2384 templum
809 2312 832 2383 (1
848 2314 908 2369 Cer.
965 2308 1019 2364 bus
1034 2312 1216 2364 constantem
1232 2306 1480 2379 tidemreligionis
1495 2308 1634 2380 ostendit,
1650 2308 1680 2363 in
1697 2307 1792 2380 Virgi-
1865 2334 1869 2343 ·

82 2416 122 2466 vr,
140 2399 197 2470 19),
212 2403 306 2454 einos
321 2399 385 2471 ejus
401 2399 507 2455 efficiat
519 2400 640 2456 derrum
657 2418 664 2456 :
679 2401 726 2470 qui
744 2401 909 2471 interpellat
963 2395 1050 2451 nibus
1065 2395 1270 2451 admirabilem
1292 2396 1504 2452 continentiam
1520 2398 1641 2470 signatas
1666 2396 1791 2453 castita·

82 2486 199 2543 divinas
215 2503 300 2542 aures
316 2504 367 2558 pre
397 2488 481 2543 nobis
496 2488 656 2560 gemitibus
684 2488 909 2561 ineloquacibus
964 2485 1002 2541 tis
1016 2485 1073 2553 (29)
1089 2483 1222 2550 includit,
1240 2484 1269 2539 in
1285 2485 1397 2541 ceteris
1418 2485 1588 2558 incorrupta
1602 2490 1631 2541 et
1653 2484 1788 2542 inconta-

83 2576 171 2647 (eom.
188 2592 249 2645 ιιιι,
264 2576 320 2645 26),
337 2576 536 2631 advocationis
551 2576 676 2649 implens
693 2577 799 2645 officia,
816 2582 844 2633 at
859 2578 908 2633 de·
964 2573 1076 2630 minata
1090 2574 1228 2629 doctrina
1243 2572 1400 2629 Dominica
1412 2574 1790 2644 juracustodit,haretieos

82 2664 225 2721 tensionis
238 2662 378 2719 exhibens
390 2680 512 2720 munera
529 2682 536 2732 ;
551 2665 629 2722 eas
646 2665 824 2722 inhabitator
845 2682 908 2721 cor·
962 2663 1040 2719 943
1056 2662 1191 2730 destruit,
1206 2677 1340 2734 perverso
1364 2663 1494 2735 corrigit,
1518 2661 1654 2719 intldeles
1683 2663 1790 2736 arguit,

83 2752 206 2827 peribus
221 2752 330 2809 nostris
344 2753 441 2818 datus,
454 2757 482 2809 et
496 2755 661 2809 sanctitatis
672 2754 791 2810 attestor
806 2755 907 2826 :quiid
962 2750 1151 2806 simulatores
1175 2749 1313 2815 ostendit,
1335 2750 1486 2822 improbos
1514 2768 1632 2825 quoque
1656 2752 1787 2825 corrigit,

84 2858 176 2915 agens
191 2842 220 2897 in
238 2842 321 2897 nobis
336 2843 372 2898 ad
392 2841 594 2906 aeternitatem,
610 2849 638 2897 et
667 2844 703 2899 ad
720 2844 908 2900 resurrectio·
963 2837 1120 2895 Ecclesiam
1149 2838 1346 2911 incorruptam
1374 2843 1403 2895 el
1430 2840 1612 2907 inviolatum,
1642 2844 1789 2913 Ρθψθῑῑῑῦ

84 2948 151 2987 nem
169 2929 397 2986 immortalitatis
413 2946 532 3002 corpora
551 2936 650 2987 nestra
667 2932 820 3004 producat,
835 2933 907 3003 dum
962 2926 1138 2999 virginitatis
1149 2932 1178 2983 et
1189 2926 1319 2984 veritatis
1334 2930 1490 2985 sanctitate
1504 2928 1644 2985 custodit.

84 3020 137 3075 illa
152 3020 182 3075 in
197 3035 228 3075 es
243 3018 400 3075 assuefacit
414 3034 481 3074 cum
497 3018 605 3075 coelesti
621 3020 727 3076 virtute
743 3018 869 3088 misceri,
880 3025 909 3077 et
1263 3060 1381 3118 CAPUT
1400 3060 1473 3119 XXX

84 3123 153 3164 cum
169 3106 297 3179 Spiritus
312 3105 405 3161 sancti
418 3105 516 3161 divina
531 3106 691 3164 eternitate
702 3106 818 3163 seriari.
836 3108 907 3164 liru-
1477 3105 1482 3117 '

83 3196 209 3252 dinntur
223 3194 301 3251 enim
317 3195 346 3249 in
364 3193 425 3259 illo,
437 3201 466 3251 et
491 3211 542 3267 per
556 3196 653 3267 ipsum
670 3212 793 3267 corpora
808 3200 908 3253 nestra
922 3173 943 3240 G
964 3185 1033 3242 Delii
1050 3188 1227 3255 “titatium
1241 3185 1310 3241 ‘iiiii'
1322 3186 1449 3243 'timuit'
1461 3188 1568 3243 “iiiiii
1580 3189 1626 3244 sui
1638 3188 1783 3258 ‘'filimi’'

83 3285 120 3341 ad
132 3281 382 3339 immortalitatem
394 3283 544 3355 prolicere,
556 3284 627 3339 dum
641 3284 676 3339 ad
685 3286 801 3341 decreta
812 3284 907 3357 ipsius
997 3262 1008 3312 i
1046 3271 1061 3311 θ
1083 3258 1255 3343 mmm.
1268 3257 1341 3340 im.
1358 3258 1611 3315 “mmmmm
1628 3261 1782 3331 mmm*

898 3374 905 3386 .
997 3344 1075 3383 unus
1092 3330 1167 3384 lleus
1182 3346 1191 3383 :
1206 3335 1255 3382 etet
1271 3328 1413 3385 dierectum
1423 3330 1506 3386 Deum
1522 3335 1548 3387 et
1561 3332 1675 3387 Putrem
1697 3332 1802 3387 ileum

82 3372 203 3429 diseunt
218 3387 249 3428 se
265 3372 451 3428 moderanter
467 3376 639 3444 temperare.
652 3372 759 3429 lliecst
770 3373 906 3445 enimqut
996 3399 1300 3468 ,picanmmonmamq
1323 3401 1417 3455 tame,
1437 3401 1503 3456 duo,
1532 3402 1598 3457 ΒΜ
1613 3400 1784 3473 mmmm
1858 3438 1862 3445 ,

81 3464 178 3519 cerere
191 3460 462 3528 caruemclcsitleret,
478 3460 549 3533 quia
562 3478 630 3518 rare
643 3472 743 3518 eontra
758 3464 848 3533 ipsum
862 3478 906 3519 re·
994 3486 1154 3542 preponere,
1185 3486 1268 3541 quom
1306 3470 1373 3527 dues
1401 3473 1529 3529 Dominus
1555 3479 1605 3529 aut
1637 3472 1703 3529 app,
1727 3472 1784 3529 ua.

80 3559 188 3625 pupnet
201 3550 274 3621 (del.
290 3566 317 3616 v,
336 3550 388 3621 17).
411 3550 462 3605 llic
474 3554 520 3605 est
543 3550 592 3620 qui
620 3550 810 3623 inexplebiles
826 3551 907 3625 cupi·
996 3545 1108 3613 iiiim-

83 3641 192 3696 dilates
208 3641 332 3701 coercet,
347 3638 557 3694 immoderatas
571 3637 708 3695 libidines
724 3639 842 3713 trangit,
853 3639 909 3696 illi·
996 3647 1101 3703 iithaec
1116 3645 1233 3717 quidem
1251 3646 1305 3719 (30)
1331 3647 1368 3703 da
1391 3648 1476 3705 Patre
1491 3652 1520 3706 st
1538 3649 1584 3706 ‘de
1608 3648 1680 3709 Filio
1704 3652 1734 3707 et
1747 3650 1785 3708 da

83 3730 159 3785 citos
177 3726 296 3783 ardores
307 3726 474 3798 exstinguit,
487 3726 643 3799 flagrantes
667 3728 907 3801 impetusvinoit,
961 3736 1070 3809 Spiritu
1087 3739 1188 3791 saneto
1204 3734 1328 3792 breviter
1355 3736 1415 3793 sint
1442 3738 1526 3795 nobis
1556 3739 1685 3811 dictaei
1714 3739 1783 3797 stri-

83 3824 240 3883 ebrietales
254 3822 360 3894 rejicit,
376 3822 512 3879 avaritias
533 3823 656 3895 repellit,
676 3824 843 3882 luxuriosas
860 3842 908 3883 oo·
962 3824 1032 3881 etim
1049 3825 1156 3897 posite,
1184 3828 1213 3880 et
1228 3840 1287 3881 non
1306 3824 1394 3898 longa
1415 3826 1613 3899 disputatione
1636 3832 1781 3901 porrecta.

84 3912 279 3970 messstlones
295 3911 377 3983 luget
399 3912 466 3984 (et),
493 3911 650 3969 charitates
665 3914 763 3983 nectit,
780 3914 908 3972 allectio·
962 3913 1061 3969 Latius
1076 3912 1154 3968 enim
1168 3912 1317 3985 potuerint
1334 3914 1454 3987 porrigi,
1477 3920 1506 3973 et
1524 3917 1712 3990 propensiore
1726 3916 1784 3989 (31)

82 4017 137 4058 nes
150 3998 357 4071 constringint,
380 4005 475 4056 sectas
491 3999 615 4072 repellit,
631 4001 762 4073 regulam
774 4002 906 4060 veritatis
961 4001 1159 4074 disputatione
1175 4000 1296 4074 produci
1310 4020 1317 4071 ;
1335 4004 1574 4077 qnandoquidem
1589 4004 1624 4061 ad
1653 4005 1784 4063 testimo·

725 4110 882 4172 Gellsndii
901 4108 1157 4173 commentarius.

119 4216 177 4289 (25)
192 4215 378 4287 Requiesael...
395 4213 528 4285 implebit.
553 4214 629 4269 Editi
644 4218 826 4288 requiescit...
853 4218 908 4272 im·
964 4232 1099 4289 ncmpeo
1122 4219 1214 4272 oriere
1228 4214 1336 4271 eretlere
1350 4217 1433 4271 eliam
1448 4217 1480 4271 in
1501 4216 1634 4289 Spiritum
1649 4224 1775 4272 reectum

80 4290 178 4363 pierii.
196 4285 250 4342 Ubi
267 4284 405 4367 mendum
420 4286 589 4367 suspicatur
604 4285 911 4369 Pamelius.Atqueita
964 4304 998 4345 eo
1033 4234 1462 4344 reinissumunumessecnm
1476 4256 1789 4370 lffstrsetliiliobeumi

83 4366 197 4417 textum
215 4359 408 4413 restituerunt
422 4357 548 4411 editores
562 4356 726 4429 anglicani.
965 4306 1046 4417 unic
1058 4358 1145 4415 etiam
1162 4363 1317 4430 postquem
1334 4373 1368 4413 ea
1382 4358 1506 4415 absolvtt
1533 4361 1648 4431 quaeda
1675 4356 1788 4431 Spiritu

122 4431 179 4503 tus)
208 4430 306 4499 Fupet.
336 4426 383 4482 Sic
413 4432 490 4483 recte
527 4430 692 4485 emendavit
732 4430 813 4499 edit..
839 4432 912 4502 supet
966 4430 1345 4487 aanotodicerestatuerat.
1362 4429 1788 4503 sicinitiohujueoapitistres

85 4500 309 4557 Welchmanus.
326 4498 460 4579 laesere„
987 4518 1108 4558 ersoeas
1124 4500 1293 4571 conjungit;
1309 4500 1341 4555 Et
1355 4499 1415 4557 baec
1436 4501 1547 4572 quidem
1560 4504 1593 4559 de
1608 4509 1700 4568 Putre,
1714 4510 1740 4557 et
1754 4500 1790 4557 de

136 4574 183 4639 27)
197 4572 279 4628 idem.
297 4571 337 4625 lta
352 4569 509 4624 Pameltue.
520 4569 564 4626 At.
581 4572 656 4626 item
927 4541 951 4607 D
966 4520 1050 4639 irtio,
1066 4576 1092 4629 et
1106 4571 1139 4626 ele
1153 4571 1260 4642 Spiritu
1274 4578 1370 4627 scurie
1393 4573 1513 4628 breuiter
1538 4575 1617 4631 nebu
1630 4576 1688 4630 sint
1701 4573 1789 4630 dicte.

137 4643 183 4713 28)
198 4642 318 4714 Spiritus
334 4640 434 4712 Preplr.
451 4642 601 4698 Consentit
627 4647 729 4698 auctor
757 4660 824 4699 cuns
848 4642 911 4698 vul·
967 4645 1046 4712 Quod
1064 4645 1088 4699 si
1105 4648 1201 4699 tacere
1215 4642 1251 4699 de
1265 4642 1375 4714 spiritu
1390 4643 1506 4700 videtur
1520 4644 1790 4715 Novatianus,dum

87 4724 157 4785 gato
173 4715 276 4770 Latine
291 4714 458 4784 interprete,
469 4714 657 4784 quantumvis
672 4714 757 4771 bodie
768 4716 863 4771 Graece
874 4714 913 4770 le·
967 4716 1083 4772 Patrem
1098 4719 1127 4770 at
1140 4712 1246 4768 Filium
1262 4729 1319 4769 nen
1336 4714 1411 4771 duos
1426 4732 1490 4772 esse
1513 4721 1599 4786 Deos,
1626 4718 1676 4773 sed
1691 4730 1789 4771 unum

88 4794 179 4861 gatur
188 4783 338 4857 πνεύματα.
356 4788 463 4838 Passa.
968 4786 1117 4852 ostendit;
1135 4801 1192 4841 non
1210 4784 1494 4855 aliundequeerends
1508 4786 1598 4861 buJus
1622 4788 1663 4845 rei
1689 4801 1790 4855 eausa,

127 4858 193 4983 (wir
201 4857 347 4913 destitutis.
363 4856 406 4910 lta
436 4858 511 4910 recte
526 4856 650 4911 correxit
673 4857 819 4913 alteritatis
844 4854 913 4913 edit.
969 4859 1026 4915 nisi
1038 4858 1116 4929 quod
1132 4859 1160 4912 in
1178 4858 1332 4913 evertenda
1348 4857 1411 4913 Filii
1428 4859 1580 4917 divinitate
1592 4858 1689 4917 omnis
1701 4858 1793 4913 haere·

88 4929 172 4985 Welc
196 4944 310 4984 manus.
331 4926 469 4983 lacusou.
969 4931 1093 4986 ticorum
1110 4932 1233 4985 cenatus
1247 4929 1427 4984 versabatur.
1444 4931 1516 4988 Nam
1528 4932 1551 4988 si
1568 4931 1658 4989 semel
1674 4930 1795 5002 probas·

126 5001 183 5071 (30)
199 5001 301 5057 Silures
315 4997 436 5069 quidem,
463 5000 517 5053 etc.
539 4996 676 5062 Queritur
700 4997 746 5055 hic
769 4996 915 5054 Poetelius
969 5008 1035 5059 sent
1053 5001 1155 5056 Filium
1173 5017 1229 5055 ιιοιι
1245 5017 1409 5057 esseunum
1425 5018 1492 5059 cum
1519 5004 1601 5059 Patre
1624 5004 1728 5065 Deum,
1743 5016 1792 5055 ea·

89 5072 234 5144 Spiritum
251 5068 683 5127 sanctumartovattanohsum
695 5088 750 5125 non
764 5069 914 5142 appellari.
970 5075 1140 5144 demopera
1167 5071 1309 5143 Spiritum
1338 5080 1472 5129 sanetum
1501 5092 1518 5130 a
1545 5076 1651 5131 bivine
1682 5075 1793 5128 naturas
1908 5104 1913 5113 ·

88 5142 248 5225 necullam
270 5143 334 5213 ejus
359 5138 543 5267 ειιιοιιίῑίοιιιιιέι
570 5141 644 5266 fieri¹
668 5141 917 5225 cumoPatrsmet
971 5144 1116 5202 consortio
1133 5142 1412 5268 dissocisssfntiic
1438 5146 1526 5201 etiam
1556 5145 1646 5231 semel
1670 5144 1791 5225 demeu-

90 5214 917 5366 it¹ilttttfttttiteratimemittitis
972 5214 1366 5350 ittiu‘utttttt
1379 5216 1794 5355 tttllttttittmtti

92 5373 154 5415 nen
170 5357 298 5443 appellat
312 5354 405 5411 Deum
412 5357 590 5411 Novattanus
607 5354 810 5435 :eedldetllius
824 5356 920 5411 diviua
973 5361 1032 5443 jem
1048 5362 1199 5443 superaret
1212 5356 1366 5413 dubitandi
1377 5355 1469 5425 locus,
1484 5358 1553 5431 quin
1562 5359 1689 5433 Spiritus
1699 5356 1794 5413 seneli

94 5430 299 5486 aeternitatem
315 5442 378 5498 cap.
396 5426 576 5498 praecedente
591 5442 649 5481 nen
665 5425 741 5493 stlet,
771 5430 800 5481 et
827 5426 919 5483 Deum
974 5432 1309 5554 drvrnttasnequaguam
1327 5431 1386 5483 tres
1409 5428 1484 5487 Deos
1511 5430 1647 5489 eliceret.
1677 5430 1794 5487 Manes.

95 5497 598 5571 essemultiesrgumentisprobet.
619 5497 693 5562 Quid
719 5497 921 5570 enimeipre·
975 5503 1067 5559 Diris.
1085 5503 1116 5556 1).
1131 5501 1163 5556 Ν.
1178 5500 1202 5557 l.
1241 5540 1260 5567 .,
1276 5498 1328 5563 lib,
1345 5515 1408 5571 cap.
1426 5501 1460 5555 19
1490 5500 1542 5575 (3,
1559 5518 1625 5577 pag,
1640 5503 1705 5561 521,

97 5573 230 5645 pesitum
247 5575 302 5642 est,
317 5585 385 5625 cum
401 5567 499 5625 divina
518 5568 598 5625 illius
613 5568 753 5625 attributa
767 5569 897 5625 defendit
912 5586 920 5626 ι
1012 5574 1069 5645 (31)
1081 5570 1274 5643 propensiore.
1303 5574 1357 5626 t‘re
1373 5574 1450 5629 certe
1464 5545 1553 5630 habet
1565 5574 1732 5633 lacksonus
1745 5586 1798 5627 aa·

99 5643 160 5707 nisi
174 5648 207 5703 ut
220 5644 334 5721 prebet,
357 5640 436 5714 qued
464 5656 496 5701 se
517 5641 710 5717 probaturum
736 5638 923 5717 premiserat,
977 5650 1089 5706 ctorem
1103 5642 1259 5721 scripsisse
1270 5646 1460 5721 propensiore.
1476 5644 1532 5705 Sed
1547 5644 1659 5705 fallitur
1673 5647 1722 5707 vir
1735 5654 1801 5725 aaa·
