3900 6112
152 281 213 338 iiii
819 276 851 338 s.
875 275 1058 339 conuunn
1081 276 1197 342 rnen
1799 290 1862 360 σω

189 407 262 466 755
297 406 401 464 Deinde
427 406 506 465 eliud
533 408 659 480 uitiiinpi't
694 408 805 479 focinus
835 407 1012 476 omnium,A
1066 411 1141 468 m
1157 411 1212 467 Εἶτ’
1227 410 1297 469 ἀλλο
1311 434 1337 468 τι
1351 412 1459 480 τούτοις
1475 412 1611 494 χείριστον
1627 421 1791 498 προστίθησι
1803 429 1859 481 τῶν

151 510 216 568 quse
230 495 264 552 ab
279 496 328 554 i'llo
350 497 493 553 commisso
516 499 591 568 sont,
609 497 692 570 torpe
708 497 920 568 pravissimum,
937 498 978 553 ita
1031 502 1080 553 τοῦ
1095 497 1191 576 ἀνδρὸς
1206 501 1389 577 ἀποστημάτων
1403 503 1491 582 λέγων
1509 507 1607 572 οὕτως.

150 583 362 732 dommim
377 673 574 732 oblationibus
586 675 669 732 leolis
679 673 977 748 portionemsingulis
1068 678 1103 733 Z'.
1133 680 1252 749 Ποιήσας
1280 679 1331 756 γὰρ
1357 681 1406 745 τὰς
1431 684 1599 761 προσφορὰς,
1637 685 1682 742 καὶ
1720 685 1861 763 διανέμων

151 763 367 835 dividens,dum
382 780 448 821 eam
459 764 561 833 tradit,
575 765 698 822 miseros
712 764 847 820 homines
863 763 977 821 benedi·
1033 755 1136 830 ἑκάστῳ
1163 759 1195 813 τὸ
1227 759 1319 834 μέρος,
1358 763 1403 817 καὶ
1438 761 1576 828 inutili<
1604 767 1662 840 (73)
1687 771 1772 824 τοῦτο
1802 773 1861 846 (74)

858 879 1024 943 variorum
1047 880 1142 937 notae.

150 985 278 1043 «Antei
304 986 378 1043 dicis
400 986 571 1057 hujusmodi
600 985 748 1043 homiuem
777 985 891 1043 salium
914 1000 972 1041 non
1027 980 1218 1054 dispensatio.
1236 1005 1250 1033 ο
1266 984 1314 1041 lile
1339 984 1437 1042 oblate
1464 988 1638 1060 sanctillcct,
1654 991 1705 1047 ille
1727 995 1859 1066 sonctifi-

148 1074 236 1133 posse
264 1058 337 1125 tlcri,
366 1059 503 1115 omnibus
531 1059 677 1130 episcopis
713 1057 839 1114 sulutem
867 1056 972 1113 adimi·
1026 1053 1249 1136 caladiapcnsct.
1266 1056 1301 1111 lit
1324 1061 1392 1113 ente
1413 1074 1515 1116 omnes
1542 1060 1679 1118 lustinus
1696 1062 1855 1137 Martyria

149 1147 227 1202 mus,
243 1145 317 1201 quos
343 1130 536 1201 itepericutis
560 1146 648 1201 quem
677 1129 850 1186 certissimis
865 1129 971 1185 astriu·
1026 1124 1176 1197 Apologia,
1192 1127 1276 1197 cujus
1300 1126 1397 1184 locum
1419 1130 1479 1200 jam
1508 1149 1598 1206 supra
1625 1133 1722 1190 citavi.
1746 1135 1855 1194 Cedre-

149 1202 254 1273 gis,ut
274 1200 442 1256 hominihus
466 1199 668 1272 omnibusqui
695 1201 750 1256 sub
777 1218 847 1257 cura
870 1216 971 1256 eorum
1027 1213 1083 1252 nus
1107 1199 1143 1253 ad
1171 1214 1283 1253 annum
1314 1198 1347 1253 18
1374 1203 1570 1260 Constantis:
1600 1200 1852 1280 σκανδαλιζόμινσς

148 1272 972 1345 agunt‚ethacntqueillaedispersisregionihusintlr-
1025 1266 1078 1340 γὰρ
1107 1265 1144 1328 εἷς
1170 1266 1261 1336 αὐτὸν,
1290 1262 1376 1345 ἔκειρε
1402 1271 1536 1348 πρότερον
1560 1272 1640 1330 αὐτὸν
1667 1271 1713 1331 διὰ
1740 1274 1854 1333 Παύλου

148 1349 277 1414 mantur,
294 1346 531 1416 persemetipsos
551 1343 703 1399 subvenire
730 1345 884 1410 deberent;
902 1343 972 1414 quia
1025 1337 1197 1413 πατριάρχοα
1225 1336 1359 1411 διάκονον,
1384 1339 1412 1403 ὅς
1441 1342 1485 1399 καὶ
1516 1342 1651 1418 μετέδωκε
1677 1351 1718 1419 τῷ
1744 1347 1855 1423 βασιλεῖ

148 1415 611 1472 ceterihomincsininoriscleri
628 1416 664 1470 iis
689 1415 740 1486 qui
775 1415 969 1484 ericlitautur,
1024 1413 1078 1463 τῶν
1106 1409 1248 1484 ἀχράντων
1281 1412 1437 1488 μυστηρίων
1467 1414 1492 1469 ἐν
1523 1416 1592 1493 ἁγίῳ
1620 1438 1691 1489 ποτη
1714 1418 1757 1492 hp.
1779 1423 1854 1479 'l'an-

149 1487 295 1542 hocidem
309 1492 449 1612 prestare
479 1504 536 1543 non
566 1491 698 1557 possunt.
717 1507 731 1535 ν
753 1432 968 1567 Εῐωυὶιρσὶο-
1025 1483 1090 1537 dem
1114 1499 1182 1540 vero
1205 1488 1361 1567 postquam
1390 1486 1505 1543 diaconi
1529 1488 1612 1571 laicis
1637 1438 1852 1550 llucharistiaui

147 1558 291 1630 riuspag.
325 1559 379 1614 34:
397 1558 542 1613 «ntideo
567 1574 633 1613 oiim
659 1557 741 1613 selus
764 1562 863 1614 nostra
877 1575 906 1612 m
918 1557 968 1612 ba·
1046 1554 1152 1610 raebere
1172 1555 1331 1624 desierunt,
1348 1573 1520 1615 concessum
1549 1559 1607 1616 illis
1631 1569 1687 1630 est,
1703 1569 1736 1620 ut
1749 1564 1851 1622 vinum

146 1631 283 1700 ptismete
298 1629 511 1701 spiritus,quod
527 1627 701 1711 plerumque
716 1644 783 1685 oum
794 1629 969 1701 baptismate
1023 1570 1106 1707 fatris
1120 1630 1187 1697 post
1202 1627 1438 1708 communionem
1463 1631 1646 1703 praeberent3
1662 1634 1753 1708 idque
1769 1636 1852 1693 colli·

146 1716 228 1772 aque
244 1701 433 1771 conjunctum
448 1706 501 1768 est,
519 1702 557 1756 sit
571 1700 768 1762 constitutasi
783 1702 902 1772 quidem
918 1715 970 1771 per
1023 1712 1120 1767 gimus
1136 1713 1170 1753 ex
1186 1697 1250 1754 Vita
1265 1698 1392 1771 Alcuini,
1410 1701 1445 1757 de
1470 1719 1528 1774 quc
1557 1709 1640 1760 vetus
1668 1706 1851 1779 scriptoriis

145 1788 200 1827 nos
215 1772 363 1844 baptismii
377 1772 518 1837 tradetur,
531 1773 644 1844 integre
657 1777 686 1827 et
699 1771 869 1827 solemniter
878 1775 907 1827 et
918 1786 970 1842 per
1022 1769 1130 1824 tradit:
1146 1790 1161 1825 ν
1178 1769 1295 1827 Neorion
1311 1788 1379 1827 cum
1393 1776 1459 1844 post
1486 1775 1725 1833 communionem
1746 1794 1849 1852 corpo·

146 1843 245 1899 omnia
260 1844 442 1915 quescripts
452 1849 522 1899 sunt
536 1845 712 1914 assignetur,
725 1847 812 1916 atque
829 1844 892 1900 sine
907 1840 969 1898 ulla
984 1845 1008 1910 Β
1024 1839 1064 1921 ris
1079 1839 1186 1896 Christi
1201 1846 1229 1897 et
1243 1857 1295 1897 san
1319 1843 1396 1898 uinis
1411 1860 1501 1901 manu
1516 1847 1635 1919 propris
1655 1848 1699 1904 eis
1714 1848 1849 1909 misceret

145 1913 292 1971 ulliusroi
314 1917 497 1986 separatione
521 1915 671 1971 tradatur:
702 1919 753 1970 aut
767 1914 792 1969 si
820 1914 970 1969 aminore
1025 1910 1291 1980 idemtudovicue,
1328 1914 1475 1972 umilitate
1490 1916 1673 1975 clarissimus
1684 1936 1744 1992 pree
1755 1924 1849 1980 ouini·

146 1986 289 2058 oleroper
317 1987 521 2042 necessitatem
550 1985 691 2041 traditum
721 1985 969 2054 luerit,ciientum
1023 1980 1090 2050 bus,
1108 1983 1299 2054 patrisaneto
1323 2002 1354 2041 ss
1378 1986 1534 2056 inclinans,
1554 1988 1619 2060 ejus
1638 1991 1849 2051 osculatusest

146 2062 357 2130 exspectemus,
373 2064 440 2129 ete,
465 2057 515 2112 ubi
543 2057 624 2112 vides
652 2056 836 2129 presbyteros
864 2056 899 2113 ab
915 2054 968 2113 ho·
1024 2068 1156 2110 monum.
1172 2077 1187 2106 ii
1208 2055 1243 2110 llt
1256 2055 1286 2111 in
1302 2056 1424 2113 concilio
1438 2059 1599 2116 Arelatensi
1615 2078 1648 2131 11,
1662 2077 1689 2118 o.
1705 2063 1754 2132 l5,
1769 2080 1846 2122 csse·

144 2129 275 2184 minibus
300 2129 422 2185 minoris
451 2129 520 2185 cleri
543 2134 641 2199 aperte
657 2128 808 2199 distingui.
825 2127 873 2182 Ait
889 2127 968 2183 enim
1023 2128 1072 2178 tur
1098 2131 1132 2181 ut
1159 2125 1311 2194 diaconus,
1341 2134 1483 2200 presente
1523 2133 1702 2205 presbytero,
1741 2150 1848 2210 corpus

144 2199 269 2257 minoris
281 2200 349 2256 cleri
366 2199 499 2256 homines
521 2201 676 2271 ingruente
702 2202 817 2254 tentum
841 2199 968 2255 necessi·
1023 2193 1130 2252 Christi
1153 2196 1290 2254 lldslibus
1315 2200 1430 2256 tradere
1458 2217 1516 2258 non
1564 2210 1713 2261 resumat.
1743 2205 1845 2267 Vates.

144 2275 204 2326 tete
223 2271 371 2342 baptisma
392 2274 539 2327 conterre:
557 2270 634 2341 quod
664 2269 967 2396 preshyterisneaus-
1023 2268 1155 2341 —Apud
1172 2268 1332 2351 valesium,
1347 2272 1485 2354 ablutione
1496 2218 1580 2344 [cogi.
1592 2275 1628 2330 ici
1641 2275 1690 2332 hic
1705 2277 1846 2336 herentes

144 2359 232 2414 quem
248 2342 391 2398 conuenit.
416 2343 531 2416 (Confer
557 2342 654 2397 locum
682 2349 834 2413 scriptoris
861 2358 878 2396 a
914 2357 966 2397 ou·
1020 2340 1118 2395 Greco
1134 2344 1293 2397 retinemus
1317 2342 1505 2400 oblationibus
1527 2345 1618 2416 factis,
1635 2345 1761 2417 hccest,
1775 2367 1845 2423 pane

144 2414 252 2470 etantio
266 2415 302 2469 ad
316 2415 368 2470 fiii.
386 2420 459 2469 notai
479 2414 509 2469 in
532 2414 620 2469 verba
643 2412 761 2481 ποιήσοις
776 2410 828 2486 γάρ
858 2412 965 2483 allati.)
1021 2410 1127 2465 etvino
1147 2413 1335 2494 consecratis.
1359 2413 1552 2471 Novatianum
1576 2433 1628 2500 per
1651 2435 1695 2487 se,
1710 2436 1772 2476 non
1787 2421 1844 2479 diu·

144 2484 443 2542 Vinus—illittera
465 2486 564 2542 Cissea
588 2482 722 2539 Valesius
737 2482 871 2539 nonnihil
886 2499 965 2540 rece·
1019 2495 1159 2537 concrum
1175 2488 1338 2540 ministerio
1353 2501 1403 2542 eor
1424 2503 1459 2544 us
1474 2487 1581 2544 Christi
1597 2488 1660 2545 suis
1703 2494 1845 2551 orrexisse

143 2555 775 2638 ditinhuuomodum:«Necquemquum
793 2554 964 2638 'exiis,qul
1019 2551 1189 2678 placebitur
1217 2555 1370 2639 discimus.
1399 2503 1443 2613 xii
1471 2575 1538 2641 vero
1564 2507 1703 2616 dissimili
1734 2566 1843 2623 raficas

141 2634 264 2701 urgente
277 2627 303 2683 vi
319 2629 413 2685 morbi
430 2629 460 2684 iii
474 2628 580 2684 lectulo
595 2627 716 2709 perinde
743 2643 776 2683 sc
791 2626 840 2682 ille
856 2626 965 2699 pertusi
1028 2626 1176 2681 'creatoris
1198 2631 1290 2683 nostri
1314 2628 1488 2700 sanguinem
1516 2646 1552 2686 iis
1580 2631 1747 2699 tradiderit,
1763 2636 1842 2693 dubi·

141 2699 275 2770 fuisscnt‚
298 2700 328 2754 in
357 2699 467 2756 olerum
491 2715 645 2755 assumi.»
674 2698 744 2753 Plus
771 2698 850 2753 enim
879 2696 963 2769 illud,
1018 2695 1295 2770 tarelieetpropter
1317 2700 1448 2757 subnexa
1472 2702 1780 2768 verba,«lursmihi
1796 2724 1843 2781 per

141 2785 303 2843 quemquam
318 2788 353 2828 cc
368 2774 415 2843 iii,
432 2771 508 2827 uude
531 2770 663 2851 exceptio
679 2769 775 2825 omnis
788 2768 964 2834 excluditur,
1019 2783 1124 2838 corpus
1140 2774 1169 2824 et
1183 2770 1357 2841 sanguinem
1380 2771 1494 2827 Domini
1519 2776 1621 2829 nostri.
1637 2797 1652 2826 ν
1670 2775 1841 2849 tingendum

142 2859 230 2914 quani
246 2840 389 2914 particula
404 2836 449 2896 τόν
466 2848 570 2898 sonat:
588 2846 665 2898 sicut
679 2841 894 2912 significantius
909 2839 964 2894 ali·
1018 2842 1117 2895 temen
1133 2855 1191 2895 non
1207 2845 1260 2910 est,
1276 2857 1333 2896 usu
1353 2846 1416 2898 tum
1437 2849 1586 2915 receptum
1602 2861 1678 2914 esse,
1696 2854 1730 2903 ut
1745 2848 1842 2907 fideles

141 2914 211 2985 quid
224 2931 281 2987 prae
297 2931 328 2971 se
344 2914 399 2970 lert
414 2916 443 2970 in
457 2917 580 2986 stipitem
603 2913 718 2979 clerum,
735 2927 824 2982 quam
850 2910 963 2983 simpli·
1019 2908 1209 2966 diaconorum
1226 2912 1388 2969 ministerio
1397 2915 1570 2987 sanguinem
1582 2917 1626 2973 vel
1637 2917 1728 2974 etiem
1739 2935 1841 2994 corpus

140 2986 213 3040 citer
227 2987 258 3041 in
284 2987 397 3041 clerum.
414 2985 579 3057 Disciplins
594 2984 684 3055 hujus
707 2983 888 3038 severitatem
912 2982 964 3038 eli·
1018 2980 1125 3037 Christi
1143 2982 1333 3055 perciperent.
1357 2986 1462 3042 Scribit
1487 2987 1594 3058 quippe
1616 2987 1758 3046 lustinus
1774 2998 1841 3066 Apo

141 3061 252 3128 quanto
279 3063 347 3131 post
373 3057 497 3114 Cornelii
524 3071 617 3111 ievum
651 3055 823 3126 temperavit
850 3053 963 3110 Neocae-
1018 3051 1076 3124 log.
1091 3054 1118 3119 2,
1137 3053 1172 3109 ad
1197 3055 1395 3111 Antoninum:
1416 3077 1427 3104 ι
1452 3057 1609 3129 Postquam
1635 3060 1762 3120 antistes
1777 3080 1840 3138 gra·

140 3128 271 3183 sariense
299 3128 461 3200 concilium,
490 3127 639 3183 hominem
668 3127 699 3181 iii
723 3125 963 3197 lectopert'usum
1018 3125 1125 3179 tiorum
1146 3126 1291 3182 actionem
1315 3127 1442 3199 pertenit,
1459 3133 1488 3185 et
1510 3129 1637 3202 populus
1665 3133 1766 3190 omnis
1794 3152 1838 3209 ap·

135 3215 195 3254 non
210 3200 246 3255 uh
267 3200 346 3255 omni
373 3198 442 3256 cleri
464 3199 568 3272 gradu,
585 3198 636 3253 sed
657 3213 673 3252 e
688 3195 867 3269 presbyterio
883 3196 996 3275 dun-0
1016 3200 1150 3265 precatus
1163 3202 1219 3266 est,
1235 3197 1349 3255 diaconi
1364 3215 1399 3254 ex
1414 3216 1497 3271 pune,
1515 3201 1581 3256 vino
1602 3206 1632 3258 et
1645 3218 1726 3274 aqua
1740 3221 1838 3264 couse-

134 3274 214 3327 texat
229 3270 396 3340 excludens,
412 3272 472 3328 imo
486 3286 554 3327 eum
578 3270 666 3326 etiam
681 3268 718 3324 ad
739 3267 818 3322 hunc
832 3268 957 3350 gradum
1015 3267 1104 3348 crutis
1118 3272 1229 3339 partein
1243 3269 1379 3326 dividunt
1393 3271 1552 3343 unicuique
1566 3275 1770 3356 presentium.
1782 3299 1796 3329 ν
1807 3280 1836 3335 ln

154 3342 251 3398 revehi
267 3344 440 3414 permittens
456 3364 470 3393 σ
485 3346 603 3414 propter
617 3354 799 3412 consequens
814 3354 879 3410 eJus
893 3345 955 3395 stu·
1010 3338 1106 3393 Airice
1119 3339 1223 3394 saltem
1239 3340 1370 3411 calicem,
1387 3359 1445 3414 quo
1468 3359 1590 3415 sanguis
1614 3343 1725 3402 Christi
1745 3349 1833 3405 eonti-

131 3359 214 3470 sium
229 3419 258 3470 et
273 3414 372 3486 fldem,
387 3414 599 3485 hominumque
614 3412 956 3468 raritatem.»Praesense·
1010 3409 1145 3473 uebatur,
1160 3428 1177 3467 a
1192 3411 1323 3468 diaconis
1339 3413 1447 3486 porrigi
1462 3415 1651 3472 consuevisse
1665 3418 1753 3475 dccet
1766 3418 1833 3477 illud

130 3490 176 3542 ret
191 3485 348 3550 Fabianus,
365 3503 415 3541 seu
432 3485 527 3557 quivis
538 3485 614 3539 alius
629 3482 780 3538 Novationi
794 3480 953 3550 ordinator,
1008 3480 1206 3563 Cyprianilih.
1238 3482 1272 3538 de
1296 3486 1408 3555 tapeta:
1433 3506 1447 3540 s
1475 3484 1529 3542 Ubi
1558 3502 1623 3542 iero
1652 3488 1833 3548 solemnibus

129 3554 301 3627 hujusmodi
312 3557 511 3629 exceptionem
539 3553 807 3610 erecclesiasticam
823 3552 954 3625 regulam
1009 3551 1186 3623 adimpletis,
1209 3553 1329 3610 calicem
1352 3555 1494 3612 diaeonus
1515 3556 1620 3614 offerre
1639 3563 1833 3630 presentibus

130 3627 270 3700 permitti.
287 3628 345 3686 Nec
370 3633 478 3684 temere
507 3572 629 3695 AEvinat,
651 3625 700 3695 qui
726 3624 861 3696 episcopo
885 3624 953 3680 huic
1008 3623 1104 3695 coepit.
1120 3645 1135 3674 ν
1152 3624 1294 3680 llumdem
1318 3642 1428 3683 morem
1456 3627 1553 3684 Rome
1581 3629 1726 3688 usitatum
1742 3633 1835 3691 innuit

130 3686 258 3754 mexiriie
272 3698 424 3755 Novatiani
448 3697 599 3770 ingenium
615 3698 644 3752 et
663 3695 871 3767 eloquentiam,
889 3712 955 3767 quie
1007 3695 1085 3767 apud
1100 3695 1286 3752 Ambrosium
1301 3695 1351 3752 lib.
1368 3698 1487 3766 rotun,
1501 3716 1526 3756 c.
1543 3700 1625 3772 l,pia
1639 3705 1832 3775 expostulatio

129 3769 160 3824 in
176 3769 255 3826 illius
269 3769 386 3842 scriptis
400 3787 433 3826 eo
448 3768 623 3826 nominatim
632 3766 662 3821 in
678 3765 802 3850 epistola
815 3767 955 3891 “fudssy'
1006 3770 1034 3848 83
1054 3767 1210 3849 beurenhi,
1226 3767 1433 3850 archidiaconi,
1451 3774 1480 3825 S.
1502 3770 1638 3844 lipsium,
1653 3776 1832 3846 pontificem,

129 3841 266 3915 priunum
282 3842 326 3908 31,
342 3841 457 3925 abipso
486 3841 606 3922 scripte·
617 3839 786 3921 suspicitur,
801 3854 825 3919 ¹p
839 3854 954 3920 acuisse
1007 3836 1297 3920 sicsinterpellantis:
1315 3861 1329 3890 ν
1345 3839 1400 3896 Cui
1415 3841 1590 3898 commisisti
1610 3842 1756 3926 dominici
1771 3864 1832 3905 ssu·

130 3912 365 4058 {titillet
379 3911 953 4054 titultituliilliciti?
1007 3912 1830 4062 ttttttttttttltttttlltittltttttttttttttt

130 4062 209 4124 runt,
239 4056 449 4112 ecclesiasticas
484 4054 655 4127 objicientes
687 4051 816 4125 regulus,
845 4052 953 4123 quibus
1006 4055 1187 4108 consortium
1212 4060 1473 4126 sacramentorum,
1504 4055 1574 4112 huic
1604 4060 1764 4132 sauguinis
1790 4061 1830 4118 tui

128 4129 298 4200 quempiam
308 4129 339 4183 in
351 4127 424 4184 lecto
435 4126 585 4200 pertusum
596 4126 632 4181 ad
644 4123 736 4180 ullum
747 4123 817 4179 cleri
827 4124 951 4206 gradum
1006 4123 1187 4179 consortium
1202 4125 1344 4195 pegasi»
1360 4128 1402 4182 Ad
1417 4126 1493 4183 idem
1510 4127 1709 4187 ministerium
1734 4133 1829 4191 reterri

127 4201 240 4256 assumi
255 4199 472 4271 prohibebatur,
484 4196 575 4254 simili
599 4195 711 4251 retlone
724 4199 810 4250 antea
827 4204 953 4252 interce·
1006 4195 1158 4250 commode
1173 4201 1277 4266 potest,
1302 4199 1380 4268 quod
1404 4197 1440 4253 de
1467 4198 1600 4256 diaconis
1623 4199 1765 4259 Romane
1779 4204 1828 4262 llo·

126 4271 195 4327 dore
210 4272 383 4340 debuerant,
399 4270 424 4326 si
436 4269 515 4325 ullus
531 4268 556 4324 ei
572 4267 681 4339 gradus
695 4265 819 4322 collatus
836 4267 949 4324 luisset.
1004 4264 1099 4322 olesiai
1114 4265 1237 4337 loquens
1252 4269 1391 4341 antiquus
1405 4273 1506 4325 auctor
1517 4272 1627 4338 Queat.
1646 4276 1705 4329 vet.
1720 4279 1751 4331 et
1766 4291 1826 4332 nos.

125 4342 265 4406 Quocirca
280 4341 439 4424 presbyteri
468 4340 642 4469 dignitatem
670 4337 727 4420 ipsi
756 4336 949 4419 persillum,
1004 4337 1390 4423 TestapudA‘ugustinum
1406 4342 1551 4413 Append,
1569 4344 1707 4413 temlll,
1725 4362 1751 4402 c.
1768 4347 1827 4416 ici,

124 4412 313 4470 interioribus
329 4413 396 4469 aliis
410 4412 506 4470 ordini
529 4428 564 4468 us
579 4413 794 4484 pretermissis,
811 4407 950 4466 collatam
1004 4409 1178 4480 generaliter
1193 4411 1284 4468 dicit:
1301 4433 1316 4463 σ
1332 4411 1451 4468 Draconi
1466 4429 1534 4486 ergo
1549 4414 1621 4471 ordo
1635 4418 1682 4472 est
1697 4418 1760 4474 acci
1800 4433 1829 4476 re

123 4499 188 4539 esse
207 4484 341 4541 Valesius
368 4489 457 4557 atque
470 4480 675 4542 Tillemontius
694 4480 763 4537 inde
777 4480 947 4552 conjiciunt.
1004 4482 1194 4546 asacerdote‚
1208 4488 1238 4539 et
1251 4481 1294 4538 sio
1315 4482 1384 4540 dare
1408 4482 1496 4555 plebi.
1515 4507 1526 4535 ν
1544 4484 1654 4542 Verum
1668 4502 1739 4545 sace
1775 4490 1829 4546 oti·

124 4555 283 4613 Cousrniir.
964 4550 1060 4638 phos
1073 4551 1113 4619 id,
1130 4553 1209 4623 quod
1237 4553 1369 4610 diaconis
1392 4555 1574 4613 committere
1601 4565 1828 4633 consueverunt,

160 4628 215 4697 (75)
245 4626 364 4696 Ποιήσας
392 4624 444 4700 γὰρ
471 4624 520 4686 τὰς
547 4621 705 4700 προσφορὰς
733 4619 778 4675 ml
812 4617 949 4684 ἐπιδιδοὺς
1003 4638 1055 4694 per
1069 4640 1099 4679 se
1113 4629 1251 4696 prestare
1267 4642 1413 4697 nusquam
1441 4635 1485 4683 eet
1500 4626 1680 4700 prohibitum
1684 4671 1742 4687 .....
1758 4632 1828 4704 lino,

122 4698 214 4751 τοῦτο.
233 4698 385 4770 Proprium
401 4701 464 4753 crat
486 4696 645 4779 presbyteri
668 4695 797 4751 osticium
814 4693 949 4752 Euchari-
1003 4694 1027 4749 si
1043 4693 1282 4766 Chrysostomum
1298 4695 1398 4753 homil.
1416 4699 1461 4767 46,
1486 4697 1516 4754 in
1540 4699 1643 4757 ldatth.
1660 4701 1828 4771 audiamus,

123 4770 254 4825 etiamst
277 4769 398 4825 calicem
415 4767 551 4823 fidelibus
578 4784 609 4822 in
633 4765 947 4822 manustraderezid-
1002 4765 1249 4822 ‹isolisacerdoti
1268 4766 1336 4824 licet
1359 4766 1478 4824 calicem
1508 4771 1664 4844 sanguinis
1687 4774 1828 4832 dominici

123 4858 180 4914 quo
206 4837 342 4895 ἐπιδοῦναι
377 4839 492 4912 propris
517 4839 678 4893 dicebatur.
708 4838 944 4908 chrysostomus,
1002 4838 1138 4908 prebere.
1155 4839 1322 4895 »Sedcum
1348 4845 1469 4897 sanctus
1485 4839 1534 4897 ille
1548 4843 1653 4900 doctor
1665 4860 1726 4901 non
1741 4846 1830 4903 addat

121 4912 245 4971 homilis
273 4914 316 4980 lo,
347 4911 376 4966 in
406 4910 594 4966 Mattbaeum:
615 4907 677 4982 Οὐχ
692 4906 756 4982 ὁρᾷς
772 4907 812 4961 ὅτι
826 4911 865 4978 τῷ
879 4908 947 4983 ἱερεῖ
999 4906 1085 4977 plebi,
1101 4910 1166 4979 ejus
1180 4913 1358 4967 sententiam
1372 4928 1408 4968 ex
1421 4912 1518 4969 verbis
1532 4914 1746 4980 Quest.vet.ao
1760 4933 1826 4974 nor.

123 4983 290 5058 ptipttpi<
315 4982 417 5037 τὸτοῦ
443 4975 720 5052 αἳματοςὲπσσιδοναι
747 4979 899 5051 ποτηριονς
916 4981 945 5035 id
1000 4979 1129 5035 Testem.
1159 4983 1289 5053 proxime
1310 4983 1408 5040 allatis
1436 4983 1576 5056 explicari
1604 4985 1647 5042 nil
1673 4991 1764 5045 vetui.
1791 4987 1828 5047 Ut

119 5063 182 5113 est:
200 5056 262 5112 Non
278 5056 358 5111 vides
372 5052 497 5125 qualiter
511 5050 565 5106 soli
580 5050 724 5107 sacerdoti
746 5050 814 5106 lieet
828 5050 945 5106 calicem
999 5051 1085 5106 verbo
1100 5052 1206 5119 dicam,
1223 5070 1329 5124 corpus
1341 5060 1371 5111 et
1392 5056 1568 5128 sanguinein
1585 5054 1695 5114 Christi
1710 5059 1826 5131 populis

118 5127 262 5184 Dominioi
279 5125 432 5198 sanguinis
449 5123 585 5195 prebere.
607 5123 646 5177 lix
661 5137 718 5194 quo
734 5122 774 5177 ite
788 5137 943 5193 argumen·
998 5124 1114 5179 tradere
1129 5138 1244 5195 semper
1259 5125 1459 5183 sacerdotibus
1469 5126 1620 5196 exollicio,
1631 5128 1766 5187 diaconis
1776 5147 1826 5189 uu-

116 5195 738 5268 taturChrysostomusffl'uergoeacerdos
757 5209 875 5258 escum
893 5210 942 5265 pa·
998 5197 1056 5250 tem
1084 5199 1223 5266 tunquam
1252 5196 1438 5252 sacerdotum
1468 5197 1610 5256 ministris
1632 5215 1669 5256 ex
1695 5203 1824 5274 quodam

114 5266 680 5340 nemctcnlieemprebespauperi.lu
704 5265 941 5337 quibusdamta·
997 5280 1147 5334 concessu,
1173 5272 1202 5323 ct
1223 5268 1396 5325 necessitate
1419 5268 1597 5342 postulante,
1628 5271 1701 5328 olim
1731 5272 1824 5344 licuit,

113 5358 179 5397 men
196 5341 326 5397 ecclesiis
341 5340 455 5395 diaconi
478 5337 690 5395 Eucharistiam
707 5353 742 5409 po
766 5336 814 5392 ulo
829 5335 940 5391 divide·
1591 5357 1658 5410 eeu,
1674 5348 1708 5401 ut
1721 5360 1790 5401 oum

112 5412 193 5469 bant.
212 5412 302 5484 ldque
332 5413 453 5467 innuere
477 5410 590 5467 videtur
619 5416 720 5465 auctor
739 5354 939 5488 guestionum

110 5485 342 5541 vetorisotnovi
370 5482 558 5547 Testamenti,
583 5482 725 5553 caplOl,
753 5480 799 5536 his
823 5481 937 5534 verbis:
1030 5477 1086 5547 (74)
1119 5474 1290 5550 Δισνέμων...
1339 5477 1489 5545 &xiiiio-ir.
1518 5480 1663 5556 Δισνσῑμας
1695 5483 1823 5556 Synoall.

113 5555 432 5628 «Diaconiergoordo
457 5559 501 5610 est
529 5553 661 5624 accipere
688 5568 705 5608 a
734 5551 894 5615 sacerdote,
911 5554 939 5605 et
994 5545 1272 5632 iniiqirmsllodl.
1296 5550 1387 5610 Verba
1402 5555 1450 5623 της
1480 5551 1564 5623 οὔσης
1589 5549 1733 5629 derepto<
1757 5561 1826 5631 post

114 5627 157 5684 sio
172 5629 242 5686 dare
256 5626 343 5699 plebi.
361 5649 375 5677 ν
392 5626 595 5699 Hieronymus,
611 5639 663 5680 seu
679 5623 845 5695 quisalius,
858 5621 889 5676 in
904 5619 939 5676 li·
992 5619 1024 5674 τὸ
1041 5640 1122 5696 pipo<
1137 5638 1193 5677 ms.
1208 5620 1334 5680 Nortolo.
1350 5627 1475 5696 addidit,
1491 5642 1571 5684 nunc
1594 5632 1644 5697 τῆς
1659 5624 1748 5698 οὔσης
1767 5623 1825 5684 διο·

113 5697 165 5757 bro
180 5699 217 5756 de
231 5702 343 5772 septem
371 5698 518 5756 Gradibus
543 5694 696 5753 Ecclesia:
712 5716 727 5746 e
742 5695 827 5752 Siout
843 5691 874 5748 in
888 5708 940 5779 σας
991 5709 1023 5748 νο
1046 5693 1092 5766 ης.
1107 5693 1334 5770 ldoxprcsc‘uio
1349 5693 1460 5777 ipsein
1478 5695 1655 5781 habetaisifi
1673 5696 1729 5780 dp,
1745 5700 1823 5785 Spu·

109 5772 227 5857 ,uidete
237 5769 429 5855 consociatio,
442 5769 484 5834 ita
501 5767 533 5851 iu
547 5765 683 5847 ministro
698 5768 744 5848 est
756 5766 938 5849 eacumina
1010 5841 1014 5846 .
1050 5764 1185 5829 diocia.
