3892 6104
135 291 212 354 lter
624 290 727 357 ACTA
749 291 1075 357 subconstitutus
1097 293 1130 355 S.
1153 290 1348 357 cisaram.
1762 285 1841 352 1858

131 430 198 481 vota
212 423 381 481 communia
396 423 461 497 (33),
479 427 511 480 ut
525 426 673 482 consortio
695 426 774 499 paris
797 425 897 498 glorias
913 424 953 481 si·
969 424 997 493 Α
1012 424 1099 482 nibus
1114 442 1166 497 pro
1190 425 1329 498 martyrio
1353 424 1512 498 deputetur
1527 440 1534 493 ;
1555 419 1717 497 Cyprianus
1739 419 1838 480 tamen

133 513 197 569 mul
213 512 295 586 plebs
311 518 373 570 tota
393 518 549 587 pateretur,
576 514 744 587 quicunque
768 514 871 571 1438
900 515 955 571 sub
1010 513 1141 571 etiamad
1152 511 1838 588 perlectamcoronam‚llominoconssummante

134 602 241 659 Christi
258 603 419 675 spectantis
434 604 570 671 oculis,et
584 603 639 660 sub
655 603 779 661 auribus
794 603 955 660 sacerdotis
1010 603 1130 676 profecit
1153 621 1159 660 :
1174 607 1208 659 ut
1223 604 1252 659 in
1269 602 1386 659 civitate
1408 601 1517 674 ipsein
1533 618 1590 673 qua
1604 599 1702 656 taliter
1715 599 1837 668 vixerat,

132 710 167 749 ex
183 692 282 749 animo
297 693 357 765 pati
374 692 475 761 voluit,
491 709 543 765 per
556 692 695 749 idoneum
705 693 763 750 voli
778 693 825 749 sui
838 696 955 764 testem,
1011 696 1041 749 et
1055 693 1085 748 in
1102 709 1160 764 qua
1175 691 1254 763 prior
1267 691 1377 748 fecerat
1392 689 1484 746 multa
1499 687 1646 762 preclara,
1655 688 1735 761 prior
1749 687 1837 745 eliam

130 780 286 854 legationis
301 782 518 856 quodammodo
533 781 646 839 litteras
661 783 697 839 ad
714 782 801 839 deum
817 781 909 839 misit.
1010 780 1166 838 sacerdotii
1180 779 1307 837 coelestis
1332 778 1462 852 insignia
1483 777 1609 849 glorioso
1634 791 1737 833 cruore
1752 775 1837 833 deeo-

1011 869 1176 935 raretuuid
1191 869 1246 926 boc
1261 868 1324 925 loco
1340 867 1463 924 faciam?
1478 867 1556 923 inter
1569 866 1713 939 gaudium
1729 865 1838 936 passio·
1904 878 1906 882 ’

438 923 554 980 CAPUT
573 924 646 980 ω’
1010 958 1057 1015 nis
1071 962 1101 1015 et
1115 957 1286 1015 remanendi
1303 956 1433 1014 dolorem
1444 955 1473 1011 in
1487 959 1584 1028 partes
1595 954 1707 1012 divisus
1718 953 1836 1012 animus

175 1025 286 1079 primm
306 1024 415 1094 martyr
427 1024 617 1094 ‘mmmm
634 1023 908 1093 carthwlmiium·
1010 1053 1039 1105 et
1054 1053 1215 1122 augustum
1231 1047 1320 1103 nimis
1336 1050 1437 1119 peetus
1467 1046 1589 1102 affectus
1617 1043 1750 1118 duplices
1764 1061 1835 1101 one·

164 1139 211 1194 Sic
226 1141 431 1194 consummata
447 1139 582 1211 passione
597 1139 760 1211 perfectum
785 1144 840 1208 est,
857 1144 889 1196 ut
904 1143 954 1214 Cy·
1009 1141 1085 1193 rant.
1103 1137 1211 1193 Dolebo
1226 1137 1303 1207 quod
1324 1153 1382 1193 non
1408 1152 1506 1193 eomes
1535 1133 1640 1191 luerim
1655 1133 1670 1189 l
1684 1134 1738 1190 Sed
1754 1131 1834 1190 illius

131 1229 253 1299 prianus
268 1228 317 1299 qui
333 1227 478 1282 bonorum
503 1227 635 1284 omnium
657 1227 752 1284 luerat
774 1227 953 1300 exemplum,
1008 1226 1131 1283 victoria
1145 1225 1358 1299 triumphanda
1372 1224 1470 1281 estlle
1484 1222 1606 1280 victoria
1620 1221 1835 1295 triumphabo?

128 1315 215 1371 etiam
231 1315 427 1372 sacerdotales
442 1331 565 1372 coronas
590 1317 647 1389 (el)
674 1316 704 1372 in
729 1317 826 1373 Africa
853 1317 953 1390 pimus
1010 1316 1063 1373 sed
1079 1314 1161 1371 doleo
1175 1316 1253 1387 quod
1267 1330 1364 1372 eomes
1380 1330 1438 1370 non
1454 1312 1510 1370 sim
1532 1313 1599 1386 (³5).
1628 1310 1737 1368 Verum
1752 1309 1834 1367 vobis

81 1420 84 1425 ·
128 1403 274 1459 imbuerat
289 1425 296 1472 3
314 1403 383 1475 quia
398 1407 427 1459 at
440 1403 509 1460 talia
528 1420 593 1462 esse
621 1409 688 1478 post
713 1405 860 1478 apostolos
873 1405 954 1478 prior
1008 1407 1107 1461 tamen
1122 1408 1151 1461 et
1166 1403 1341 1476 simpliciter
1355 1401 1555 1460 confitendum
1572 1403 1627 1467 est,
1648 1399 1726 1476 quod
1742 1404 1771 1456 et
1782 1416 1833 1455 vos

128 1495 263 1564 caperat.
280 1492 320 1548 lla
335 1508 393 1564 quo
408 1491 488 1547 enim
503 1492 671 1567 Carthagini
682 1493 870 1569 episcopatus
881 1495 952 1551 ordo
1007 1493 1090 1552 acilia
1106 1494 1135 1549 in
1152 1493 1206 1550 hae
1222 1510 1270 1550 me
1283 1493 1375 1550 luisse
1390 1489 1680 1550 sententiailultum
1697 1505 1730 1546 ac
1745 1487 1834 1545 nimis

129 1584 312 1651 numeratur,
330 1597 485 1653 nunquam
502 1580 619 1653 aliquis,
643 1583 779 1653 quamvis
804 1599 839 1640 ex
866 1583 952 1640 bonis
1006 1581 1132 1641 multum
1147 1582 1183 1639 de
1197 1581 1290 1656 gloria
1305 1583 1369 1655 ejus
1389 1580 1502 1639 exsulto
1522 1597 1529 1648 ;
1546 1579 1612 1653 plus
1637 1581 1736 1635 tamen
1748 1576 1833 1634 doleo

128 1673 157 1726 et
171 1668 385 1739 sacerdotibus,
401 1670 438 1726 ad
454 1670 622 1744 passionem
641 1671 755 1729 venisse
771 1675 953 1730 memoratur
1006 1673 1085 1745 quod
1101 1671 1240 1729 remansi.

128 1757 208 1816 Licet
223 1773 339 1831 semper
353 1763 411 1816 Deo
427 1759 594 1834 mancipata
608 1759 840 1834 desoti0,dioatis
855 1744 990 1818 homi-B

837 1877 1003 1940 llariorum
1017 1883 1113 1940 notae.

150 1979 207 2051 (33)
225 1981 289 2037 Volo
316 1983 481 2037 communio.
504 1981 610 2038 Conler
637 1985 709 2039 Aeta
724 1999 807 2039 num.
833 1985 861 2050 5,
890 1983 942 2039 uhi
995 1979 1083 2057 γελιῳ
1097 1979 1266 2058 διαδραμὼν,
1281 1987 1337 2040 etc.
1355 1984 1438 2040 Fano.

121 2051 204 2107 turbo
217 2053 339 2122 fratrum
352 2053 457 2109 dimtot
471 2071 481 2110 .·
495 2055 529 2109 Et
542 2069 592 2110 nos
606 2070 670 2109 eom
684 2056 742 2126 ipso
763 2054 939 2112 decollemur.
1032 2055 1088 2126 (35)
1104 2055 1197 2111 Comes
1209 2071 1265 2120 ooo
1279 2054 1441 2112 simpontii
1454 2053 1565 2110 leslum
1580 2050 1714 2108 recolunt
1727 2054 1827 2108 vetera

121 2121 262 2178 Rumam.
996 2125 1215 2208 martyrologia,
1232 2126 1309 2183 sicut
1323 2131 1352 2182 et
1367 2126 1547 2183 hodiernum
1570 2123 1827 2195 Romanum,dia8

156 2193 552 2264 (3l)Sorerdoloieacoronos.
582 2194 646 2252 Nan
675 2212 710 2252 ex
738 2196 862 2263 calvitie,
890 2198 942 2254 sed
997 2197 1103 2254 llartri.
1120 2196 1308 2254 Cavetamen
1325 2197 1456 2253 nehune
1478 2213 1547 2253 oum
1572 2194 1676 2251 Pontio
1701 2199 1830 2266 martyre

120 2263 229 2319 illustri
243 2264 350 2321 virtute
366 2266 639 2350 quaesitas.Comno
655 2285 685 2325 re
707 2268 736 2324 ni
752 2269 867 2325 rabbini
883 2273 944 2325 tres
997 2268 1172 2337 confundas,
1190 2268 1422 2340 quiPhillippos
1450 2268 1643 2340 imperatores
1672 2266 1708 2322 ad
1738 2265 1828 2321 iidem

120 2334 192 2391 alias
208 2335 320 2391 addunt
336 2353 342 2404 ;
357 2337 510 2393 nrmrrium
531 2354 669 2396 eoronam
687 2283 779 2413 legis,
805 2356 943 2397 coronam
998 2339 1108 2395 Christi
1123 2339 1281 2397 adduxisse
1293 2339 1451 2406 dicitur,de
1461 2338 1617 2420 quoplura
1625 2337 1701 2409 apud
1714 2335 1830 2393 Bollan-

120 2407 286 2474 sacerdotii,
300 2412 329 2462 et
343 2422 480 2465 eoronam
497 2410 625 2466 nominis
649 2411 718 2467 boni
734 2428 741 2466 ι
778 2428 815 2468 uo
837 2411 946 2485 triplici
999 2411 1103 2467 dianes
1118 2411 1154 2467 ad
1170 2410 1246 2468 diem
1262 2412 1296 2467 ll
1310 2411 1392 2467 maii.
1406 2409 1505 2466 Altera
1521 2426 1550 2464 ιιι
1566 2408 1707 2465 honorem
1718 2407 1829 2464 S.Pon·

119 2478 284 2534 diademate
312 2480 474 2563 Cyprianus
498 2481 651 2538 redimitur
678 2428 893 2556 pralillgebat:
915 2487 945 2539 et
1000 2481 1034 2537 tii
1049 2482 1180 2538 dedicari
1196 2482 1309 2539 curavit
1323 2482 1353 2538 S.
1370 2478 1525 2538 Rusticula
1540 2479 1646 2537 seculo
1670 2494 1721 2544 νιι,
1738 2478 1827 2559 abba·

120 2547 241 2604 alteram
249 2553 380 2622 martyrii
392 2551 946 2625 addidit,Apostolushlrorumvidetur
999 2553 1073 2609 tissa
1088 2553 1287 2620 Arelatensis;
1303 2551 1377 2608 utin
1389 2554 1452 2624 ejus
1467 2551 1536 2607 Vita
1551 2551 1639 2606 relert
1662 2549 1828 2605 Flortntrus

120 2619 219 2675 Simon
235 2620 345 2677 Zelotes
361 2621 397 2676 de
412 2639 470 2692 quo
485 2622 618 2697 Niceph,
635 2624 654 2679 l.
671 2643 703 2692 ιι,
720 2641 743 2681 e.
759 2626 803 2697 40,
818 2625 943 2682 dicitur:
1000 2625 1159 2697 presbyter.
1176 2629 1214 2679 at
1229 2623 1351 2697 quinam
1367 2623 1456 2680 fuerit
1471 2622 1522 2679 ille
1535 2622 1723 2679 Pontiusnon
1739 2620 1828 2693 expli-

121 2689 252 2764 Αἰγύπτῳ
281 2693 391 2766 Κυρήνῃ
417 2712 447 2746 τε
473 2693 518 2746 καὶ
554 2694 591 2766 τῇ
618 2694 734 2772 'Appos'
768 2690 943 2771 προσὸαλών.
1000 2699 1055 2752 cut.
1073 2694 1215 2753 Rutulus.
1768 2711 1772 2719 ‘

118 2761 300 2837 Μαυριτανίαν
315 2761 402 2816 τεκαὶ
419 2760 481 2818 ὅσον
503 2769 555 2833 τῆς
584 2759 690 2835 Athon<
715 2717 783 2834 lert,
807 2764 848 2838 τῷ
862 2765 946 2843 Ellop-

1464 2894 1824 2912 m

597 3062 756 3172 acm
818 3061 1347 3175 PROCONSULlRll

366 3273 845 3436 SANCTl
923 3277 1571 3440 CYPRIANI

717 3536 894 3600 uslscosl
914 3537 967 3600 ul·
987 3537 1205 3601 Masurius.

113 3787 135 3843 l.
166 3787 267 3841 Primo
294 3785 322 3841 S.
347 3787 484 3860 Cypriani
511 3792 646 3862 consessio
682 3809 776 3850 coram
815 3797 933 3852 Paterno
949 3798 972 3868 c
988 3794 1097 3867 mium,
1117 3794 1216 3850 lm
1232 3791 1406 3866 Carthagine
1421 3790 1451 3847 in
1467 3789 1624 3848 secretario
1649 3789 1697 3863 12),
1715 3789 1814 3848 Pater·

217 3859 390 3929 mimile-
406 3861 581 3935 ''millen'‘
592 3863 710 3938 imm
724 3867 826 3922 smil·
991 3899 1048 3940 nus
1064 3881 1221 3957 proconsul
1250 3880 1393 3954 Cypriane
1408 3879 1546 3951 episcopo
1569 3877 1660 3947 dixit3
1676 3877 1815 3936 Sacratis·

146 3963 319 4034 Imperatoa
341 3962 494 4023 Valeriano
516 3968 563 4040 ·(l)
592 3974 731 4041 quartum
757 3975 787 4027 et
815 3970 935 4029 Calleno
990 3972 1057 4029 simi
1072 3972 1264 4045 imperatores
1285 3968 1456 4027 Valerianus
1477 3972 1506 4022 et
1527 3965 1677 4024 Gallienus
1700 3967 1814 4025 litteras

111 4051 232 4107 tertium
259 4053 556 4113 oonsulibus¹tertio
582 4057 777 4116 Kalendarum
806 4061 935 4133 Septem·
990 4062 1026 4118 ad
1042 4078 1089 4119 ms
1102 4061 1173 4118 (lare
1187 4058 1301 4134 dignati
1317 4061 1398 4124 sunt,
1418 4054 1528 4129 quibus
1552 4060 1752 4129 praeceperunt
1766 4072 1816 4114 eos

818 4177 921 4240 Variae
943 4177 1103 4240 lectiones.

147 4278 266 4336 ¹Tusoo
281 4285 310 4336 et
324 4280 416 4337 Basso
438 4297 514 4338 coss.
533 4284 592 4338 Vct.
608 4284 725 4355 martyr.
754 4282 841 4341 Suria.
858 4281 920 4339 Col.
943 4284 1017 4342 Fons.
1046 4283 1195 4341 Nobilium
1224 4283 1433 4355 imporatorum
1462 4280 1573 4409 scripta
1601 4283 1637 4339 ad
1667 4297 1714 4340 me
1727 4299 1812 4340 vena-

109 4353 191 4476 ffit,
207 4356 241 4408 ut
255 4351 285 4408 hi
301 4351 352 4425 qui
368 4352 554 4410 ceremonias
569 4359 768 4426 exsecrantur,
783 4355 841 4412 dlis
852 4354 1014 4424 immolare,
1030 4359 1059 4412 ot
1080 4356 1118 4411 ad
1146 4354 1373 4412 sacrificandum
1402 4352 1515 4428 compsi
1529 4357 1617 4411 antur
1644 4353 1737 4411 inviti.
1752 4356 1811 4412 Act.

821 4506 987 4570 lariorum
1002 4511 1097 4570 notis.

146 4607 184 4688 (l)
199 4608 372 4690 ‘Imperatore
402 4613 556 4669 Valeriano.
585 4613 677 4668 Actus
704 4612 851 4684 passionis
880 4613 934 4682 Cy·
988 4614 1090 4670 Ferunt
1104 4612 1427 4682 etiamtunooproeside
1447 4612 1583 4668 alituram
1603 4613 1688 4669 culeis
1713 4630 1810 4672 occen-

111 4696 205 4761 priam
218 4683 382 4738 secundum
393 4683 535 4739 editiones
547 4682 672 4739 Manutii
681 4683 868 4751 etllorallii‚a
891 4699 935 4740 ra·
988 4701 1059 4741 sum.
1075 4688 1102 4741 et
1116 4687 1146 4740 in
1160 4700 1208 4740 ore
1221 4683 1303 4740 illim
1316 4701 1422 4756 prunos
1435 4684 1583 4740 camillum
1592 4684 1810 4756 militinam&

109 4766 189 4833 gram
206 4751 335 4808 fabulam
352 4752 465 4828 prologi
480 4753 542 4810 loco
558 4754 786 4827 promittitque
800 4701 933 4812 seculum
988 4756 1074 4812 sillem
1088 4755 1177 4812 dicere
1192 4754 1356 4812 Christiania
1371 4773 1381 4811 .·
1396 4757 1496 4826 Ellotis
1509 4771 1525 4811 e
1540 4755 1643 4812 duobus
1657 4772 1744 4811 unum
1761 4760 1810 4812 arat

109 4839 140 4875 ιιι
156 4838 214 4904 quo
229 4827 298 4879 nuta
312 4830 357 4881 est
366 4826 439 4882 satis
451 4826 648 4910 profitetur.st
662 4826 705 4882 sic
719 4842 752 4882 se
761 4825 858 4884 habat:
867 4827 935 4884 Cum
989 4827 1072 4884 ituro
1085 4842 1168 4899 super
1180 4826 1223 4882 liis
1237 4827 1400 4883 corbonibus
1415 4829 1508 4898 otieris
1526 4828 1652 4892 lenimur
1665 4829 1695 4882 in
1707 4801 1810 4883 calcem

109 4893 263 4975 plurimum
276 4912 374 4953 nomm
391 4897 494 4954 Christi
508 4914 525 4953 a
538 4897 690 4969 pestilibus
704 4913 826 4968 mosum,
843 4900 932 4955 inun-
987 4898 1191 4971 demerqimmi.
1210 4899 1281 4954 Tunc
1296 4899 1409 4955 trecenti
1423 4899 1479 4954 oiri
1501 4898 1556 4967 Me
1576 4899 1688 4967 armati,
1710 4913 1739 4954 se
1753 4900 1810 4954 ieta

110 4967 490 5026 lroeeomximoconoretor
512 4970 669 5041 absentet
691 4973 759 5025 esset
783 4973 934 5041 persecutio
987 4969 1175 5041 rapidissimo,
1198 4969 1339 5025 Christum
1364 4971 1412 5024 liei
1438 4970 1542 5025 Filium
1568 4970 1656 5024 ileum
1681 4971 1808 5039 [cimice.

108 5035 183 5106 cpoli
198 5038 293 5094 ortem
312 5041 445 5096 Romam:
464 5041 638 5096 lectissimos
663 5039 804 5096 Cornelios
823 5043 934 5114 pontifi·
982 5042 1145 5115 jeceruntic
1155 5044 1248 5112 ionem
1261 5051 1287 5096 el
1303 5043 1500 5111 interversores
1515 5040 1599 5095 calcia
1612 5040 1810 5111 pulvereiamst

112 5116 204 5162 colum
218 5109 358 5179 predicte
380 5114 456 5168 urbia
481 5115 595 5167 suminis
624 5112 774 5168 uirtutibus
800 5113 933 5185 prelium
986 5113 1128 5180 decursi3
1145 5129 1211 5186 oscos
1232 5113 1286 5167 sili
1310 5112 1432 5167 Crlsisiua
1458 5113 1634 5167 cmmemovit.
1659 5113 1691 5167 ln
1705 5111 1748 5167 liis
1762 5128 1810 5167 oo-

112 5182 179 5260 lunc
194 5181 305 5248 repetat
320 5198 331 5243 ‚·
345 5183 604 5255 comprehensosque
624 5199 641 5237 o
663 5182 784 5255 praeside
821 5186 931 5240 diutur-
988 5193 1043 5240 lem
1066 5184 1162 5240 diebus
1188 5199 1250 5241 eum
1279 5185 1350 5237 tolia
1377 5187 1548 5253 pararentur,
1578 5183 1669 5238 heolus
1695 5185 1810 5240 antistes

109 5265 154 5303 nra
166 5253 313 5309 tormentis
323 5254 544 5324 astrictissime
559 5255 650 5324 finiuit
658 5256 834 5326 temporalem
847 5257 933 5312 citam
988 5255 1144 5328 Cyprianus
1165 5252 1407 5325 Carttopinemem
1437 5255 1544 5326 repebat
1566 5255 1707 5310 eccesiam
1729 5271 1739 5316 ;
1763 5255 1812 5327 qui

107 5330 291 5443 ρὲηεεριανιις
305 5341 322 5379 c
337 5325 389 5408 Dec
404 5325 463 5408 siae
476 5326 714 5450 finebperpploum.
724 5327 792 5409 βοᾷ,
806 5343 870 5382 eum
884 5328 933 5383 tce
1567 5326 1774 5398 comprobemus

107 5395 931 5545 ἵηιιιῗιῗἑῖἰὲἳιξαθιξὲκιηιιιιηροιῇἵιίξῗιιςιιιαεὶἓῃηπΐιθξιείνῖιᾜιθίὲξᾜῆ
1022 5469 1060 5541 (2)
1076 5471 1105 5524 lo
1120 5471 1274 5525 secretaria.
1291 5465 1386 5522 Gloss.
1412 5468 1502 5523 Grec.
1532 5464 1655 5540 σὲκρετοιι
1683 5463 1808 5536 δικαστή-

108 5536 197 5587 oztom
213 5541 351 5607 urniitere,
371 5543 396 5596 ct
424 5538 475 5595 illo
504 5555 563 5610 quae
592 5555 610 5592 c
637 5539 691 5595 Deo
715 5541 931 5610 promisssione
985 5559 1054 5677 prov,
1083 5537 1317 5618 χαρτοφυλὰκιον,
1351 5537 1474 5613 stirpator
1502 5533 1650 5612 συνέδριον.
1682 5538 1803 5611 llesyoh.

112 5604 240 5677 adipisci,
260 5606 374 5667 diuersis
387 5612 531 5671 lemmatis
544 5610 645 5684 afflicti
657 5613 929 5677 consummabimur.
1007 5628 1069 5672 ann.
