3892 6104
1445 38 1448 43 ·
1660 21 1889 85 ”asera-am

1663 85 1668 95 .
1728 84 1736 99 ,
1756 46 1895 137 ..ν’-ι.-ι-ιέᾁξ

1733 116 1739 131 ·
1774 116 1777 121 “
1808 116 1811 121 “
1835 122 1879 145 ,-·ι

718 228 827 290 sos.
848 226 1076 293 consanum
1099 228 1355 299 arcesarces.
1429 176 1432 181 Ι
1613 190 1617 195 ’
1733 176 1872 311 'qiu

435 360 510 421 8111
532 360 706 419 arls'loua
725 360 761 418 ll.

283 490 321 530 an
340 488 443 529 siarum
462 472 484 508 ¹¹
504 484 699 527 coarrsooeau
718 484 909 525 emarcueram.

187 588 405 639 Aaoaueuruu.
421 608 454 620 -
470 580 508 634 li'e
523 576 678 633 sacerdotes
692 575 813 644 ltomint,
828 575 899 631 sicut
914 575 1010 645 cuipas

219 654 288 711 salet
316 655 419 724 tacere,
446 654 620 722 praesumont
631 650 729 720 jurare
744 648 784 703 aet
799 646 1009 718 compellantur,

221 726 248 783 1.
263 725 294 783 Si
307 725 508 781 sacramentum
522 722 556 776 at
577 720 709 792 episcopis
721 719 784 788 fieri
805 718 910 774 dolrem
925 718 952 771 2.
969 722 1011 774 De

219 796 310 855 coasts
332 798 530 869 episcoporum,
551 800 577 847 at
599 796 629 847 ut
651 790 784 863 quidquid
808 789 935 845 odacrsru
957 789 1007 845 ab·

218 872 307 926 sudes
321 870 426 938 opitur,
442 882 557 922 uacuum
572 864 714 919 iubeatur.

68 986 71 991 '
183 990 342 1035 masenius
352 988 506 1031 aresceres
516 986 593 1027 aura
603 970 624 1005 ¹¹
639 985 809 1027 coarrscoro
821 969 842 1005 ¹¹
854 986 883 1025 m
898 984 1009 1025 oouruo

527 1058 666 1099 SALUTEM.

218 1172 312 1247 linigit
324 1169 440 1227 dilectio
463 1174 525 1237 tua,
551 1167 641 1223 irater
654 1164 837 1235 charissime,
862 1169 894 1220 ut
907 1181 942 1221 ex
956 1181 1008 1222 au·

182 1262 316 1321 ctoritate
329 1260 413 1318 Sedis
428 1259 485 1331 (15)
499 1254 665 1329 apostolicae
679 1253 739 1311 tuis
753 1254 926 1311 deberemus
937 1268 1007 1311 con-

1025 360 1195 429 Aonorum
1211 382 1265 423 nos
1279 364 1412 439 exempla
1424 366 1448 405 ¹¹
1470 366 1497 425 si
1511 366 1689 443 ceperimus
1711 384 1870 451 enumenrs,

1066 458 1117 508 sat
1127 452 1156 508 in
1168 453 1310 512 schedula
1319 456 1374 513 hac
1382 456 1521 525 inserere,
1534 462 1604 515 ante
1614 458 1733 516 dauaist
1743 458 1869 536 horadlei

1064 556 1154 613 quam
1169 559 1271 601 corum
1286 544 1418 617 exempla
1432 547 1468 603 de
1482 546 1537 603 hac
1547 563 1637 604 causa
1651 546 1869 621 prohibitam·

1064 646 1117 687 nos
1134 637 1300 705 sequentes,
1316 640 1485 692 sanctorum
1503 635 1717 709 apostolorum,
1732 652 1870 715 eorumque

1064 736 1268 778 successorum
1280 723 1349 794 jura
1363 724 1529 791 firmamus,
1542 730 1571 781 et
1582 726 1871 789 sacramentaincmts

1063 809 1124 865 fieri
1141 810 1342 882 prohibemus.
1358 812 1440 869 Unde
1454 818 1485 870 et
1498 812 1562 885 ipse
1571 813 1728 883 Dominus,
1738 814 1769 871 in
1783 818 1872 879 tabulis

1063 896 1186 971 lapideis
1202 916 1276 972 quas
1297 900 1371 957 Masi
1393 901 1485 969 dedit,
1510 902 1629 976 propria
1652 920 1745 961 manu
1764 905 1872 981 scripsit,

1063 986 1184 1044 dicens:
1203 988 1455 1047 l'idaueassamos
1476 1007 1577 1048 neuun
1600 992 1714 1049 ltomirri
1737 994 1780 1051 tui
1800 997 1873 1055 iera

1061 1093 1130 1133 uuas
1142 1077 1239 1150 (duod.
1254 1080 1311 1151 xx).
1337 1080 1371 1137 ut
1386 1079 1511 1153 relique,
1536 1084 1594 1138 Nos
1618 1086 1729 1153 autem,
1754 1087 1788 1139 ut
1805 1085 1875 1157 pmlo

1063 1166 1198 1238 superius
1221 1166 1449 1240 praelibavimus,
1466 1176 1685 1228 sacramentum
1700 1172 1727 1208 ¹²
1748 1172 1875 1248 episcopis

1062 1256 1212 1313 nescimus
1227 1256 1368 1327 oblatum,
1383 1274 1437 1314 nso
1458 1276 1590 1332 unquam
1610 1258 1674 1317 lieri
1697 1260 1802 1318 debet:
1814 1278 1878 1335 quo·

181 1351 311 1411 saltibus
332 1347 517 1422 respondero.
541 1344 623 1410 Quod
644 1342 713 1400 licet
735 1358 794 1399 nau
817 1342 939 1415 prolixe,
956 1342 1007 1399 sed
1063 1344 1154 1411 niam,
1170 1350 1306 1418 utsupra
1330 1351 1525 1405 memoratum
1542 1353 1598 1418 ost,
1623 1354 1802 1423 preceptum
1815 1357 1877 1412 estu

181 1442 329 1501 succincte
343 1455 428 1512 egere
439 1436 655 1504 festinaremus,
671 1438 790 1507 propter
799 1433 943 1505 quasdam
954 1431 1010 1489 im·
1062 1432 1185 1490 Domino
1199 1451 1255 1491 uon
1265 1435 1431 1507 jurandum,
1445 1452 1535 1509 respue
1547 1454 1598 1508 par
1611 1438 1725 1506 catum,
1740 1442 1805 1511 qaia
1815 1440 1877 1499 tirs-

179 1532 386 1605 portunitates,
402 1544 466 1599 qua
481 1522 589 1581 nostris
607 1521 854 1596 praepedientibus
869 1520 1007 1594 peccatis,
1061 1540 1114 1578 mus
1128 1522 1177 1580 Dei
1198 1528 1256 1579 est:
1280 1541 1367 1597 aeque
1388 1542 1438 1597 per
1461 1531 1576 1594 terram,
1599 1530 1667 1601 puio
1688 1528 1877 1591 motettamest

179 1622 209 1677 in
225 1636 279 1676 nos
293 1630 497 1689 supervenere,
514 1612 573 1669 tuis
587 1618 685 1668 tamen
702 1610 875 1683 perreliqua
889 1614 1007 1667 sancto·
1060 1612 1161 1683 pedam
1175 1613 1253 1685 ejas:
1268 1629 1355 1685 ireque
1375 1630 1427 1687 per
1440 1618 1521 1681 caput
1542 1633 1634 1686 saum,
1649 1618 1718 1689 puio
1737 1619 1828 1676 nutias
1837 1636 1876 1693 pa·

179 1725 247 1767 rum
263 1710 383 1764 Petrum
405 1703 541 1760 instituta
556 1700 663 1758 studiis
688 1699 855 1772 perquirere
870 1698 959 1756 latius
979 1703 1008 1757 et
1022 1734 1047 1801 B
1060 1704 1111 1757 test
1133 1718 1219 1758 uuum
1246 1705 1376 1775 capillum
1402 1720 1495 1762 creora
1526 1706 1638 1775 (licat.
1666 1723 1705 1775 v,
1734 1708 1823 1765 raas.
1847 1710 1874 1782 ι).

180 1797 353 1871 investigare
369 1792 577 1867 permittimus.
591 1790 653 1848 lion
664 1789 741 1846 enim
758 1793 854 1861 potest
864 1805 948 1846 mens
962 1793 1006 1845 st·
1064 1791 1264 1862 Unusquisque
1275 1792 1353 1848 ,nim
1364 1792 1442 1848 „peut
1451 1796 1518 1849 ,nte
1527 1792 1618 1851 anm
1628 1800 1723 1863 mus,
1740 1796 1789 1853 Dei
1803 1796 1872 1855 tim

179 1889 259 1956 trite,
274 1884 454 1943 otoneribus
476 1887 564 1953 atque
587 1876 860 1952 importunitatibus
875 1882 1006 1949 gravate,
1061 1897 1122 1936 rem
1138 1880 1225 1936 habet
1246 1897 1303 1952 prm
1327 1880 1430 1949 oculis,
1455 1886 1484 1939 et
1508 1884 1654 1956 propriam
1680 1886 1869 1945 conscientian

178 1982 295 2037 tantum
306 1974 374 2031 boni
385 1988 532 2046 peragere,
544 1973 687 2041 quantum
699 1966 841 2024 delectata
850 1972 879 2023 et
889 1983 1008 2039 oppres.
1061 1970 1201 2025 muudum
1216 1974 1312 2025 servat
1327 1970 1393 2030 lieo,
1404 1971 1480 2043 quod
1494 1970 1522 2027 in
1539 1972 1682 2029 memorio
1694 1974 1809 2045 retinet,
1823 1974 1868 2032 nul

179 2068 313 2129 sionibus
329 2062 435 2122 solutu.
461 2062 524 2117 Non
540 2074 608 2132 ergo
627 2057 685 2114 ista
705 2057 742 2113 oli
765 2056 795 2111 id
811 2056 1007 2129 praetulimus,

179 2168 212 2217 ut
225 2159 288 2215 haec
301 2157 331 2212 et
345 2153 414 2221 alia,
430 2167 494 2223 quo
511 2146 676 2205 necessarie
697 2146 757 2203 loro
771 2146 1005 2219 cognoverimus,

177 2254 235 2306 tua
250 2244 398 2304 sanctitati
414 2240 538 2297 volimus
552 2238 697 2309 denegare
708 2252 714 2291 :
727 2235 777 2292 sod
793 2236 870 2307 quod
887 2234 936 2291 hia
951 2234 1005 2291 mi·

179 2354 237 2395 uus
252 2333 409 2400 invenitur,
425 2330 514 2387 letius
529 2326 724 2400 perquiratur.

217 2432 239 2484 l.
254 2424 474 2482 Sacramentum
490 2423 589 2474 autom
609 2415 752 2471 hactenus
767 2414 855 2486 (litte
879 2414 1005 2470 summis

180 2511 381 2574 sacerdotibus
395 2508 439 2566 vol
456 2507 506 2563 Dei
520 2504 665 2561 ministris
675 2502 749 2575 exigi
767 2503 798 2570 ¹¹,
812 2500 868 2557 nisi
883 2517 935 2574 pro
948 2502 1005 2558 lide

180 2591 1006 2671 rectu,minimecognovimus,necspontuneos²⁰jurasse

179 2690 351 2767 reperimus.
367 2688 559 2756 summopore
572 2698 641 2755 ergo
658 2686 778 2738 sanctus
792 2680 919 2737 lacobus
934 2696 1005 2752 apo·

179 2782 274 2841 stolus
287 2778 446 2854 prohibens
466 2776 695 2837 sacramentum,
719 2769 859 2841 loquitur,
882 2768 1002 2827 dicens:

180 2880 253 2931 Auta
266 2870 374 2935 omnio,
388 2869 488 2937 tratres
503 2864 567 2929 ruci,
576 2862 661 2917 rratita
669 2861 781 2933 jurare,
793 2875 880 2930 aecae
891 2874 942 2929 per
953 2876 1004 2916 aa·

179 2963 248 3031 lum,
261 2972 351 3032 raeque
365 2972 412 3029 par
426 2964 537 3019 terram,
560 2966 648 3023 iraque
666 2949 744 3005 atiud
764 2949 945 3022 quodcunque
953 2950 1004 3019 iu·

178 3059 344 3110 ramentum.
367 3048 410 3103 Sit
429 3054 523 3101 autam
545 3058 633 3099 sermo
654 3044 750 3107 aester,
775 3042 831 3107 Est,
857 3044 906 3109 est,
932 3040 1001 3106 Nam,

175 3158 251 3199 mam:
275 3148 305 3196 ut
327 3154 384 3194 aaa
407 3136 458 3192 sat
476 3134 618 3206 iusticiam
642 3130 773 3186 clarirtatis
790 3129 891 3191 (iacob.
913 3131 952 3198 v).
967 3128 1003 3185 st

176 3230 318 3289 Dominus
334 3228 363 3283 in
379 3222 552 3297 Evangelio:
569 3220 689 3277 Audistis
703 3220 768 3291 qaia
782 3218 883 3275 dicium
899 3222 938 3275 cst
951 3235 1003 3274 aa·

174 3322 278 3393 aquis:
301 3320 362 3375 Nou
384 3315 528 3388 pejerabis,
554 3310 647 3367 raddai
670 3318 760 3366 autem
786 3309 898 3365 Domina
919 3309 1003 3380 jaro-

174 3414 267 3467 meuto
282 3417 343 3465 tarr.
359 3408 413 3477 Epa
427 3414 518 3459 erutam
534 3403 597 3457 dica
615 3400 686 3457 ratris
701 3414 754 3454 riou
767 3399 865 3469 jurare
878 3400 1002 3467 oramina,

173 3514 320 3570 rseprrcpar
333 3496 441 3561 arrium,
468 3493 532 3564 auia
557 3490 671 3545 tlrrarrus
694 3489 744 3544 Dei
766 3496 826 3543 ast:
849 3503 937 3558 ucecia
953 3502 1004 3559 per

174 3596 282 3643 terram
298 3586 364 3656 quio
385 3582 534 3637 sensualium
560 3588 599 3635 ast
621 3580 726 3650 pertram
750 3579 829 3650 ejus:
853 3592 1003 3649 rrrpaapar

174 3675 401 3745 iliarasalpmam,
418 3671 483 3742 auia
505 3670 604 3723 civitas
627 3668 722 3737 rnopui
746 3668 817 3736 rapis
840 3674 900 3721 est:
916 3682 1002 3738 aeque

172 3782 221 3839 par
233 3768 313 3836 capiat
328 3773 404 3817 trssrm
421 3760 573 3831 januaris,
595 3760 660 3827 qaia
684 3772 737 3811 noa
752 3764 836 3826 potest
852 3772 939 3811 uuum
952 3772 1001 3811 aa·

171 3855 272 3929 pilium
286 3854 380 3908 altram
403 3852 494 3919 [arara
517 3851 565 3902 riui
589 3850 711 3914 rsiprurn.
737 3844 778 3899 Sil
800 3849 894 3899 aulam
913 3860 1002 3901 senno

171 3950 271 4011 acum,
296 3944 354 4009 Est,
377 3943 426 4006 cst,
452 3940 521 4003 rl'oa,
545 3952 619 3991 riori:
642 3934 712 4006 qaod
735 3945 829 3989 rsrrtcm
852 3934 894 3989 tris
912 3933 1001 3989 abau-

171 4034 347 4096 slautiasest,
367 4047 384 4084 a
408 4026 482 4083 errato
506 4034 544 4082 cst
567 4025 671 4095 (aurici.
696 4029 734 4091 v),
759 4022 787 4077 id
811 4027 865 4090 est,
889 4022 926 4077 ab
940 4022 1000 4079 eni·

170 4126 257 4195 gente
270 4125 299 4175 ot
313 4138 330 4175 a
341 4120 470 4190 junonie.
489 4116 562 4182 ilmc,
575 4116 664 4169 irater
678 4111 860 4175 charissime,
873 4112 935 4183 ipse
950 4113 1001 4168 Do.

171 4212 269 4269 miuus
284 4209 361 4265 8111
386 4205 529 4279 prohibet,
554 4202 582 4259 id
607 4206 661 4268 ast,
688 4218 745 4256 non
769 4200 998 4272 deberejurare.

168 4300 235 4357 llas
250 4296 373 4371 apostoli
391 4294 515 4350 rrrsximo
531 4308 645 4360 carnes,
659 4290 720 4345 haec
745 4288 838 4345 sarrcti
854 4288 906 4343 viri
923 4307 1000 4362 praa·

170 4389 337 4445 decessores
353 4384 455 4451 nostri,
469 4380 519 4454 qui
535 4380 604 4437 huia
627 4383 733 4435 sancta·
756 4375 913 4433 universali
928 4394 998 4451 epo-

1060 2058 1176 2115 lalenus
1191 2058 1278 2113 habet
1292 2059 1494 2131 intermittere,
1511 2062 1661 2133 quoniam,
1676 2078 1707 2118 as
1723 2064 1793 2135 quad
1804 2082 1866 2121 mm·

1060 2148 1140 2215 titur,
1155 2149 1257 2204 amtdit
1270 2150 1396 2203 animum
1409 2148 1485 2221 (Sap.
1504 2149 1535 2220 ι).
1550 2150 1585 2205 m
1599 2151 1752 2223 apostolus
1766 2152 1804 2208 ait
1814 2170 1821 2209 :
1830 2154 1863 2210 le

1059 2238 1180 2309 quirrriui
1202 2238 1344 2293 arrianam
1371 2240 1559 2311 ursusqaisque
1586 2256 1651 2296 auru
1672 2244 1798 2313 proxima
1820 2258 1860 2311 ssa,

1059 2328 1189 2397 quoniam
1212 2342 1307 2382 suiuus
1334 2328 1452 2383 inuicem
1479 2328 1602 2385 ruemtro
1635 2330 1746 2402 (ltptes.
1774 2330 1818 2403 ιι).
1836 2330 1860 2387 11

1059 2413 1148 2471 alibi:
1165 2414 1254 2473 Nolite
1267 2416 1381 2471 mentiri
1396 2417 1513 2472 inuicem
1527 2417 1640 2489 (coloss.
1655 2422 1711 2489 iu).

1094 2503 1159 2559 Hac
1174 2507 1243 2559 sunt
1253 2508 1397 2576 precepta
1407 2503 1648 2574 Salvatoris‚hmc
1664 2508 1857 2581 Prophetarum,

1058 2593 1120 2649 hec
1134 2596 1303 2649 sauctorum
1320 2592 1436 2649 Petrum
1457 2593 1592 2651 instituta
1605 2596 1673 2666 (17).
1695 2597 1763 2661 Oua
1776 2598 1798 2653 si
1811 2596 1858 2669 qais

1058 2681 1088 2739 in
1102 2698 1210 2738 vanum
1239 2681 1363 2749 duxerit,
1391 2682 1486 2739 hostis
1509 2687 1556 2740 est
1583 2683 1688 2741 animes
1710 2702 1784 2742 sua:
1807 2684 1857 2757 quis

1058 2787 1144 2828 nemo
1172 2776 1273 2829 contra
1294 2769 1462 2844 prophetas,
1486 2787 1573 2829 nemo
1595 2778 1699 2831 cantra
1725 2772 1855 2847 apostolos.

1057 2879 1143 2918 nemo
1155 2865 1256 2918 coutra
1276 2860 1465 2933 Evangelium
1489 2862 1557 2917 iacit
1580 2862 1693 2936 aliquid
1709 2864 1855 2937 absquepe·

1057 2950 1149 3007 riculo
1164 2952 1256 3023 (Cama.
1273 2949 1365 3005 Curtii.
1383 2965 1392 3005 ι
1407 2966 1468 3006 coa.
1483 2949 1539 3023 t3).
1555 2951 1589 3006 lit
1610 2968 1792 3024 summopere
1803 2967 1854 3025 prs·

1056 3039 1215 3095 videndum
1231 3042 1276 3093 est
1290 3054 1326 3094 ne
1340 3044 1486 3110 pastorem
1503 3056 1590 3095 suum
1601 3057 1680 3110 oves,
1692 3058 1756 3114 qua
1769 3042 1793 3097 ei
1802 3054 1855 3096 cour

1017 3098 1039 3166 c
1059 3128 1156 3185 missa
1171 3130 1295 3196 luerent,
1311 3127 1523 3199 reprehendere
1536 3128 1592 3199 (18)
1607 3128 1677 3200 (nisi
1693 3146 1711 3185 a
1731 3130 1784 3187 lide
1796 3144 1853 3185 esca

1058 3216 1204 3285 bitnverit)
1232 3232 1325 3287 neque
1348 3232 1486 3272 accusare
1509 3223 1714 3288 presumant:
1740 3217 1852 3290 quonism

1057 3304 1131 3363 tales
1146 3304 1345 3361 accusationes
1359 3304 1418 3361 vim
1438 3322 1496 3361 non
1522 3304 1641 3377 habent,
1664 3323 1758 3380 neque
1772 3308 1853 3363 eisne·

1057 3412 1121 3452 cero
1136 3400 1270 3467 possunt.
1288 3396 1376 3453 tirsum
1391 3411 1464 3462 aero,
1487 3395 1656 3463 clarissimi,
1673 3400 1707 3451 ut
1725 3397 1764 3453 ait
1778 3397 1853 3453 baar

1057 3484 1208 3558 apostolus
1231 3483 1348 3549 Petrus,
1371 3500 1425 3541 riou
1450 3484 1537 3540 lauat
1560 3501 1618 3552 aas,
1642 3489 1709 3557 quio
1733 3502 1798 3541 auus
1812 3482 1852 3539 tia

1056 3574 1129 3647 apud
1144 3571 1289 3631 Dorticum
1304 3574 1377 3629 sicut
1400 3574 1477 3630 mille
1498 3575 1581 3645 anui,
1595 3582 1622 3630 et
1645 3575 1722 3631 atille
1734 3573 1852 3631 auritum

1056 3680 1127 3719 uuus
1141 3662 1208 3719 dics.
1224 3663 1283 3719 Non
1298 3662 1387 3719 aram
1410 3663 1542 3719 ltamirrus
1563 3666 1709 3735 proruissis
1722 3666 1755 3730 ¹¹,
1770 3662 1809 3720 sed
1817 3674 1851 3733 pt·

1056 3756 1155 3810 timter
1175 3753 1242 3825 apii
1263 3757 1377 3824 propter
1400 3767 1446 3807 aas
1468 3752 1564 3808 ualens
1586 3753 1696 3825 aliquas
1718 3744 1852 3826 perirem

1055 3857 1149 3897 orrsrres
1163 3842 1198 3897 art
1211 3842 1401 3913 poeniteutiam
1427 3845 1534 3897 reuerti.
1560 3842 1697 3900 Adacuist
1720 3838 1852 3899 artemas

1056 3932 1166 3987 Dareitai
1179 3936 1209 3986 ut
1223 3932 1281 4003 sur,
1296 3932 1327 3984 iu
1341 3947 1394 4001 prro
1408 3930 1472 3984 corr
1494 3946 1592 4001 suuper
1614 3931 1718 4002 impeta
1732 3928 1850 3988 trrrmi'mlr

1054 4020 1190 4075 elementa
1213 4034 1275 4075 aera
1299 4019 1390 4073 certare
1411 4020 1551 4075 sotamtar
1572 4019 1609 4091 (11
1631 4021 1712 4077 Patri
1734 4026 1785 4090 m).
1801 4016 1850 4073 cna

1055 4109 1115 4163 limo
1139 4108 1230 4176 igilur
1253 4108 1328 4163 811
1354 4106 1454 4163 οιιιιιὶι
1477 4107 1664 4165 dissolvenda
1690 4110 1759 4177 siat,
1780 4100 1850 4165 eiiii

1054 4198 1176 4272 potestis
1205 4196 1399 4267 considerare,
1423 4194 1526 4267 qualos
1552 4202 1666 4269 oportet
1691 4215 1742 4255 vos
1763 4189 1849 4254 esseil

1054 4287 1164 4343 salictis
1179 4285 1450 4341 conversationibus
1460 4291 1490 4341 et
1503 4286 1673 4357 pietatibus,
1683 4286 1849 4361 exspectarit·

1053 4381 1083 4432 et
1096 4380 1284 4448 properantes
1298 4374 1328 4429 in
1344 4374 1501 4430 adventum
1512 4374 1570 4430 dici
1582 4375 1645 4445 Dei,
1655 4393 1707 4448 per
1721 4390 1798 4450 quem
1805 4362 1849 4429 ccli

170 4476 277 4532 stolicoe
289 4474 419 4530 Ecclesia:
435 4472 608 4545 prai'aorant
619 4474 686 4524 ante
695 4483 759 4531 rios,
771 4466 832 4523 lima
848 4466 995 4540 Propheta
1012 4472 1035 4535 Ι)
1051 4466 1187 4521 ardentes
1203 4464 1363 4530 solventur,
1378 4468 1408 4519 et
1421 4462 1569 4520 elementa
1583 4463 1662 4537 ignis
1672 4468 1773 4523 ardore
1784 4461 1848 4519 uber

168 4570 198 4622 et
212 4563 314 4636 reliqui
329 4562 420 4618 sancti
438 4562 581 4629 structores,
599 4575 649 4630 par
665 4557 833 4611 uuiversum
850 4556 994 4612 mundum
1051 4559 1126 4611 cant.
1141 4576 1155 4603 a
1167 4552 1225 4610 Vos
1235 4562 1343 4618 autem,
1355 4552 1533 4622 charissimi,
1545 4553 1619 4609 dixit
1629 4554 1724 4611 ludas
1734 4545 1848 4628 apostoli¹

168 4652 294 4727 dispersi
308 4652 342 4706 ad
368 4648 597 4724 predicandam,
616 4647 786 4717 juramenta
810 4644 871 4701 lieri
887 4650 994 4703 vetunt.
1051 4646 1092 4717 (la
1107 4644 1227 4717 Epistola
1242 4658 1293 4699 sua
1306 4643 1453 4715 comerrien,
1467 4658 1542 4699 vers.
1562 4644 1614 4711 17),
1632 4660 1773 4702 memores
1784 4638 1847 4697 estu¹¹

860 4826 961 4889 Varias
990 4826 1151 4889 lectiones.

204 4968 227 5005 ¹¹
242 4965 398 5021 Rusticum
427 4962 512 5017 silias.
554 4960 574 4996 ¹¹
606 4958 723 5015 liuslica
751 4958 835 5015 ,ilias
876 4960 897 4994 ¹¹
926 4960 1066 5032 lipiscopo
1094 4959 1181 5015 Alias.
1222 4958 1301 5015 ¹¹lta
1328 4957 1412 5015 etiam
1441 4954 1611 5013 Gratianus:
1641 4959 1673 5015 iu
1695 4961 1731 5015 cit
1751 4976 1793 5015 ms.
1813 4926 1848 5037 ¹¹¹
1898 4921 1903 4989 i

170 5038 294 5111 reliquis
309 5037 395 5108 exigi.
435 5036 502 5088 ¹¹la
531 5030 774 5103 cit.ms.otapud
802 5032 964 5087 Gratianum
988 5030 1179 5113 Nec'sponte
1204 5045 1265 5088 eos.
1304 5032 1402 5085 ¹¹lieu
1426 5038 1596 5113 sanctorum
1618 5024 1849 5114 sequentesltsa·
1899 5037 1903 5050 ¹

170 5112 195 5147 ¹¹
210 5110 270 5167 lias
284 5112 505 5167 sacramentum
522 5104 608 5160 Atius.
646 5104 669 5138 ¹³
683 5102 729 5159 Sic
742 5118 793 5158 ms.
809 5119 835 5175 a.
852 5104 910 5158 otia
925 5103 1077 5169 Promissr,
1093 5111 1125 5159 at
1138 5106 1165 5157 et
1178 5105 1273 5158 Gracc
1287 5102 1400 5172 culpato
1412 5102 1513 5157 Lotruo
1528 5105 1766 5161 Ριιιιιιιυειοιιιιιι.

877 5262 1043 5325 Variorum
1072 5267 1168 5323 notae.

205 5430 448 5501 (immaturitate
470 5426 555 5482 sadis.
580 5428 664 5495 Greg.
688 5422 781 5493 Epist.
806 5424 851 5489 32,
874 5422 925 5479 lib.
945 5439 994 5479 xic.
1051 5421 1160 5491 ruvias,
1176 5419 1285 5493 aliique
1300 5420 1409 5493 plures.
1424 5418 1525 5481 Seven.
1541 5420 1606 5479 ma.

205 5502 262 5573 (la)
289 5502 500 5556 Sacramentum
527 5506 618 5553 auara
648 5495 786 5550 tractarius.
812 5495 933 5560 Ouanda
959 5496 995 5551 ab
1085 5496 1143 5565 (17)
1167 5494 1280 5550 Parrum
1306 5494 1444 5550 instituta.
1470 5496 1521 5568 lip.
1554 5494 1590 5551 ad
1613 5496 1750 5553 Ocrcuam
1771 5494 1865 5555 devita

169 5570 315 5645 episcopis
343 5588 376 5626 ac
403 5568 523 5639 reliquis
550 5566 665 5625 clericis
686 5568 890 5638 juramentum
919 5566 997 5623 licite
1051 5564 1234 5632 clericorum,
1250 5566 1327 5637 apud
1343 5564 1563 5640 Hieronymum.
1579 5566 1668 5623 Lean.

169 5648 334 5719 prestetur,
350 5640 393 5699 vel
415 5640 559 5713 exigatur,
582 5640 648 5697 vids
671 5638 838 5695 canonistas
859 5640 888 5705 a,
901 5655 951 5711 qn.
967 5639 995 5709 1,
1085 5638 1141 5713 (18)
1156 5636 1371 5713 depretiandam.
1385 5636 1455 5697 Cau.
1475 5636 1560 5697 itum.
1575 5656 1604 5709 v,
1624 5642 1694 5696 eutr.
1710 5638 1870 5716 symmach.

118 5750 122 5760 ·
164 5730 232 5779 aaa.
247 5714 460 5778 Sacrammtum
477 5710 618 5783 mamm
636 5709 673 5770 de
693 5726 752 5787 quo
765 5708 876 5787 prolixe
890 5708 997 5771 Gover·
1637 5710 1727 5773 usna.
