3892 6104
112 308 188 369 ldTi
643 303 823 365 ANNALES
846 298 1046 365 occlusis*
1068 302 1278 366 AFRICANAE
1733 307 1812 372 ldlss

110 443 276 515 exponeret,
297 444 326 495 et
351 439 490 511 corporis,
517 438 584 493 licet
614 441 748 494 manente
783 452 932 507 compage,
948 435 1195 503 ATertnllianus.
1213 437 1464 509 Illeeertensque
1485 438 1521 493 ad
1546 439 1720 513 decrepitam
1736 447 1809 499 ata·

110 532 259 587 hominem
275 529 421 583 animone
442 530 538 582 mento
559 529 693 581 mutaret.
712 526 766 590 Qui
784 524 932 598 possibilis
986 531 1144 593 tem,teste
1173 526 1347 598 Hieronymo
1378 527 1421 598 (de
1449 529 1505 584 Vir.
1533 529 1634 597 illust,
1664 547 1689 585 c.
1705 532 1752 601 53)
1767 532 1809 586 vi·

109 624 164 688 est,
182 618 306 684 aiebam,
320 619 402 671 tanta
426 615 600 671 conversio?
617 638 630 663 n
654 615 728 670 Vicit
751 620 859 681 tamen,
874 615 931 669 Deo
986 614 1064 671 nisse
1080 615 1245 679 dictasset,
1263 621 1350 685 atquo
1364 616 1398 668 nd
1416 616 1543 671 mediam
1569 619 1687 689 quidem
1703 620 1810 676 Catho-

109 713 239 772 auctore,
254 704 396 771 Caecilius,
425 720 551 775 eumque
576 703 706 759 Ecclesia
730 705 826 758 virum
842 703 931 772 dedit,
987 703 1071 772 licus,
1088 702 1189 759 exindo
1206 702 1392 767 Montanista,
1404 705 1459 760 snb
1473 709 1629 761 extremam
1641 724 1708 764 vero
1720 710 1809 766 etiam

109 796 227 870 qualem
252 794 369 850 miseris
393 792 631 864 calamitosisque
653 794 844 864 temporibus,
869 807 932 861 qua
987 792 1205 847 heresiarches.
1223 792 1337 847 lltioam
1353 792 1401 864 qui
1415 793 1562 848 memorias
1575 795 1646 851 tanti
1659 797 1811 869 scriptoris

105 888 167 958 Jam
193 883 413 955 impendebant,
438 886 538 953 optare
562 881 666 953 magis,
696 897 784 950 quum
815 895 933 952 sperare
987 880 1235 952 {eventuumque
1256 880 1413 952 aliquando
1437 883 1472 936 ad
1498 883 1604 939 bonum
1630 885 1743 958 frugem
1766 905 1810 945 re·

109 975 217 1044 posset,
235 987 291 1026 nnn
310 969 396 1024 modo
412 968 527 1039 ingenio
543 972 572 1023 et
587 968 720 1023 doctrina
736 971 931 1039 praestantem,
987 968 1077 1024 diisse
1092 970 1259 1041 opinantur,
1276 968 1404 1041 idipsum
1420 969 1528 1025 indicio
1549 971 1647 1044 aliquo
1667 979 1718 1029 aut
1733 980 1811 1033 certa

109 1061 159 1118 sed
188 1058 312 1115 concilio
337 1058 367 1112 iu
392 1058 494 1128 primis
515 1064 543 1112 et
564 1055 933 1128 sapientiaetconstautia
987 1057 1086 1128 aliqua
1109 1063 1239 1113 veterum
1267 1058 1438 1113 auctoritate
1461 1060 1811 1122 confirmarenttcmtrn

110 1148 325 1205 admirabilem.
353 1147 514 1218 Cyprianus
538 1162 604 1200 vero
622 1162 677 1200 non
690 1147 752 1216 Jam
768 1161 799 1200 se
814 1143 932 1214 victum,
988 1145 1017 1199 in
1033 1145 1150 1217 scriptis
1161 1147 1225 1216 ejus
1237 1144 1316 1201 nulla
1329 1146 1495 1218 poenitentis
1508 1147 1599 1203 animi
1610 1151 1812 1222 vestigiasunt

110 1239 203 1294 sedin
216 1236 379 1291 libertatem
391 1234 568 1290 vindicatum
582 1234 702 1306 putavit,
713 1235 805 1305 deque
818 1231 932 1299 patroni
990 1235 1098 1291 mansit
1113 1240 1191 1291 secta
1201 1237 1333 1304 ejusdem
1346 1237 1484 1307 usquead
1497 1239 1650 1309 Augustini
1668 1246 1810 1318 tempora,

110 1327 156 1382 sui
172 1327 291 1382 nomine
306 1325 410 1380 exinde
425 1323 558 1379 Caecilius
572 1323 733 1394 Cyprianus
749 1322 807 1377 dici
822 1321 932 1390 voluit;
989 1323 1088 1396 lapsus
1103 1324 1199 1378 adhuc
1224 1329 1252 1379 et
1278 1324 1448 1380 delectionis
1478 1327 1618 1382 momeria
1634 1335 1763 1401 perstat:
1780 1336 1813 1389 ut

110 1432 197 1488 quem
214 1421 243 1471 et
258 1438 272 1465 a
288 1418 349 1469 toto
365 1413 484 1477 honore,
497 1412 594 1484 inquit
607 1413 736 1477 Pontius,
750 1415 837 1481 atque
853 1409 933 1465 omni
988 1429 1055 1468 eum
1080 1412 1166 1484 plane
1189 1411 1299 1467 exitum
1325 1412 1463 1468 habuisse
1488 1414 1630 1482 videatur,
1653 1419 1689 1473 ed
1722 1437 1810 1492 quem

110 1502 295 1558 observantia
309 1501 459 1573 diligebat,
476 1501 648 1573 obsequenti
669 1502 854 1556 veneratione
869 1516 933 1554 sus·
985 1501 1098 1572 jamdiu
1117 1501 1274 1572 pertinenia
1291 1500 1355 1572 ipsa
1377 1507 1405 1556 et
1428 1502 1577 1558 catholice
1593 1505 1725 1563 Ecclesia
1741 1526 1811 1566 con·

110 1591 233 1663 piciens,
246 1606 303 1645 non
313 1592 373 1658 jam
387 1590 556 1644 ntanricnm
570 1586 933 1659 animoecomqualem,sod
988 1594 1098 1662 tempto
1117 1590 1325 1645 adducebatur.
1356 1590 1456 1646 Nonne
1485 1592 1562 1647 enim
1592 1599 1674 1650 artato
1695 1613 1811 1671 quoque

111 1686 255 1752 tanquam
271 1695 349 1734 novae
365 1680 429 1733 vitas
446 1684 607 1749 parentem.
625 1701 639 1727 »
989 1685 1089 1734 nostra
1104 1680 1223 1751 paribus
1239 1678 1330 1734 initiis
1356 1678 1490 1736 homines
1520 1683 1584 1752 ejus
1600 1687 1679 1740 modi
1694 1687 1811 1759 ingenio

149 1770 184 1825 ll.
200 1768 385 1840 Carthaginis
409 1767 534 1823 incolam
556 1773 618 1823 tum
641 1768 732 1823 luisse
755 1767 933 1839 Cyprianum
950 1810 973 1875 B
989 1767 1180 1840 doctrinaque
1194 1768 1295 1823 llorere
1319 1769 1457 1839 vidimus,
1474 1770 1522 1840 qui
1552 1788 1628 1844 saepe
1655 1774 1720 1830 aliis
1736 1780 1813 1833 recte

112 1875 148 1915 ex
171 1855 296 1929 epistola
320 1855 464 1926 novimus,
496 1873 583 1928 qoam
612 1856 770 1927 aliquando
792 1855 874 1910 exsul
899 1855 934 1908 ad
991 1856 1103 1911 vivendi
1119 1861 1252 1912 auctores
1269 1857 1403 1924 lucrant3
1430 1863 1813 1930 quorumtamenextremn

114 1946 223 2003 clerum
239 1945 494 2016 Carthaginensem
511 1946 646 2017 scripsit:
664 1962 732 2000 num
748 1944 803 2000 sibi
817 1945 844 1998 in
862 1944 936 1998 volis
991 1946 1088 2000 studio
1111 1946 1239 2016 portium
1263 1946 1401 2017 aurisque
1426 1947 1616 2020 popularibus
1640 1953 1760 2026 abrepta
1779 1971 1813 2012 ac

115 2033 934 2106 reditumessesignilrcans‚«ubienim,inquit(epist.
990 2035 1152 2089 deformata
1179 2033 1361 2104 deflevimus,
1401 2034 1482 2091 irrito
1521 2038 1664 2095 bonorum
1693 2049 1810 2114 conatu,

114 2127 159 2193 36)
175 2124 246 2178 mibi
263 2127 314 2178 aut
329 2123 433 2178 melius
450 2125 542 2194 possit
559 2140 621 2178 esse
643 2127 693 2177 aut
715 2123 819 2188 lartius,
847 2137 935 2193 quam
991 2123 1040 2195 qui
1055 2140 1104 2178 eos
1120 2124 1155 2177 ad
1173 2123 1276 2193 prioris
1292 2123 1356 2177 vitae
1374 2124 1495 2180 consilia
1511 2142 1644 2185 revocare·
1657 2131 1814 2190 volebant?

115 2212 186 2278 illie,
204 2211 252 2268 ubi
269 2228 315 2267 me
331 2217 406 2267 Deus
427 2212 544 2267 credere
567 2211 657 2266 voluit
671 2215 699 2267 et
713 2227 841 2266 crescere
852 2210 866 2264 ‘l
879 2208 935 2264 Sed
990 2212 1055 2266 llaec
1071 2211 1209 2266 nimirum
1227 2212 1369 2283 superbia
1386 2228 1470 2283 poena
1490 2214 1630 2273 divinitus
1654 2222 1814 2282 constituta

115 2302 176 2358 baec
201 2301 266 2373 ipsa
279 2300 368 2356 verba
383 2316 449 2355 eum
468 2300 536 2355 alibi
553 2305 654 2356 natum
670 2300 865 2356 submonent:
884 2314 936 2354 nec

115 2395 211 2446 tamen
229 2389 353 2461 patriam
371 2389 435 2460 ejus
459 2388 576 2461 longius
594 2389 728 2444 dissitam
750 2387 935 2456 crediderim,

114 2496 182 2535 eum
206 2479 285 2534 idem
308 2477 407 2533 hortos
443 2494 531 2550 prope
563 2477 769 2551 Carthaginem
802 2474 939 2532 habuerit

116 2567 221 2634 (Pont,
234 2566 263 2621 in
278 2568 327 2621 Vit.
340 2583 368 2622 n.
380 2566 423 2637 15)
436 2583 442 2620 :
459 2583 533 2638 quos
554 2565 642 2622 simul
660 2583 726 2622 cnm
744 2564 860 2640 praediis
883 2564 938 2619 hoo

117 2671 194 2711 anno
208 2654 349 2722 vendidit,
367 2659 399 2709 nt
423 2654 546 2726 pecunia
571 2656 689 2711 redacta
712 2654 859 2728 egentium
876 2653 938 2708 ino·

118 2745 195 2815 piam
212 2747 391 2800 sustentaret
405 2744 506 2815 (ldem,
522 2743 589 2799 idid.
607 2761 635 2800 n.
652 2744 690 2824 2).

313 2894 409 2934 annus
428 2895 617 2934 cumsnmnus
635 2895 742 2934 ccxciv.

208 2966 351 3023 DONATO
367 2967 536 3023 CPlSCOPO
556 2965 849 3023 CahTHaulNultsl.

155 3075 176 3129 1.
194 3074 335 3146 Signatur
350 3073 395 3128 hic
412 3090 506 3129 annus
521 3073 675 3146 Peregrino
691 3080 720 3129 et
737 3073 834 3129 Fulvio
849 3073 938 3128 AEmi-

118 3163 196 3219 liano
211 3162 399 3218 consulibus:
416 3162 468 3226 Qui
484 3162 649 3235 reipublice
662 3163 794 3218 lbnestus
806 3163 860 3217 luit
870 3163 937 3218 Cor·
955 3175 976 3242 (J

118 3252 198 3308 dinni
231 3259 301 3323 hug.
325 3252 411 3307 caede.
443 3252 537 3322 Hujus
569 3257 670 3308 auctor
701 3251 849 3307 ferebatur
878 3253 941 3324 ipse

119 3341 281 3412 Philippus,
293 3342 341 3413 qui
358 3341 515 3412 imperium
529 3341 830 3415 proximuslsuscepit,
848 3357 940 3412 quon·

120 3447 209 3503 quam
225 3430 302 3485 idem
318 3430 504 3487 Christianus
523 3430 586 3500 jam
616 3435 679 3485 tum
702 3431 792 3486 luisse
813 3431 942 3487 creditus

120 3525 176 3584 est,
191 3523 219 3574 et
240 3520 276 3574 ob
301 3524 417 3574 tanturn
442 3518 538 3573 scelus
559 3517 612 3574 boc
636 3535 723 3585 anno,
748 3535 815 3574 cum
840 3519 941 3574 Antio-

120 3608 191 3662 ohiae
207 3623 289 3661 sacro
306 3607 537 3662 Christianorum
553 3607 709 3662 conventui
728 3609 830 3663 adesse
846 3607 942 3678 vellet,

122 3695 261 3766 nssubyla
286 3695 422 3767 episcopo
451 3696 576 3766 rejectus
606 3695 709 3752 mo
738 3712 802 3753 esse
827 3697 942 3768 (Euseb.

122 3788 159 3840 H.
177 3783 283 3853 E.,lib.
314 3801 352 3852 vr,
375 3800 438 3854 cap.
463 3784 528 3854 34);
555 3799 643 3854 quam
667 3784 780 3856 Babylae
804 3791 944 3841 constan·

122 3874 195 3928 tiam
209 3873 338 3929 loannes
350 3873 575 3944 chrysostomus
589 3872 704 3929 eximiis
714 3872 852 3930 laudibus
865 3891 945 3931 exor-

123 3963 204 4017 navit
218 3962 309 4032 (Oper.
326 3965 346 4015 t.
365 3964 398 4016 ll.
416 3977 444 4030 p.
460 3961 534 4032 545).

160 4050 195 4106 ll.
220 4049 382 4122 Cyprianus
403 4049 514 4106 interea
535 4049 710 4122 Carthagine
737 4055 816 4108 totus
837 4058 899 4109 erat
914 4053 944 4108 in

122 4140 231 4196 studiis
246 4138 410 4194 divinarum
427 4139 612 4206 Litterarum,
640 4145 671 4194 ot
694 4146 837 4213 quantum
862 4141 945 4198 bonis

123 4229 237 4285 artibus
253 4227 438 4300 externisque
462 4228 625 4301 disciplinis
649 4229 810 4298 excelleret,
830 4235 945 4286 tantum

122 4317 284 4374 christiana
308 4317 396 4373 ctiam
434 4317 565 4374 doctrina
606 4322 846 4388 praestaretlnter
880 4319 945 4376 reli·

123 4425 182 4480 qna
208 4407 324 4462 Petrum
342 4405 451 4477 scripta
471 4407 684 4462 Tertullianum
712 4409 748 4463 ab
771 4424 804 4462 eo
829 4409 947 4464 assidue

123 4495 230 4552 lectum
248 4499 372 4550 testatur
388 4496 580 4567 [lieronymus
595 4496 639 4565 (ile
656 4497 709 4551 Vir.
730 4497 831 4563 illust,
847 4513 871 4552 c.
887 4498 944 4570 53),
963 4544 984 4608 D

123 4585 174 4657 qni
191 4602 222 4640 se
238 4584 291 4639 boc
307 4602 323 4640 a
339 4601 407 4640 seno
436 4584 641 4641 Concordiensi
670 4585 808 4640 didicisse
827 4587 877 4653 uit,
895 4603 944 4658 qui

123 4691 140 4730 a
157 4674 270 4729 notario
286 4672 419 4746 Cypriani
435 4672 605 4729 adolescens
625 4674 722 4729 Romae
743 4675 886 4740 audierat,
902 4692 946 4732 re-

123 4764 200 4818 terre
224 4762 320 4829 solito,
348 4779 528 4835 «nunquam
552 4762 726 4836 Cyprianurn
751 4764 861 4835 absque
877 4765 946 4820 Ter·

123 4849 240 4906 tulliani
256 4850 379 4906 lectione
409 4867 501 4905 unum
530 4849 607 4905 diem
641 4849 947 4921 praeteriissencsibi

123 4940 225 4996 crebro
240 4939 354 4995 dicere:
372 4938 413 4994 Da
438 4940 620 5010 magistrum,
638 4937 849 4994 Tertullianum
868 4940 946 4994 vide·

123 5028 211 5090 licet:
230 5051 242 5077 o
257 5046 290 5085 ex
315 5045 372 5099 quo
397 5033 493 5084 tomen
519 5028 568 5084 ille
594 5029 636 5084 sic
662 5028 728 5083 boni
752 5029 827 5099 quod
842 5028 946 5100 inerat,

122 5118 253 5173 delibare
268 5117 379 5185 didicit,
397 5123 429 5172 nt
444 5118 521 5173 mala
535 5118 663 5189 prudens
674 5116 815 5188 rejiceret,
827 5133 860 5173 ac
872 5133 948 5190 sepe

124 5206 313 5263 dissimulato
329 5207 447 5262 nomine
460 5208 609 5263 refutaret.

331 5358 427 5397 nunus
446 5356 631 5396 cnarsrnnus
651 5355 747 5395 ccxnv.

213 5429 354 5486 DONATO
375 5429 540 5486 episcopo
562 5429 863 5485 CARTHAGINENSI.

161 5536 351 5593 Consulatum
368 5538 497 5594 inierunt
512 5539 581 5610 imp.
609 5537 647 5592 M.
670 5534 766 5592 lulius
782 5536 947 5610 Philippus,

122 5624 190 5685 Tib.
206 5625 314 5683 Fabius
329 5627 472 5686 Titianus.
490 5628 547 5684 lloc
570 5643 646 5683 anno
671 5628 806 5683 mortuus
826 5630 948 5700 putatur

991 2305 1036 2356 est
1050 2305 1084 2355 ut
1097 2299 1153 2355 sibi
1169 2300 1232 2371 ipsa
1248 2299 1403 2371 perniciem
1417 2301 1523 2357 inierat
1536 2303 1740 2365 voluntariam.

1187 2458 1283 2497 annus
1302 2459 1491 2500 cuarsnrnnus
1510 2462 1617 2503 ccxcvi.

1074 2549 1218 2605 DONATO
1238 2549 1408 2606 episcopo
1428 2551 1731 2615 caerulchtmtsl.

1028 2680 1146 2730 Annum
1171 2672 1345 2729 inchoarunt
1367 2675 1503 2731 consules
1518 2676 1650 2736 Bruttius
1670 2685 1812 2757 Praesens,

992 2762 1149 2819 Nummius
1168 2760 1306 2818 Albinus:
1319 2778 1394 2834 quos
1406 2767 1502 2819 autem
1515 2767 1653 2838 presides
1663 2769 1691 2824 id
1703 2775 1814 2846 tempo·
1866 2791 1868 2795 ’

993 2853 1033 2908 ris
1049 2851 1144 2907 birico
1158 2850 1304 2919 habuerit,
1315 2851 1436 2907 omnino
1449 2853 1629 2926 ignoremus.
1647 2862 1684 2914 ht
1698 2860 1814 2934 Cypria·

994 2958 1050 2997 nus
1066 2940 1158 2996 sacris
1173 2940 1203 2994 in
1219 2939 1336 2995 Litteris
1344 2941 1407 3013 jam
1435 2941 1585 3001 biennium
1601 2953 1745 3018 versatus,
1761 2970 1814 3026 pn·

994 3048 1055 3086 rem
1072 3045 1102 3085 se
1118 3034 1146 3085 et
1162 3027 1294 3101 religioni
1311 3030 1424 3085 tuenda
1438 3036 1466 3087 st
1486 3032 1617 3091 moribus
1632 3040 1815 3099 conforman-

995 3121 1040 3174 dis
1056 3118 1192 3174 ostendit.
1208 3118 1281 3173 Nam
1297 3118 1350 3173 hoc
1363 3136 1440 3174 anno
1453 3120 1568 3178 initium
1585 3124 1730 3183 scribendi
1746 3130 1815 3187 lecit

995 3209 1032 3264 ab
1047 3213 1149 3263 ornate
1162 3205 1213 3262 illa
1228 3207 1411 3280 maximeque
1430 3207 1532 3266 limata
1548 3213 1665 3285 Epistola
1680 3218 1715 3273 nd
1731 3220 1816 3277 Dono

995 3305 1052 3354 tum
1066 3298 1197 3362 amicum,
1212 3295 1242 3351 in
1258 3313 1316 3369 qua
1332 3300 1360 3352 et
1378 3297 1485 3355 veteris
1509 3299 1572 3356 vite
1586 3319 1698 3363 errores
1714 3308 1817 3381 depin-

995 3386 1038 3459 git
1052 3403 1122 3441 suos
1138 3391 1166 3440 et
1189 3385 1317 3457 suscepti
1342 3385 1478 3458 baptismi
1500 3388 1638 3448 virtutem
1653 3394 1775 3468 extollit,
1789 3402 1818 3453 ct

995 3475 1065 3530 vitia
1081 3472 1231 3530 hominnm
1248 3478 1358 3545 quanta
1374 3474 1445 3542 sint,
1460 3481 1489 3531 et
1504 3493 1592 3549 quam
1608 3484 1722 3554 magnis
1737 3502 1752 3541 e
1767 3503 1816 3558 pe-

997 3562 1098 3618 riculis
1113 3566 1229 3633 ereptus
1245 3562 1342 3628 luerit,
1359 3562 1452 3635 gratia
1472 3565 1562 3622 divini
1588 3569 1720 3628 bonellcii
1736 3590 1816 3630 com·

997 3649 1207 3708 memoratione
1222 3650 1359 3706 declarat.
1385 3654 1452 3718 Quas
1477 3659 1575 3714 tamen
1598 3659 1759 3733 Cyprianus
1774 3679 1819 3720 re-

997 3758 1066 3798 cens
1081 3758 1097 3797 e
1111 3739 1221 3808 subola,
1238 3745 1266 3795 et
1282 3740 1412 3796 fucatum
1428 3746 1586 3814 quemdam
1603 3749 1727 3806 nitorem
1744 3769 1819 3809 non·

998 3832 1069 3887 dum
1085 3828 1204 3896 oblitus,
1230 3845 1262 3884 so
1287 3829 1401 3885 dicendi
1424 3847 1529 3903 genere
1549 3824 1745 3910 pertractavit,
1761 3857 1819 3913 quo

999 3920 1103 3975 deinde
1118 3917 1267 3991 gravitatis
1281 3919 1382 3975 1⁴21
1406 3920 1556 3980 studiosus
1581 3942 1731 3997 nunquam
1747 3947 1821 3987 usus

999 4013 1053 4079 cst,
1062 4008 1090 4062 id
1104 4007 1285 4079 Augustinus
1296 4030 1309 4056 a
1320 4024 1476 4079 spumeum
1489 4013 1641 4070 verborum
1653 4017 1820 4074 ambitum»

999 4095 1136 4169 appellnt,
1154 4095 1280 4166 primum
1296 4095 1350 4150 boc
1365 4095 1499 4168 Cypriani
1516 4116 1590 4171 opus
1616 4103 1657 4158 sic
1680 4107 1819 4174 perstrin-

1000 4203 1071 4258 gens
1086 4185 1129 4256 (de
1142 4185 1218 4239 Docl.
1234 4185 1345 4250 corta,
1361 4185 1411 4239 lib.
1430 4204 1467 4256 iv,
1484 4205 1508 4242 c.
1527 4190 1590 4257 lb:
1611 4211 1621 4239 ι
1639 4196 1695 4260 ost,
1710 4193 1819 4267 inquil,

999 4275 1057 4331 tale
1072 4273 1180 4345 aliquid
1197 4274 1225 4328 io
1243 4274 1364 4344 epistola
1390 4274 1549 4332 beatissimi
1574 4280 1720 4352 Cypriani,
1740 4285 1819 4357 quod

999 4363 1065 4419 ideo
1082 4369 1150 4434 puto
1165 4361 1207 4418 vel
1224 4362 1375 4429 accidisse,
1399 4363 1442 4417 vel
1467 4366 1601 4422 consulto
1621 4369 1729 4426 lactum
1745 4388 1818 4445 esse,

1002 4458 1033 4508 ut
1048 4453 1173 4507 sciretur
1194 4467 1211 4504 a
1236 4450 1371 4522 posteris,
1401 4469 1488 4523 quum
1519 4453 1651 4527 linguam
1682 4460 1820 4518 doctrinar

1001 4541 1164 4596 christiana
1180 4540 1292 4595 sanitas
1316 4539 1352 4593 ab
1375 4539 1431 4596 ista
1456 4542 1651 4602 redundantia
1670 4565 1821 4607 revocave-

1002 4632 1049 4696 rit,
1065 4635 1094 4682 et
1109 4628 1142 4682 ad
1160 4627 1356 4697 eloquentium
1373 4629 1530 4691 graviorem
1557 4637 1822 4712 modestioremque

1001 4717 1191 4779 restrinxerit,
1208 4715 1303 4787 quatis
1319 4716 1429 4786 ineius
1453 4727 1701 4794 consequentibus
1716 4727 1821 4784 litteris

1001 4821 1101 4863 secure
1117 4811 1243 4876 amatur,
1260 4803 1393 4877 religiose
1407 4810 1564 4880 appetitur,
1582 4817 1631 4869 sed
1648 4816 1821 4872 difficillime

1002 4894 1149 4966 impletur.
1166 4914 1180 4942 »

1178 5053 1275 5093 nanus
1306 5055 1493 5098 caarsrunus
1527 5060 1644 5100 ucsnvn.

1085 5143 1230 5202 DONATO
1250 5142 1418 5201 briscono
1438 5147 1737 5208 ChliTtlAGlNENSl.

1039 5275 1060 5326 1.
1077 5267 1216 5325 llonsules
1233 5268 1310 5322 luere
1326 5266 1396 5338 imp.
1422 5268 1459 5324 M.
1483 5271 1580 5328 lulius
1598 5273 1748 5347 Philippus
1767 5275 1825 5334 its·

1002 5376 1079 5427 rum,
1091 5358 1129 5412 M.
1140 5356 1236 5411 Julius
1250 5355 1402 5426 Philippus
1415 5359 1518 5424 Caesar,
1532 5362 1654 5433 Augusti
1671 5364 1760 5437 filius,
1773 5365 1824 5437 qui

1002 5454 1030 5505 et
1047 5451 1107 5519 ipsc
1123 5445 1177 5501 sub
1195 5443 1263 5499 anni
1277 5444 1385 5498 exitum
1401 5447 1551 5517 Angustus
1567 5468 1583 5504 a
1599 5458 1701 5508 senatu
1717 5459 1761 5509 cst
1776 5471 1825 5527 ap·

1002 5538 1136 5612 peilatus.
1149 5535 1189 5589 Ad
1206 5534 1283 5588 bunc
1296 5550 1405 5589 annum
1419 5542 1549 5606 spectare
1561 5539 1675 5597 videtur
1686 5542 1824 5617 Cypriani

1002 5628 1085 5696 liber,
1102 5623 1152 5699 qui
1167 5638 1245 5679 nunu
1261 5620 1432 5679 inscribitur
1446 5623 1479 5682 de
1495 5626 1621 5689 Voottctc
1635 5629 1781 5708 idolorum,
1793 5634 1824 5692 at
