3892 6104
111 258 191 321 laen
578 258 682 321 PdllS
703 256 744 321 ll.
760 290 800 303 -
815 256 1099 321 ascensionum
1120 258 1342 323 CXCURSUS.
1735 266 1815 329 isto

145 392 204 451 Fau
232 392 334 449 doctor
360 394 390 449 st
408 394 509 465 pastor
534 390 707 449 parisiensis
745 390 776 447 in
818 406 872 447 suo
900 390 933 449 de
947 392 975 461 A
988 389 1062 447 ticos
1077 394 1144 463 post
1166 390 1306 465 Stephani
1332 392 1481 449 decretum
1505 395 1607 452 sectati
1636 400 1715 466 sant,
1743 396 1814 471 qula

106 480 229 557 tepidas
260 484 436 539 tractatum
473 482 655 555 Respondes,
681 480 789 553 inquit,
823 480 859 537 de
884 496 933 537 va·
986 478 1191 537 existimarunt
1206 498 1318 539 morem
1333 481 1424 541 istam
1446 483 1483 539 ad
1499 484 1588 541 fldem
1613 484 1735 543 minime
1750 503 1816 561 per·

107 571 161 629 riis
176 572 441 629 consuetudinibus
462 588 520 628 non
535 588 600 629 esse
615 571 839 643 disceptandum
874 570 933 627 sal·
989 569 1159 642 tinere,sed
1181 571 1216 626 ad
1240 572 1433 629 oeconomiam
1463 572 1605 631 duntaxat
1632 579 1661 631 et
1687 574 1817 649 discipli-

108 661 288 719 temacriter
308 665 337 718 et
361 677 430 717 cnm
460 660 540 735 pacis
568 660 716 717 catholicae
744 659 885 733 periculo,
902 663 933 716 ut
987 676 1055 739 nam
1073 658 1300 719 eeclesiasticam
1326 662 1406 735 (6).»

108 752 328 823 docetllugust.
354 750 439 822 epist.
461 751 522 818 118,
547 752 583 806 ad
612 749 829 818 ianuarium»
854 751 933 821 quod
1024 750 1242 822 Auctoroperis
1257 750 1366 809 Gallice
1382 752 1534 827 inscripti:
1559 754 1670 811 Theonis
1695 756 1722 811 et
1748 772 1814 829 prc-

109 856 204 913 nequs
233 845 335 897 contra
355 840 442 896 tidem
469 856 564 913 neque
590 844 692 896 contra
721 840 813 895 bonos
838 855 933 895 mores
986 836 1310 909 tiquedessacrements,
1327 842 1356 896 in
1376 846 1460 899 tract.
1490 844 1523 900 de
1548 844 1699 917 Boplianvc,
1728 860 1754 902 o.
1782 844 1812 917 i,

109 928 286 1003 injungitur,
301 934 344 985 est
361 930 561 987 indifferenter
584 930 769 997 habendum
787 948 802 979 a
829 928 859 983 in
884 942 933 985 ea·
987 926 1058 999 §22
1085 950 1099 978 a
1128 928 1250 997 Ouaeris,
1274 950 1288 981 n
1318 930 1426 1005 inquit,
1447 956 1462 983 a
1492 938 1591 990 utrum
1619 934 1668 1005 qui
1698 933 1812 1007 antiqui

107 1018 174 1074 dem
206 1020 312 1076 versati
350 1019 465 1075 fuerant
500 1019 645 1075 sententia
684 1023 732 1076 88.
773 1016 935 1091 Cyprianus
988 1014 1281 1091 Petresbaptismum
1304 1020 1339 1076 ab
1368 1022 1512 1079 hereticis
1541 1022 1680 1078 collatum
1708 1022 1812 1079 invali-

114 1110 213 1167 1816
229 1113 257 1163 et
272 1106 459 1163 Firmilianus
474 1108 503 1163 in
531 1107 615 1181 epist.
641 1109 674 1163 ll
705 1112 735 1164 st
760 1108 815 1161 72:
846 1106 935 1163 tradit
990 1107 1061 1163 dum
1086 1122 1150 1164 osse
1180 1114 1368 1181 censuerunt,
1394 1112 1424 1167 id
1449 1112 1642 1185 spectaverint
1672 1114 1810 1183 tanquam

108 1198 218 1271 quippe
228 1197 258 1253 8.
274 1198 436 1271 Cyprianus
451 1197 709 1271 cuilibetliberum
738 1214 803 1255 esse
826 1197 934 1254 sentire
988 1201 1130 1269 punctum
1146 1199 1224 1270 quod
1240 1200 1327 1255 fidem
1342 1205 1505 1273 spectaret;
1527 1202 1740 1273 respondemus
1761 1216 1812 1256 ve-

109 1287 188 1361 quod
210 1286 286 1343 heus
310 1287 447 1357 suaserit,
477 1304 530 1344 neo
556 1304 735 1361 quemquam
759 1289 796 1344 ob
819 1291 934 1345 senten·
987 1289 1064 1341 teres
1079 1286 1145 1343 illos
1160 1287 1261 1345 Patres
1287 1305 1347 1345 rem
1374 1289 1454 1345 illam
1482 1290 1518 1346 ad
1544 1306 1656 1346 meram
1685 1287 1815 1361 discipli·

108 1375 181 1433 tiam
197 1376 353 1444 diversam,
370 1376 600 1433 abscindendam
616 1392 680 1434 esse
699 1376 933 1434 acommunione
991 1389 1059 1431 uam
1076 1391 1235 1443 revocasse,
1264 1394 1328 1450 quse
1357 1395 1409 1450 pro
1435 1384 1601 1451 temporum
1627 1382 1657 1435 et
1681 1377 1813 1435 locorum

107 1464 316 1531 ecclesiastiea,
346 1465 467 1539 ideoque
509 1470 667 1524 tractatum
707 1467 739 1523 de
766 1468 933 1524 Paenitentia
988 1464 1089 1519 lm
1119 1465 1256 1523 varietate
1284 1467 1399 1523 diversa
1429 1483 1493 1525 esse
1523 1470 1655 1541 poterat;
1684 1467 1725 1523 ita
1751 1466 1814 1523 l‘lr·

109 1554 288 1629 (legendum,
304 1556 461 1629 Patientia)
474 1555 543 1613 bono
562 1558 739 1630 composuit,
768 1561 801 1613 ut
829 1573 846 1612 s
874 1556 932 1613 fra·
987 1553 1136 1623 millenus,
1151 1554 1214 1627 qui,
1229 1561 1285 1612 etc.
1312 1556 1377 1613 :ita
1391 1560 1420 1612 8,
1445 1556 1617 1631 Cyprianus.
1637 1578 1650 1607 n

108 1644 205 1702 trihus
220 1644 269 1717 qui
285 1644 463 1703 dissiderent
481 1646 676 1703 secedendum
706 1664 762 1705 non
789 1662 854 1703 esso
882 1664 932 1703 os·
1020 1644 1129 1699 Auctor
1141 1644 1357 1703 dissertationis
1371 1645 1487 1703 Gallico
1509 1650 1609 1703 contre
1637 1644 1811 1719 appellatio-

107 1736 251 1791 tenderet.
276 1734 400 1791 Sanctns
424 1752 540 1808 quoquc
565 1737 752 1794 Firmilianus
779 1738 879 1795 cadom
895 1737 931 1795 cd
989 1748 1055 1788 nem
1070 1733 1305 1792 aconstitutione
1321 1736 1484 1809 Cariyenilns
1498 1737 1533 1792 ad
1558 1735 1691 1792 futurum
1712 1734 1810 1791 nonci-

107 1824 332 1898 S.Cyprianum
357 1824 460 1881 scribit
486 1830 515 1882 ct
545 1843 599 1883 usu
625 1832 695 1884 tunc
717 1829 857 1901 temporis
885 1845 930 1885 rc-
985 1820 1279 1895 liumsioloquitur:
1297 1846 1312 1875 a
1331 1826 1379 1881 SS.
1404 1825 1571 1899 Stephanus
1595 1834 1624 1881 et
1646 1824 1808 1898 Cyprianus

108 1914 379 1986 ceptoconllrmat:
405 1913 507 1983 Multa,
536 1915 633 1987 inquit
661 1933 712 1989 pro
747 1916 877 1973 locorum
902 1920 932 1973 ct
985 1909 1812 1987 hancdebaptismohaeroticorumquaestionemadme·

110 2002 264 2059 nominum
277 2002 443 2059 diversitate
458 2004 617 2074 variantur,
634 2022 728 2079 neque
745 2010 861 2079 propter
876 2006 932 2063 hoo
987 2017 1049 2055 rum
1065 2000 1251 2073 disciplinam
1266 2004 1449 2061 revocabant.
1468 2026 1482 2055 ι
1497 2004 1531 2059 lit
1540 2003 1626 2077 paulo
1637 2006 1720 2076 post:
1732 2026 1748 2055 a
1760 2004 1814 2076 Cy-

111 2092 148 2147 ab
162 2090 298 2147 Ecclesia
313 2091 460 2147 catholicoe
476 2109 546 2165 paee
561 2099 647 2165 atque
669 2094 779 2153 unitate
800 2095 934 2169 aliquan·
989 2091 1082 2164 priani
1099 2093 1238 2149 adversus
1255 2094 1436 2167 Stephanum
1453 2092 1621 2151 resistentia
1635 2092 1720 2149 aliter
1730 2107 1818 2148 excu-

112 2179 150 2237 do
160 2178 324 2235 discessum
344 2184 423 2237 est...
441 2203 451 2230 ι
989 2180 1046 2237 sari
1062 2198 1120 2235 non
1134 2185 1238 2253 potest,
1252 2198 1340 2254 quam
1357 2182 1426 2255 quia
1440 2198 1529 2239 annea
1545 2182 1580 2238 de
1595 2181 1743 2255 baptismo
1757 2181 1818 2237 ho·

148 2267 329 2343 Theolcgieas
344 2268 647 2343 institutiones,lussu
658 2272 808 2330 illustriss.
824 2273 935 2346 episco-
990 2270 1145 2327 rsticorum
1161 2270 1298 2343 utrinque
1313 2272 1480 2345 agitabatur
1494 2276 1527 2327 ut
1537 2269 1660 2344 questio
1673 2269 1773 2343 praxis
1783 2284 1818 2327 ac

112 2358 142 2434 pi
157 2357 347 2415 pictaviensis
370 2360 464 2429 editas,
493 2359 554 2418 brec
582 2361 686 2419 habent
713 2362 744 2418 in
768 2363 938 2419 tractatude
991 2359 1238 2433 parediciplinoe.
1257 2382 1272 2410 »

111 2446 320 2505 sacramentis:
349 2471 364 2500 a
407 2449 482 2506 Nota
516 2467 570 2507 nec
610 2451 640 2507 8.
680 2452 855 2526 cyprianum
884 2468 938 2509 nec
1028 2449 1206 2516 Petitdidier,
1234 2448 1324 2506 abbas
1352 2450 1452 2507 Sancti
1480 2450 1556 2506 Petri
1582 2448 1770 2518 senonensis,
1785 2446 1818 2505 in
1893 2464 1896 2469 ·

110 2538 265 2611 episcopos
280 2538 351 2611 ipsis
374 2539 555 2597 adherentes
581 2541 724 2599 haereticis
745 2557 939 2599 annumerari·
992 2540 1092 2596 suade
1108 2537 1589 2613 lnsntlihitilatepontipcio,Gallico
1604 2542 1818 2611 tractatu,cap.

110 2628 177 2697 dos,
193 2628 264 2699 quia
287 2627 434 2700 ejusmodi
458 2630 579 2702 quaestio
607 2630 640 2687 de
665 2632 858 2689 hereticorum
885 2634 939 2688 ltn-
991 2628 1028 2684 d:
1044 2628 1819 2701 «Hocitaqua»inquit·constanteretcertissime

109 2718 212 2789 ptisana
230 2717 403 2772 censebatur
421 2726 489 2773 tune
520 2720 555 2773 ad
588 2719 775 2792 disciplinam
804 2737 861 2777 non
890 2738 939 2777 eu·
992 2718 1151 2774 tenendum
1167 2722 1221 2783 est,
1238 2716 1822 2790 questionemdebaptismatehnreticc·

109 2810 170 2863 tem
186 2806 221 2861 ad
237 2805 325 2861 tidem
344 2806 490 2878 pertinere
504 2807 553 2879 (t).
571 2828 585 2857 n
993 2821 1060 2862 rnm
1072 2806 1215 2879 Cypriano
1228 2806 1323 2863 visam
1338 2806 1429 2864 fuisse
1451 2815 1593 2879 punctum
1622 2821 1710 2862 mero
1734 2804 1819 2863 disci·

146 2894 259 2951 Natalis
287 2894 450 2951 Alexander
478 2896 508 2951 in
536 2896 690 2967 Ecclesiat,
718 2898 818 2955 suncti
837 2914 877 2966 ιιι,
891 2898 940 2954 lli·
993 2894 1089 2969 plinna.
1106 2918 1121 2947 n

108 2985 229 3041 starium
244 2984 319 3040 hano
339 3001 374 3040 ex
401 2984 533 3057 professo
558 2986 662 3059 probet
690 2986 938 3060 propositionem:
1028 2986 1131 3043 Petrus
1144 2986 1295 3057 Constant,
1312 2985 1474 3043 monachus
1497 2984 1644 3041 benedict.
1674 2985 1820 3059 Congreg.

108 3094 124 3123 a
141 3072 171 3129 8.
192 3073 355 3146 Cyprianus
382 3080 411 3129 ot
440 3076 565 3131 Africani
597 3075 725 3149 episcopi
755 3093 812 3132 non
837 3076 938 3133 existi-
994 3075 1023 3131 S.
1040 3074 1144 3143 Mauri,
1159 3076 1189 3131 in
1206 3076 1306 3133 svrodc
1321 3076 1448 3149 Epicratis
1464 3078 1648 3133 Romanorum
1657 3074 1820 3149 pontificum

110 3168 266 3219 moverunt
281 3164 387 3235 dogma
402 3164 437 3219 de
452 3164 668 3236 rebaptizandis
692 3164 836 3223 hereticis
857 3167 936 3238 qnod
952 3145 974 3212 G
992 3180 1077 3237 opere
1092 3164 1153 3221 hoa
1167 3165 1273 3221 hahet:
1292 3188 1306 3213 u
1320 3166 1363 3223 Ne
1377 3166 1467 3239 igitur
1482 3167 1608 3237 maiores
1633 3181 1703 3223 suos
1726 3182 1760 3221 ao
1773 3168 1819 3223 to-

110 3252 270 3310 tuebantur
297 3252 334 3308 ad
363 3253 450 3309 tidem
484 3253 628 3326 pertinere
657 3256 716 3327 (5);
733 3277 747 3305 n
783 3254 938 3329 allatisque
992 3257 1051 3311 tam
1070 3271 1143 3327 pene
1156 3254 1316 3311 Ecclesiam
1332 3256 1472 3312 damnare
1486 3254 1649 3329 Cyprianus
1659 3254 1821 3327 videretur,

111 3340 248 3415 pluribus
262 3342 297 3398 ad
314 3341 404 3411 hujus
419 3342 619 3414 probationem
635 3346 792 3403 momentis
811 3346 854 3401 sic
868 3363 937 3403 con·
991 3343 1195 3417 episcoporum
1211 3344 1369 3417 unicuique
1389 3342 1522 3416 permisit
1544 3344 1651 3400 sentire
1676 3343 1721 3399 vel
1736 3358 1823 3415 agere

110 3431 254 3487 cludit:·
284 3431 313 3487 Si
344 3432 601 3503 rebaptizationem
630 3434 833 3491 hereticorum
869 3435 937 3493 lldei
992 3434 1069 3505 quod
1091 3432 1196 3489 melius
1219 3433 1385 3503 judicaret:
1413 3434 1537 3505 ideoque
1562 3432 1651 3488 istam
1680 3430 1822 3505 questio·

110 3536 264 3577 ramesse
300 3520 497 3578 existimasset
520 3522 549 3577 S.
576 3524 747 3595 Cyprianus,
780 3524 938 3582 anathema
991 3538 1059 3578 nem
1075 3524 1123 3593 (de
1139 3522 1277 3593 baptism.
1293 3522 1406 3593 haeret.)
1430 3522 1466 3577 ad
1492 3538 1604 3577 meram
1635 3518 1821 3593 disciplinam

110 3610 235 3665 dixisset
250 3609 358 3683 eisqui
374 3610 552 3667 contrariam
566 3612 741 3668 sententiam
766 3614 936 3684 tuebantur,
992 3612 1137 3685 pertinere
1150 3610 1327 3667 existimavit
1344 3612 1394 3683 (7).
1410 3634 1424 3661 n

111 3715 289 3772 usquecum
306 3700 349 3756 eis
369 3700 634 3769 communicasset,
659 3702 741 3757 nelos
766 3702 844 3759 enim
873 3719 938 3760 con·
1027 3700 1066 3756 lle
1092 3700 1240 3767 Reveroni,
1270 3699 1441 3757 licenciatus
1482 3699 1672 3768 Serboniaus,
1699 3698 1729 3755 ln
1764 3712 1819 3755 sna

110 3788 193 3845 nebat
206 3788 415 3844 communione
425 3788 513 3861 jungi
532 3805 600 3844 cum
624 3789 776 3847 haereticis.
798 3792 938 3858 Ouastio·
992 3788 1202 3846 Dissertationa
1216 3790 1382 3862 dogmatica
1400 3791 1433 3846 dc
1452 3790 1573 3847 Dimidio
1587 3790 1661 3845 inter
1683 3788 1731 3845 88.
1760 3786 1821 3845 Ste-

110 3892 179 3935 uem
196 3876 381 3951 igiturillam
402 3878 437 3933 ad
467 3878 554 3933 fldem
584 3878 729 3951 pertinere
758 3896 816 3935 nou
840 3880 938 3937 existi·
988 3880 1113 3951 phanaum
1134 3882 1161 3933 ct
1189 3879 1371 3950 cyprianum,
1392 3879 1453 3935 haec
1482 3878 1703 3952 babetcap.l:
1730 3899 1741 3927 ι
1766 3878 1821 3949 Cy-

111 3966 212 4035 mevit,
241 3967 292 4022 sed
311 3968 347 4023 ad
377 3967 569 4023 oeconomiam
607 3968 750 4024 duntaxat
792 3973 821 4025 et
848 3970 937 4026 disci·
992 3968 1114 4043 priunus
1129 3967 1387 4039 rebaptizationem
1412 3968 1551 4041 ascripsit
1574 3966 1736 4039 disciplinas
1762 3980 1820 4021 nu·

110 4054 222 4128 plinam
238 4055 505 4113 ecclesiasticam·
992 4058 1047 4125 dae,
1062 4057 1122 4113 hoc
1137 4056 1282 4113 sententia
1298 4074 1351 4132 pro
1366 4074 1425 4130 qua
1447 4062 1561 4114 ammas
1587 4056 1727 4127 probatur
1747 4052 1826 4111 mul·

145 4146 255 4202 nucur
282 4150 425 4202 tractatas
452 4145 562 4203 Gallice
595 4146 748 4219 inscripti:
786 4148 876 4205 Traitd
900 4149 939 4206 da
991 4148 1040 4203 tis.
1058 4168 1073 4197 n

109 4235 237 4301 achiam,
264 4235 307 4291 aio
334 4234 466 4307 loquitur
490 4252 557 4309 pag.
587 4236 669 4293 l5:a
701 4238 731 4293 ln
761 4236 884 4294 dissidio
907 4244 936 4293 8.
1028 4232 1820 4307 TurnellinedoctoretpreiessorSorbonicns,insuo

111 4324 248 4399 Cypriani
263 4330 292 4381 et
305 4330 332 4380 S.
354 4324 494 4397 Stephani
524 4326 609 4382 unice
638 4330 742 4399 agetur
769 4328 804 4384 de
829 4332 938 4400 puncto
992 4324 1230 4382 deSacrcmentie
1253 4327 1391 4391 tractatu,
1417 4324 1460 4379 sio
1481 4322 1662 4395 loquitur:«
1685 4320 1817 4377 Hnnede

112 4414 212 4489 aliquo
227 4413 398 4488 disciplina,
416 4431 473 4471 non
487 4430 555 4471 vero
573 4416 649 4471 ildai.
661 4438 676 4467 n
994 4414 1141 4488 baptismo
1152 4414 1354 4470 baereticorum
1365 4428 1485 4469 causam
1495 4411 1641 4483 Stephano
1653 4410 1771 4483 quidem
1782 4408 1820 4465 ad

149 4506 255 4560 ductor
282 4504 378 4577 operis
406 4503 453 4559 cui
483 4503 606 4560 titulus:
637 4506 727 4562 Troite
752 4522 802 4561 aar
831 4503 1180 4581 t'ahdit·1)dogmal1doi
1197 4502 1564 4576 pertinerevisamluisse‚
1583 4504 1616 4556 ut
1633 4516 1701 4557 mox
1721 4502 1821 4555 osten·

110 4592 257 4650 semdae
271 4610 331 4649 aare
344 4594 436 4649 baltea
449 4592 637 4665 doymotiqnea
650 4596 773 4650 mantes
787 4594 825 4650 dn
842 4596 937 4651 Saint-
992 4594 1108 4658 demus,
1125 4610 1182 4648 non
1199 4610 1266 4649 vero
1282 4592 1438 4663 Cypriane,
1465 4590 1633 4647 l'irmiliano
1657 4594 1686 4645 et
1710 4588 1787 4647 aliis.
1805 4608 1821 4639 a

112 4681 231 4755 stipa«
260 4682 379 4755 Omnes,
404 4704 418 4733 n
447 4680 553 4754 inquit,
585 4697 650 4755 pag.
687 4682 733 4749 el,
758 4704 772 4731 n
811 4683 939 4739 fatentur
992 4684 1109 4756 lltpsg.
1127 4680 1492 4753 l35:«Stephanoigitur
1515 4680 1674 4737 reluctatus
1699 4682 1745 4735 ast
1768 4678 1821 4751 Cy-

112 4775 247 4828 euctores
262 4771 411 4843 negotium
427 4771 462 4828 de
476 4770 616 4843 rebaptiz.
631 4771 730 4829 horat.
747 4775 779 4829 ut
794 4777 937 4843 punctum
992 4771 1125 4844 prienes,
1140 4770 1253 4843 quare?
1269 4766 1822 4841 Quia,Africanslibertatisplusaquo

111 4860 273 4933 disciplinae
298 4862 440 4917 duntaxat
471 4860 604 4933 Cypriani
641 4865 772 4934 tempore
802 4861 936 4919 habitum
992 4878 1096 4917 amans
1107 4878 1139 4917 ac
1154 4860 1317 4929 studiosus,
1333 4859 1452 4917 aliunde
1465 4876 1533 4915 vero
1558 4864 1675 4931 propter
1694 4855 1821 4913 intenta·

111 4950 213 5008 inisse.
231 4970 245 4999 n
992 4955 1053 5007 tarn
1070 4967 1087 5006 a
1101 4949 1248 5023 stephano
1262 4948 1581 5006 excommunicationis
1592 4962 1707 5019 ponam
1724 4942 1824 5001 aubin·

145 5038 279 5114 Ignatius
309 5041 396 5095 Amat
423 5038 458 5095 de
485 5038 640 5108 Craveson,
673 5040 775 5096 doctor
799 5039 937 5098 Serboni·
993 5040 1105 5107 tensus,
1122 5040 1249 5113 negabat
1264 5040 1429 5095 Romanum
1454 5037 1619 5111 pontilleem
1641 5036 1693 5105 jus
1714 5032 1822 5089 hahere

107 5145 173 5195 cus,
197 5128 227 5183 in
261 5144 316 5183 sua
350 5128 475 5184 ilistoria
501 5126 739 5185 eoctenantsticn:
756 5152 772 5179 a
798 5130 937 5187 Cxcuaarl
995 5129 1027 5185 in
1043 5130 1130 5185 rebus
1145 5127 1320 5201 disciplina,
1335 5128 1453 5201 qualem
1469 5124 1591 5201 putabat
1605 5138 1669 5179 esse
1687 5120 1823 5195 quastio-

108 5224 246 5291 possunt.
262 5239 277 5267 ι
293 5216 397 5289 inquit,
414 5240 428 5265 a
451 5216 623 5287 Cyprianus,
656 5218 846 5275 Firmilionus
874 5218 937 5275 alii·
992 5234 1059 5275 nem
1075 5218 1111 5273 de
1127 5218 1272 5291 baptismo
1286 5217 1324 5273 ab
1339 5214 1493 5285 hereticis,
1509 5213 1625 5283 collato,
1636 5212 1821 5269 anteresba-

107 5321 166 5379 que
191 5304 363 5374 Orientales,
387 5306 436 5378 qai
462 5322 573 5363 morem
616 5306 814 5380 rebaptizandi
852 5307 939 5365 hore·
992 5305 1145 5365 olcsissad
1161 5323 1245 5363 suam
1265 5305 1442 5362 sententiam
1470 5306 1500 5360 et
1521 5302 1633 5375 praxim
1658 5298 1821 5373 adigendil

147 5468 187 5537 (l)
201 5467 307 5532 Onerat.
325 5483 368 5534 ιιι,
385 5484 414 5539 p.
428 5468 475 5535 77,
490 5467 559 5524 edit.
581 5467 687 5525 Pictav.
703 5468 784 5525 1731.
993 5468 1068 5596 1736²)
1083 5467 1165 5523 Tam.
1191 5466 1213 5534 l,
1239 5462 1349 5537 colloq,
1379 5480 1418 5533 vv,
1448 5478 1514 5537 pag.
1545 5460 1606 5518 119.
1631 5462 1702 5519 edit.
1732 5460 1819 5519 Rom.

159 5538 324 5667 52ttissert.
340 5556 390 5609 au,
420 5545 475 5597 art.
499 5541 527 5607 i,
556 5556 622 5614 pag.
650 5542 714 5614 690,
744 5541 815 5612 edit,
843 5542 937 5600 Paris.

109 5540 161 5669 lai
1030 5613 1069 5685 (7)
1083 5612 1168 5669 Tem.
1185 5610 1209 5683 l,
1223 5622 1291 5683 pag.
1306 5606 1371 5677 233,
1382 5606 1452 5667 edit.
1467 5604 1559 5667 Paris.
1576 5606 1656 5666 1721.
