3892 6104
1709 38 1723 73 ··-.
1738 35 1780 74 en·
1799 35 1840 65 *a*

93 254 171 318 ii'ii
618 250 670 313 DE
690 248 988 314 nnnnntcolttltt
1008 246 1274 313 naamatites.
1722 246 1813 311 tii!

95 386 298 445 misericordia
312 404 365 443 sus
377 384 593 459 indulgentiam
608 385 678 442 dare
693 389 721 441 st
750 401 800 441 eos
820 384 870 458 qui
886 384 922 439 66
937 385 966 451 Α
980 382 1108 455 quadam
1125 382 1211 454 quasi
1223 380 1423 455 rebaptizandi
1445 380 1596 455 baptisans
1625 380 1813 457 ponibastes

95 474 255 531 Ecclesium
272 474 445 546 simpliciter
459 474 593 542 admissi,
607 474 637 527 in
652 473 780 529 Ecclesia
794 472 921 529 dormie—
975 471 1027 527 Dei
1038 472 1122 527 netas
1137 471 1268 537 ducitur,
1281 488 1349 527 curn
1364 470 1529 543 baptizatos
1537 471 1812 541 inveniamnsquos

96 568 176 633 runt,
192 564 228 619 ab
245 562 378 619 Ecclesia
393 563 920 635 666666666666666666661166
975 559 1104 616 loannes
1116 560 1323 631 baptizaverat,
1339 559 1524 615 illeloannas
1540 560 1636 629 major
1650 560 1729 615 inter
1743 574 1810 631 pro·

95 656 195 709 tamon
211 653 279 724 quis
288 651 447 723 aliquando
460 656 588 707 erratum
599 656 654 720 est,
671 651 735 706 ideo
749 666 866 723 semper
877 668 922 705 er·
977 648 1081 721 phetas
1094 648 1152 717 (67)
1167 647 1299 715 babitus,
1313 646 1362 705 ille
1375 646 1475 703 divim
1482 646 1579 721 gratia
1589 646 1686 703 adhuc
1702 648 1734 701 in
1746 650 1809 703 ute·

96 742 224 797 randum
239 747 375 809 est,cum
390 739 923 813 magissapieutibusetlleumtimen—
978 753 1010 792 ro
1032 736 1135 791 matris
1158 735 1374 809 impletus,ille
1402 734 1489 792 Helia
1518 735 1625 807 spiritu
1646 740 1675 791 et
1701 734 1810 793 virtute

96 828 177 886 tibus
192 835 335 903 congruat
348 830 498 901 patefacte
526 834 555 884 et
582 835 739 901 perspectas
761 827 873 883 veritati
890 828 924 883 li·
979 824 1132 891 subnixus,
1150 824 1200 896 qui
1216 824 1666 891 nonadvarsariusDomini,sed
1681 840 1809 897 praecur-

97 918 201 974 benler
214 922 302 991 atque
316 918 519 974 incunctanter
534 918 655 987 obsequi
665 932 753 988 quam
770 916 924 988 pertinaci·
979 928 1029 969 sor
1040 930 1073 969 ec
1090 914 1259 985 predicator
1274 913 1339 978 fuit,
1355 911 1406 985 qui
1421 912 1578 968 Dominum
1601 916 1742 969 nostrum
1752 929 1808 969 non

98 1010 241 1077 teratqua
260 1006 406 1062 obstinato
433 1012 535 1061 contra
551 1006 654 1061 tratres
664 1011 692 1060 at
704 1006 926 1061 consacerdotes
979 1005 1095 1057 tantum
1111 1001 1207 1057 verbis
1225 1001 1443 1073 praenuntiavit,
1455 1002 1505 1057 sed
1516 1008 1545 1057 et
1559 1002 1654 1058 oculis
1670 1001 1808 1067 ostendit,

99 1110 152 1169 pro
167 1094 309 1151 hereticis
319 1093 466 1150 reluctari.
981 1092 1030 1162 qui
1046 1090 1144 1161 ipsum
1159 1090 1318 1161 Christum,
1335 1106 1386 1162 per
1400 1106 1487 1162 quam
1500 1089 1689 1162 baptizantur
1703 1088 1808 1159 ceteri,

136 1183 232 1239 XXIV.
241 1184 298 1239 Neo
309 1182 466 1255 quisquam
479 1182 626 1238 existimet
636 1182 796 1253 hereticos,
804 1198 837 1237 eo
848 1182 925 1255 quod
982 1179 1148 1250 baptizavit.
1165 1179 1245 1243 Quod
1262 1180 1286 1235 si
1302 1178 1411 1234 idcirco
1426 1178 1580 1235 haereticus
1602 1179 1655 1249 jus
1670 1178 1808 1251 baptismi

101 1270 162 1327 illis
184 1271 332 1344 baptisma
356 1270 595 1343 opponiturssil),
626 1272 709 1342 quasi
730 1271 850 1326 secundi
877 1271 927 1326 ba·
982 1268 1113 1322 obtinere
1129 1266 1393 1339 potuit,quiaprior
1409 1266 1576 1339 baptizarit,
1586 1284 1645 1323 non
1660 1267 1811 1339 possiden·

101 1359 202 1434 ptismi
217 1359 357 1416 vocabulo
368 1359 581 1416 scandalizatos
594 1364 625 1415 ut
654 1361 690 1415 ad
705 1358 864 1415 Ecclesiam
882 1376 928 1415 ve·
983 1356 1021 1411 tis
1035 1356 1091 1411 crit
1102 1357 1165 1427 jam
1182 1356 1341 1426 baptisma,
1357 1356 1409 1411 sed
1424 1355 1596 1426 occupantis
1613 1380 1621 1423 ;
1638 1360 1667 1411 et
1681 1372 1751 1411 cum
1766 1372 1810 1412 se·

101 1449 187 1504 nient
202 1448 353 1504 retardari.
367 1450 427 1503 lmo
442 1464 508 1503 vero
523 1447 577 1503 hoc
593 1448 657 1519 ipso
668 1448 763 1520 magis
778 1448 814 1503 ad
832 1464 929 1503 neccs-
985 1444 1082 1517 parari
1096 1460 1114 1499 a
1126 1461 1158 1499 se
1172 1452 1196 1499 ct
1214 1444 1304 1499 dividi
1315 1442 1436 1499 ommno
1451 1459 1509 1498 non
1527 1444 1642 1515 possint
1667 1444 1812 1515 baptisma

101 1536 217 1592 sitalem
229 1536 362 1592 veniendi
378 1536 546 1592 testimonio
561 1540 686 1591 ostensa
703 1536 759 1592 sibi
774 1542 804 1591 et
824 1537 930 1608 proba·
985 1538 1014 1588 et
1028 1533 1167 1603 Ecclesia,
1183 1533 1233 1605 qui
1248 1548 1392 1603 occupare
1406 1532 1554 1604 baptisma
1569 1530 1649 1605 prior
1663 1533 1771 1604 potuit,
1785 1540 1812 1589 st

98 1620 278 1681 tenacitatis
290 1625 450 1697 adiguntur
466 1640 473 1679 :
489 1640 559 1680 nam
579 1624 604 1679 si
630 1623 756 1679 viderint
766 1624 880 1695 judicio
894 1641 928 1681 so
985 1620 1143 1677 Ecclesiam
1159 1621 1269 1695 pariter
1282 1620 1446 1693 occupavit,
1460 1626 1489 1676 et
1499 1620 1606 1692 incipis
1620 1626 1650 1676 tu
1665 1619 1709 1675 illi
1723 1621 1811 1677 basre-

101 1714 247 1771 sententia
263 1718 362 1769 nostra
378 1714 406 1768 id
421 1712 537 1768 decerni
553 1717 581 1768 et
607 1712 696 1768 statui
727 1718 759 1768 ut
783 1712 929 1785 baptisma
987 1711 1063 1767 ticus
1077 1711 1134 1781 (68)
1149 1711 1240 1767 videri
1255 1710 1305 1781 qui
1320 1716 1485 1783 preventus
1509 1712 1654 1782 posterior
1677 1726 1743 1767 essa
1758 1728 1810 1767 66-

98 1803 215 1875 justum
231 1807 260 1858 et
273 1802 436 1875 legitimum
449 1806 696 1873 computaturque
711 1800 927 1874 illiobaptizan·
983 1800 1062 1872 pisti,
1078 1800 1129 1870 qui
1145 1799 1274 1856 cedendo
1289 1816 1321 1855 ac
1338 1815 1445 1855 manus
1456 1800 1553 1855 dando
1572 1800 1625 1870 jus
1640 1800 1719 1871 qnod
1735 1816 1811 1856 acce·

102 1894 162 1959 tur,
180 1892 325 1963 putabunt
338 1906 369 1946 ss
380 1888 538 1946 Ecclesiam
550 1906 667 1961 quoque
681 1896 710 1945 ct
720 1894 822 1945 cetera
834 1888 927 1946 116616-
983 1903 1068 1959 peras
1082 1886 1236 1959 reliquisti.
1262 1888 1354 1951 Onam
1376 1886 1574 1959 periculosum
1599 1888 1638 1943 sit
1661 1892 1762 1943 autem
1785 1888 1811 1944 in

102 1978 153 2035 sie
169 1980 382 2049 munarsjusts
404 1983 433 2034 et
461 1977 589 2051 legitime
617 1978 930 2049 possidere;necerit
982 1976 1418 2048 divinisrebusntquisoedat
1436 1977 1505 2047 jure
1536 1992 1590 2033 suo
1617 1981 1645 2030 et
1673 1980 1813 2049 potestate

103 2083 194 2123 causa
203 2066 339 2123 veniendi
354 2067 390 2122 ad
407 2084 471 2133 nos,
481 2066 760 2138 quando,hsbontas
770 2066 927 2137 baptisma,
981 2064 1132 2137 Scriptura
1147 2068 1246 2121 sancta
1261 2063 1399 2131 declarat,
1416 2080 1483 2119 cum
1498 2065 1528 2119 in
1544 2065 1650 2121 Genesi
1667 2066 1744 2121 Esau
1758 2066 1813 2137 pri·

107 2155 217 2211 habere
229 2154 386 2211 videantur
399 2160 428 2211 et
441 2160 555 2211 cetera.
567 2156 653 2211 Porro
677 2160 787 2225 autenm
803 2172 870 2211 cum
881 2172 928 2212 co·
984 2157 1083 2209 matus
1098 2170 1168 2209 suos
1177 2153 1245 2209 inde
1260 2153 1487 2225 perdiderit‚nec
1497 2153 1625 2226 recipere
1641 2152 1672 2208 id
1685 2157 1812 2225 postmo-

105 2248 252 2317 gnoscunt
268 2244 417 2317 baptisma
430 2242 544 2299 nullum
560 2244 630 2300 ioris
641 2244 933 2307 essanecremissam,
983 2243 1055 2298 dum
1071 2242 1199 2315 potuerit
1213 2242 1290 2314 qnod
1307 2239 1398 2298 semel
1413 2242 1501 2297 cessit
1519 2246 1596 2311 (666.
1617 2258 1674 2297 xxv
1694 2259 1701 2310 ;
1716 2242 1808 2310 11666,

101 2335 291 2405 peccatorum
305 2338 388 2388 extra
401 2330 558 2388 Ecclesiam
568 2332 631 2387 dari
642 2348 739 2404 posse,
751 2332 866 2388 avidius
875 2333 929 2403 (65)
983 2349 1037 2402 111,
1068 2332 1123 2403 16).

101 2420 138 2477 66
168 2437 222 2476 666
260 2425 289 2476 et
326 2423 492 2493 promptius
557 2425 715 2494 properant
748 2426 777 2476 et
809 2437 931 2477 munera
1020 2419 1116 2477 XXVI.
1132 2420 1403 2477 llaectibibreviter
1419 2420 1487 2491 (66),
1517 2434 1568 2491 pro
1589 2418 1811 2475 nostramedio·

101 2508 227 2564 aedona
246 2507 378 2565 Ecclesia
404 2508 506 2564 matris
536 2508 706 2581 implorant,
731 2508 802 2565 certi
831 2525 930 2581 perve-
985 2509 1096 2581 critola,
1122 2508 1339 2581 rescripsimus,
1373 2509 1463 2564 irater
1491 2505 1678 2574 charissime,
1704 2508 1809 2563 nemini

105 2595 169 2651 nire
197 2612 228 2652 se
243 2596 363 2653 omnino
380 2613 437 2653 non
453 2598 589 2669 possead
604 2598 931 2671 varamdivimegratise
985 2598 1206 2671 prescribentes
1243 2603 1294 2653 aut
1317 2596 1540 2669 praejudioantcs
1572 2596 1629 2667 (70)
1656 2595 1809 2668 quominus

103 2683 344 2757 pollicitationem
354 2686 411 2741 nisi
428 2687 510 2758 prius
520 2687 697 2743 venerintnd
709 2687 844 2743 Ecclesia
857 2688 930 2743 veri·
985 2685 1482 2759 unusquisqusspiscoporumquod
1498 2688 1581 2757 putat
1596 2684 1809 2752 laoiat,habens

100 2776 191 2829 tatem
208 2774 262 2846 (66)
274 2774 782 2852 :moneorecusabuntbaptizari
793 2777 931 2848 apudnos
985 2776 1098 2832 arbitrii
1116 2776 1162 2831 sui
1177 2775 1299 2831 liberam
1315 2778 1501 2847 potestatem.
1518 2774 1588 2843 Nos,
1612 2778 1758 2845 quantum
1781 2774 1807 2829 in

102 2860 230 2917 heretici
246 2861 376 2934 legitimo
398 2870 428 2918 et
443 2880 509 2920 vero
519 2864 653 2920 Ecclesiae
669 2864 825 2936 baptismo,
842 2882 932 2936 quan·
986 2866 1071 2921 nobis
1086 2870 1140 2930 est,
1152 2868 1271 2935 propter
1284 2864 1435 2919 baereticos
1459 2879 1526 2918 cum
1542 2861 1664 2935 collegis
1678 2868 1706 2916 et
1722 2859 1808 2933 coepi·

104 2949 142 3006 do
157 2966 193 3005 sn
208 2950 293 3007 nobis
325 2952 483 3008 didicerint
506 2952 668 3024 baptizatos
682 2969 798 3025 quoquc
812 2970 829 3008 a
843 2953 932 3010 Paulo
986 2955 1083 3025 scopis
1095 2954 1204 3010 nostris
1220 2970 1277 3008 non
1288 2952 1504 3019 contendimus,
1520 2951 1621 3007 im
1636 2950 1806 3021 cumqnibus

105 3052 156 3095 sos
175 3039 460 3112 qnijambaptismo
489 3040 612 3097 ioannis
641 3040 777 3113 baptizati
795 3042 931 3121 luissent,
987 3040 1803 3111 divinamconcordismetDominicampncamtenemus;

115 3126 193 3183 sicut
207 3126 332 3201 legimus
346 3129 377 3183 in
397 3128 519 3185 Actibus
534 3128 733 3202 apostolorum
747 3130 815 3201 (Act.
831 3130 900 3197 xix).
952 3132 974 3199 G
994 3132 1119 3188 maxime
1133 3148 1201 3187 cum
1217 3135 1245 3186 et
1259 3128 1413 3201 llpostolus
1428 3129 1525 3185 dicat:
1541 3128 1573 3183 Si
1586 3131 1650 3199 qais
1664 3135 1753 3183 autem
1762 3144 1802 3198 pe

145 3214 229 3271 XXV.
243 3217 277 3271 Et
292 3232 370 3273 nunc
384 3219 462 3289 apud
485 3220 627 3289 quosdam
643 3218 678 3274 66
694 3218 803 3274 nostris
819 3219 932 3276 hereti·
988 3229 1064 3275 tutor
1074 3221 1258 3277 contentiosus
1273 3218 1326 3290 (71)
1351 3234 1417 3288 esse,
1445 3233 1494 3273 nos
1522 3216 1606 3273 tutem
1634 3216 1798 3272 consuetudi·

12 3370 15 3375 ,
107 3318 209 3360 corum
224 3305 372 3377 baptisma
387 3310 562 3379 occupatum
593 3307 745 3377 asseritur,
777 3310 806 3362 et
824 3307 933 3363 invidia
986 3325 1050 3364 nem
1065 3324 1119 3365 666
1133 3309 1263 3363 iubemus
1276 3324 1363 3379 neque
1394 3306 1517 3363 Ecclesia
1532 3306 1582 3361 liei
1603 3306 1627 3375 (1
1643 3303 1702 3360 Cor.
1718 3320 1753 3375 6,
1765 3304 1795 3371 6).

777 3487 887 3565 Steph.
903 3484 1022 3549 lialuzii
1043 3496 1136 3549 notae.

138 3658 196 3730 (di)
207 3658 246 3739 116
265 3658 346 3739 tiemo
360 3660 521 3728 opponitur.
533 3658 576 3739 ltu
590 3659 731 3716 Erasmus
751 3665 780 3716 st
795 3665 934 3731 quatuor·
1024 3662 1080 3733 (67)
1102 3663 1175 3716 luter
1197 3662 1354 3733 propicius.
1381 3660 1463 3718 Unus
1492 3662 1583 3717 codex
1613 3662 1719 3735 regius,
1739 3658 1793 3715 istit

106 3728 201 3811 decim
224 3674 292 3811 biri
313 3731 431 3809 viteres.
456 3732 603 3785 Manutius
631 3732 729 3801 posuit
757 3748 934 3787 6666666666
987 3738 1065 3789 autes
1080 3732 1235 3789 mulieries
1247 3744 1273 3788 et
1301 3734 1484 3805 6666616666
1493 3738 1615 3790 sanctus
1627 3732 1790 3807 Augustinus

105 3800 212 3857 litteris
226 3798 409 3881 mqusoulrs.
427 3801 488 3865 Ouo
500 3802 586 3856 etiam
603 3802 691 3856 modo
706 3802 850 3874 scriptum
877 3802 934 3858 vidi
1010 3804 1039 3859 ui
1054 3803 1151 3859 locum
1167 3804 1258 3859 istum
1273 3750 1414 3860 ‹isacribit
1428 3804 1457 3858 in
1474 3803 1549 3861 libro
1561 3812 1677 3877 quarto.
1691 3820 1747 3876 cap.
1759 3800 1789 3867 ll,

104 3870 136 3927 iu
153 3870 289 3953 Eussner.
301 3870 464 3953 Edrtionem
479 3872 600 3927 Manutii
618 3873 678 3928 scio
704 3872 848 3946 placuisse
862 3873 935 3930 viris
987 3821 1020 3931 ie
1032 3877 1170 3946 Baptisruo
1182 3875 1322 3931 adversus
1343 3875 1522 3945 Donatistae,
1550 3894 1608 3932 non
1629 3876 1714 3933 babet
1733 3878 1791 3929 6616

104 3941 514 4015 doct1s3etmhrlomrnusergo
524 3943 932 4016 putolalasmesse.anpiam
988 3948 1139 4002 mulierum
1153 3950 1191 4011 el,
1207 3963 1271 4018 qua
1282 3947 1388 4003 desunt
1400 3948 1489 4002 etiam
1507 3948 1536 4003 in
1553 3948 1689 4004 omnibus
1700 3944 1790 4004 aliisae

105 4012 183 4070 enirn
194 4014 271 4085 apud
287 4012 527 4087 Cyprianum,qui
543 4013 643 4070 multis
657 4016 687 4070 ln
704 4014 776 4071 locis
801 4016 935 4087 disputat
988 4018 1100 4074 taribus
1119 4016 1210 4072 libris.

104 4086 244 4141 adversus
260 4084 410 4156 baptisma
427 4086 934 4158 hereticorummuspiam,inquam,
1025 4088 1080 4159 (68)
1099 4088 1543 4145 16611116661166666166666
1572 4088 1624 4145 lib.
1654 4107 1679 4145 v.
1697 4083 1788 4159 cap-2²

104 4154 229 4211 inveniri
244 4154 273 4209 in
290 4172 324 4211 eo
340 4172 426 4211 sensu
442 4173 539 4212 vocem
555 4158 720 4229 baptismata
742 4164 855 4214 certum
880 4163 933 4213 est.
988 4162 1123 4215 liurettci
1136 4175 1200 4230 erqo
1215 4164 1291 4228 6661,
1306 4160 1352 4214 sed
1379 4177 1436 4215 666
1457 4162 1582 4215 scientes.
1613 4160 1728 4233 Denique
1740 4150 1789 4227 opti

106 4224 278 4297 lnepistola
307 4244 368 4281 cxxi
386 4243 392 4282 :
409 4228 489 4295 Nous,
515 4244 576 4283 curri
606 4229 660 4283 duo
684 4231 850 4301 baptismata
879 4245 937 4285 osee
987 4232 1251 4297 consuetissima,
1266 4230 1383 4302 opsides
1405 4247 1460 4286 666
1475 4236 1553 4286 aaut.
1568 4233 1640 4290 alam
1667 4234 1787 4305 16166166

104 4312 161 4353 666
174 4302 296 4379 possunt,
313 4299 342 4379 si
351 4299 479 4381 liaeretiaei
491 4314 553 4355 uero
569 4300 725 4369 baptisavit,
755 4302 811 4425 qni
835 4301 935 4356 iubent
988 4317 1016 4356 se
1029 4303 1179 4358 cotirolrcos
1190 4318 1246 4357 esec
1256 4301 1382 4373 judicant
1396 4305 1426 4356 ut
1452 4318 1503 4359 666
1517 4306 1590 4367 ipsos
1609 4304 1691 4363 tituto
1704 4302 1787 4359 16666·

107 4368 754 4440 66616666666661616666666666666
776 4388 878 4427 versus
907 4390 935 4426 n·
988 4388 1030 4430 oae
1058 4374 1251 4444 appellationis
1266 4375 1416 4443 insument.

106 4455 175 4565 qam
189 4438 439 4521 Stephanum,qui
455 4442 603 4522 baptisma
614 4441 815 4497 baereticorum
832 4389 935 4513 proia-
1024 4444 1080 4515 (69)
1098 4448 1166 4500 1166
1180 4445 1231 4498 titi
1242 4445 1367 4499 breviter.
1394 4443 1531 4515 Suprain
1546 4442 1625 4500 calca
1640 4434 1787 4516 epistolsni

128 4514 167 4573 at,
180 4514 241 4565 art:
258 4511 388 4566 Omnium
403 4513 597 4568 liaeretioorem
619 4513 784 4582 baptismata
807 4514 886 4585 justo
908 4522 934 4569 et
988 4514 1146 4584 Donatum,
1163 4532 1230 4587 pag.
1245 4516 1271 4569 7.
1287 4516 1347 4570 ilaec
1368 4516 1482 4570 iruerint
1493 4515 1735 4585 arsaticensem
1746 4510 1786 4568 cle·

106 4580 232 4652 legitimo
242 4581 387 4651 juiticooit.
403 4582 596 4655 Hieronymus
624 4585 652 4638 ln
682 4590 770 4656 caput
794 4588 933 4656 quartum
987 4588 1104 4641 resima.
1121 4591 1159 4639 lta
1175 4586 1314 4641 Erasmus
1328 4592 1357 4641 et
1373 4586 1521 4641 Marcilius
1534 4587 1675 4643 atdecem
1689 4584 1786 4659 librive

106 4650 237 4723 epistolae
254 4651 288 4705 ad
304 4653 446 4723 Ephesios
464 4672 471 4708 τ
490 4656 577 4711 liniue
588 4657 761 4725 boptiuucel
771 4660 869 4711 666166
880 4660 932 4711 Vc·
988 4662 1071 4713 teres.
1087 4657 1140 4711 Alii
1153 4658 1283 4728 quinque
1295 4659 1413 4713 trecies.
1428 4658 1512 4730 epod
1528 4664 1665 4715 sanctum
1681 4656 1787 4729 nugon-

107 4722 245 4779 tentinom
258 4723 335 4792 (666,
351 4724 464 4793 quidue
479 4727 646 4796 baptisante
669 4743 726 4782 csse
746 4728 893 4792 66616666,
909 4730 972 4793 etl)
988 4727 1787 4800 numquisatisirequenterreiertbunclocum,soriptnn

106 4803 202 4849 66666
216 4808 308 4875 omnes
326 4795 511 4855 teretissant
520 4799 609 4852 sciunt
623 4812 677 4852 666
688 4798 788 4853 dobere
800 4816 829 4853 se
845 4798 933 4869 lapti—
989 4806 1159 4871 estsemper
1175 4800 1300 4855 breviter.
1318 4800 1436 4872 Antiqui
1453 4800 1590 4855 dicebant
1601 4802 1678 4857 dreni
1690 4816 1736 4873 pru
1749 4795 1786 4851 itt

106 4865 306 4931 6661666666
318 4881 376 4919 uno
388 4866 490 4921 Christi
500 4868 617 4923 Ecclesia
629 4872 730 4936 (66166
742 4869 930 4925 essentialem.
986 4872 1069 4937 viter,
1085 4876 1117 4924 ut
1125 4874 1206 4925 notat
1220 4870 1475 4941 Charisiuscujus
1486 4872 1566 4926 modi
1576 4871 1719 4929 scribendi
1729 4867 1787 4941 plut¹

143 4935 696 5018 (6661616166.1166611166666166616
724 4939 887 4995 etMorellii
904 4944 933 4995 et
986 4946 1250 5013 exstantesempla
1275 4942 1352 5013 apud
1383 4943 1551 4998 taiceronem
1580 4950 1610 4999 et
1638 4944 1713 5000 alibi.
1740 4933 1787 4991 Vidi

108 5005 208 5063 decem
226 5006 293 5062 lrbrs
309 5012 431 5065 veteres.
448 5008 586 5064 Erasmus
597 5016 627 5065 et
646 5011 736 5066 codex
750 5012 932 5067 Corbeienais
987 5012 1119 5068 Lambini
1135 5013 1340 5069 annotationes
1361 5012 1391 5068 in
1416 5014 1578 5070 orationem
1604 5011 1742 5071 Ciceronis
1753 5017 1785 5079 pro

110 5076 370 5134 babentuudnciiu.
386 5079 440 5135 Pro
459 5096 492 5136 eo
521 5086 618 5135 sutem
642 5082 720 5152 quod
745 5082 889 5138 editiones
905 5088 934 5137 et
987 5085 1115 5138 Plancio.

108 5146 197 5204 iidem
212 5148 408 5234 libri'v'etares
423 5152 933 5223 666166661666661166,66666666
1023 5156 1078 5225 (70)
1090 5156 1233 5210 Nemini...
1251 5154 1475 5280 prq'mticuntes.
1505 5154 1708 5227 Hieronymus,
1722 5150 1762 5206 lib.
1772 5160 1784 5205 1.

109 5216 197 5276 habet
209 5237 360 5291 penarum.
986 5226 1115 5281 oderemus
1129 5227 1256 5295 Rufinmn
1274 5243 1281 5282 ε
1321 5227 1406 5281 einim
1420 5226 1638 5299 praejudicantes
1652 5225 1724 5297 sequi
1738 5210 1785 5291 qud

145 5293 200 5361 ldd)
219 5294 375 5375 Veritatem.
392 5292 434 5347 lla
447 5293 667 5375 quatuordecim
679 5290 744 5395 libri
761 5298 871 5350 veteres
883 5310 933 5365 pro
987 5298 1062 5365 velit,
1076 5313 1125 5352 occ
1138 5299 1255 5352 ulterius
1269 5296 1410 5353 decretum
1424 5302 1519 5353 66666
1543 5300 1679 5354 sententio
1700 5294 1783 5349 66661·

109 5364 934 5516 66ῖὲυ6ῗῖῖιῑᾱει6ΐῑῃίῗ6866166166116ζὲιέῗαὲἱηῐῃὲιὲἓὲἒῆεὲἓὲῐῖ
986 5372 1084 5511 thqus).
1097 5442 1214 5492 nutritor
1228 5440 1420 5494 contentiosus.
1436 5438 1572 5510 Quinque
1596 5438 1663 5495 libri
1689 5440 1781 5491 vetent,

107 5501 346 5585 aurelianensem
362 5506 397 5561 de
413 5506 496 5561 Cultu
510 5507 682 5579 imaginum,
699 5524 764 5581 pag.
780 5509 813 5562 ‘sl
829 5508 934 5563 aditio·
985 5510 1314 5581 661666νὶ(6661666666
1329 5526 1395 5565 esso.
1410 5508 1467 5565 Alii
1483 5515 1620 5580 quatuor,
1635 5526 1698 5567 cum
1711 5504 1782 5569 ,lique

109 5587 156 5628 ms
171 5571 378 5641 Plantrnrsnae;
397 5576 552 5649 legendum
567 5594 631 5634 esse
647 5580 780 5634 unitolsm
795 5596 847 5651 pro
862 5595 934 5634 ceri·
987 5587 1086 5637 tamen
1101 5580 1156 5636 levi
1167 5580 1486 5653 discrimine‚putoosrit
1499 5581 1780 5638 commemorasset·

108 5646 195 5701 uam
208 5644 313 5724 probat
323 5647 414 5703 codex
428 5648 653 5720 antiquissimus
663 5657 692 5706 et
704 5650 843 5722 optimus.
988 5652 1068 5709 Unus
1083 5668 1176 5719 maus,
1189 5659 1270 5725 putot
1283 5654 1483 5709 contuitionem
1495 5668 1526 5709 se
1536 5668 1604 5711 ms.
