3892 6104
64 293 122 362 set
478 295 554 361 reo
575 296 633 361 se.
649 283 876 371 'eteueeua
897 284 1205 359 reiteraretur
1227 296 1362 360 secus.
1709 298 1772 362 aes

60 428 185 503 epistole
211 426 468 503 Lugdunensium,
492 428 546 485 'ubl
571 433 692 487 narrent
702 428 847 502 quomedo
860 429 890 484 et
903 422 930 496 Α
945 418 1036 501 gnare
1052 429 1229 500 consensit,
1245 433 1275 486 et
1289 429 1407 502 quando
1429 429 1560 487 luterem
1587 434 1666 488 esset
1689 432 1773 505 quud

61 519 192 593 ipsefll)
209 541 224 569 a
241 516 365 576 reticulo
392 518 519 587 inclusa,
549 523 632 575 tauro
661 520 774 590 objectu
796 523 890 585 eet;s
941 518 1004 588 jam
1023 518 1128 585 lueret,
1145 517 1774 590 inquisivit‘tUbieret‘lQuidvidensiete

60 622 118 681 que
133 608 188 664 diu
203 607 236 663 in
252 608 345 664 altum
358 606 628 681 jactatu,nlbiljam
643 623 745 665 eorum
761 623 827 681 que
841 605 891 663 lie·
945 621 1002 662 uon
1018 605 1154 663 viderat?
1172 609 1234 673 Quo
1262 607 1362 664 truens
1390 608 1448 665 ista
1462 624 1520 665 neu
1544 611 1773 678 senseratiQue

62 697 143 767 bant,
159 696 281 769 penitus
296 695 438 769 sentiens,
459 699 522 753 tum
552 696 590 754 oh
604 710 688 770 spem
712 700 741 753 et
758 709 890 769 compre·
948 708 1048 751 emere
1062 695 1261 768 alienate,que
1277 696 1443 770 spectueulo
1454 701 1650 770 evocataque
1666 699 1771 772 pecule

62 785 237 842 bansionem
249 800 352 842 eornm
368 801 431 858 que
446 785 583 843 eradebat
596 785 753 853 benorum,
768 787 832 841 tum
854 784 890 840 eb
945 781 1199 841 inebrietatus.

62 871 241 930 familiarem
257 888 460 947 congressum,
475 888 564 946 quem
579 890 648 931 oum
663 872 778 931 cbristo
789 873 893 930 inora-
982 872 1060 930 luter
1070 873 1212 930 miracula
1223 873 1311 930 etism
1323 873 1424 931 reterri
1434 875 1520 932 debet
1532 875 1714 934 immaturus
1724 877 1775 935 lle·

62 961 142 1019 tioue
156 961 301 1029 habebat,
315 962 435 1020 tandem
445 966 475 1019 et
485 962 550 1036 ipsa
563 963 689 1020 vietimes
701 961 891 1035 instarjugu·
945 960 1066 1019 licitatis
1081 968 1194 1035 pertus.
1218 963 1357 1030 Quamvis
1369 963 1447 1020 euim
1463 964 1601 1021 luminam
1631 966 1773 1023 euerbum

64 1050 721 1125 lataeet.1tdemptiatiamlnpceuisdoloris
735 1066 841 1109 sensus
851 1050 893 1106 ie·
947 1049 1049 1106 fretum
1064 1051 1209 1122 emittere,
1224 1051 1401 1109 miraculum
1414 1053 1548 1110 absolute
1562 1069 1621 1111 nen
1641 1055 1692 1124 se,
1711 1055 1769 1111 cir·

67 1139 148 1213 signe
162 1139 311 1197 habemns
326 1139 491 1214 exemplum
506 1140 647 1198 ineadem
656 1139 891 1214 blandiorque,
946 1140 1134 1197 tumstunties
1147 1143 1329 1198 tamencum
1352 1142 1460 1214 quibus
1476 1140 1636 1200 Felicitatis
1666 1147 1769 1216 pertus

65 1234 97 1286 ut
122 1233 172 1286 est
201 1229 234 1286 in
260 1227 379 1287 laudate
402 1227 527 1303 epistula
551 1229 797 1305 Lugdunensium
823 1229 892 1302 (75),
947 1231 1123 1301 conjunctus
1137 1229 1204 1300 luit,
1218 1229 1318 1304 ipsum
1328 1246 1363 1287 ex
1378 1229 1497 1302 speciali
1511 1231 1563 1288 Dei
1579 1231 1773 1306 presidentia,

66 1340 81 1370 a
95 1318 198 1375 lnstar
207 1317 344 1392 generosi
359 1317 651 1392 cunjusdematbletu,
665 1317 697 1374 in
707 1318 773 1392 ipsa
783 1317 895 1375 coeles·
947 1320 977 1374 et
992 1324 1051 1374 nen
1066 1320 1230 1375 seeundum
1246 1334 1419 1376 communes
1434 1323 1464 1376 et
1476 1320 1643 1378 ordinarias
1658 1322 1770 1378 naturus

66 1408 147 1466 siem
156 1407 240 1465 vires
255 1411 342 1480 atque
353 1406 468 1465 animes
478 1407 656 1465 resumebat.
672 1407 803 1482 Eratque
813 1407 894 1465 eire-
948 1405 1028 1480 leges
1046 1407 1194 1465 exstitisse
1209 1407 1297 1481 plane
1324 1409 1458 1466 madent.
1484 1408 1558 1465 Nam
1574 1409 1676 1466 statim
1704 1411 1772 1483 poet

67 1495 154 1553 teatio
166 1499 199 1553 et
213 1495 310 1570 quies,
322 1510 503 1570 sensumque
517 1511 634 1554 omnem
645 1496 797 1568 presentis
812 1495 893 1553 dolo·
948 1496 1108 1554 orationem
1125 1511 1213 1570 quem
1235 1500 1380 1571 martyres
1407 1497 1444 1553 ad
1474 1501 1564 1554 Deum
1593 1497 1722 1556 tulerunt
1739 1502 1773 1556 ut

67 1584 110 1643 n's
123 1585 279 1642 adimebat
290 1583 415 1658 prelatio
429 1584 535 1642 berum
544 1586 699 1643 verberum
712 1584 895 1643 :christiane
948 1588 1065 1658 purtem
1089 1584 1273 1655 acceleraret,
1292 1605 1308 1640 a
1330 1583 1444 1642 delores
1472 1602 1536 1642 eam
1559 1585 1739 1644 invaserunt.
1759 1607 1775 1638 s

70 1689 151 1742 eum,
164 1677 196 1731 et
208 1673 283 1730 nibil
297 1674 377 1747 apud
391 1688 446 1731 nee
459 1672 529 1730 mali
552 1673 674 1747 geritur.
687 1694 699 1725 ν
714 1672 778 1733 lton
793 1673 893 1732 minue
948 1672 1010 1738 Qua
1023 1673 1060 1731 de
1074 1689 1106 1731 re
1115 1673 1279 1731 audiendus
1288 1672 1426 1730 laudatus
1437 1673 1513 1730 idem
1529 1678 1650 1733 sumtus
1663 1681 1777 1749 Augus·

71 1761 189 1836 insigne
218 1761 292 1818 illud
308 1761 388 1837 qued
402 1762 439 1819 de
464 1761 616 1820 resedere
642 1761 673 1818 in
688 1761 894 1821 ecclesiasticis
909 1794 934 1862 B
948 1762 1109 1837 tinus(79).·
1126 1784 1141 1815 a
1155 1763 1391 1837 Deniqueeditus
1407 1766 1452 1819 est
1476 1767 1578 1835 partus
1605 1763 1765 1822 immature

69 1850 206 1908 historiis
215 1849 276 1924 (76)
291 1851 441 1908 memorie
463 1851 611 1924 preditum
630 1855 685 1909 eet.
708 1852 799 1910 Jueeu
815 1852 895 1910 enim
951 1867 1052 1909 mense
1067 1856 1212 1909 maturus.
1224 1852 1329 1908 Autem
1342 1855 1387 1908 est
1397 1850 1475 1909 euim
1491 1851 1644 1922 divinitus,
1661 1856 1694 1909 et
1715 1868 1773 1910 nen

69 1939 192 1996 Salustii
207 1940 344 2013 pretorio
358 1939 415 1997 sub
428 1939 546 1997 iuliano
561 1940 699 2013 punienti,
715 1940 764 1999 diu
780 1945 810 1999 et
829 1958 896 2000 eru·
951 1956 1006 1998 sue
1020 1944 1151 2013 tempere
1161 1957 1236 1997 unus
1252 1939 1326 1998 uteri
1339 1944 1505 2014 poneretur,
1521 1957 1557 1997 ue
1572 1956 1626 1998 eeu
1640 1944 1774 2015 tempure

71 2028 226 2086 deliesime
254 2032 360 2097 tortus,
384 2028 451 2086 lete
479 2029 556 2087 inter
570 2034 718 2088 termento
746 2034 775 2109 et
793 2046 897 2090 serene
951 2028 1046 2088 benur
1061 2030 1191 2104 martyrii
1206 2029 1381 2086 differretur.
1403 2030 1505 2085 tetum
1520 2033 1566 2086 eet
1579 2030 1712 2102 inquutn,
1729 2029 1775 2087 di·

70 2117 154 2175 rultn
170 2116 260 2174 illum
275 2117 383 2192 psalmi
392 2116 569 2175 versiculum
580 2119 705 2177 iterabat
719 2135 754 2176 z«
769 2118 897 2178 Coelen·
950 2119 1071 2191 uinitus,
1087 2118 1260 2176 utiudebito
1270 2117 1317 2174 die
1328 2119 1415 2174 loetue
1431 2118 1576 2184 ederetur,
1592 2118 1663 2175 dum
1674 2121 1774 2177 tamen

69 2207 187 2263 dantur
203 2222 317 2273 omnes,
333 2205 385 2278 qui
395 2206 519 2263 aderunt
530 2206 688 2280 sculptilia,
700 2212 730 2265 et
743 2209 792 2280 qui
807 2208 897 2266 ooufl·
951 2211 1033 2266 tauto
1043 2207 1194 2265 comitatui
1210 2207 1308 2264 debite
1322 2204 1457 2262 Felicitas
1472 2207 1651 2278 redderetur,
1664 2210 1743 2264 sete.

71 2295 147 2352 dunt
161 2295 196 2352 iu
213 2294 381 2352 simulacris
396 2295 469 2352 suis.
487 2297 897 2371 a...flune’1'hsodorum‚»
988 2296 1116 2370 Denique
1132 2296 1196 2353 eine
1211 2294 1353 2352 miraculo
1370 2297 1478 2352 lactum
1495 2312 1552 2352 nun
1569 2311 1634 2353 esee
1647 2295 1776 2365 videtur,

72 2383 347 2456 equitantibus«
362 2383 419 2458 ipsi
434 2399 487 2442 nee
502 2385 690 2458 pestinodum
706 2388 783 2460 upud
798 2387 898 2445 butio·
953 2390 986 2444 ut
1000 2402 1065 2444 oum
1080 2383 1253 2459 pater-,ultra
1263 2386 1383 2442 medem
1400 2384 1506 2451 iratus,
1516 2384 1661 2442 infantem
1670 2387 1776 2458 Perpe-

72 2472 172 2529 ebiam
186 2471 327 2543 vidimus,
343 2477 453 2530 etcum
467 2474 684 2548 requireremus
695 2476 732 2532 ab
746 2492 780 2533 ee
792 2476 817 2533 si
832 2492 899 2535 sen·
953 2480 1012 2533 tue
1027 2475 1149 2532 reddere
1164 2473 1318 2547 noluisset,
1335 2478 1369 2531 ut
1381 2474 1458 2548 apud
1472 2472 1564 2542 illurn,
1581 2473 1661 2530 sicut
1680 2478 1776 2547 autea,

74 2576 142 2618 sum
152 2559 268 2618 doloris
281 2560 445 2631 habuisset,
456 2579 492 2619 ex
506 2563 618 2637 integro
634 2564 758 2636 dicebat,
784 2564 899 2622 deleres
952 2565 984 2621 ln
999 2578 1112 2622 carcere
1127 2567 1320 2637 permaneret,
1336 2567 1365 2620 et
1378 2563 1416 2619 ab
1431 2578 1466 2620 eu
1493 2561 1661 2634 laetaretur,
1678 2561 1778 2620 nullus

74 2650 243 2723 sequidem
259 2666 363 2723 purum
383 2649 530 2708 sensisse:
546 2652 676 2710 astitisse
691 2659 789 2711 eutem
803 2670 901 2726 quem-
954 2659 1051 2710 eutex
1066 2653 1150 2710 laetis
1167 2653 1366 2710 subtractione
1378 2668 1514 2727 puerum,
1526 2656 1578 2710 eut
1592 2668 1626 2710 ex
1639 2668 1779 2711 mumma·

74 2740 144 2796 dnm
159 2740 366 2812 juvenem,qui
383 2740 500 2796 sedenti
514 2740 570 2798 sibi
585 2740 675 2799 linteo
690 2743 900 2800 candidissime
954 2750 1021 2800 rum
1035 2743 1145 2800 feruore
1160 2747 1281 2800 metram
1292 2741 1375 2799 dolor
1389 2742 1556 2799 inuaderet:
1573 2764 1588 2793 «
1600 2742 1682 2799 Tunc
1708 2740 1780 2814 quia

74 2832 104 2884 et
119 2828 247 2884 sudores
267 2833 437 2901 extergeret,
447 2832 476 2885 et
489 2845 594 2900 equum
610 2829 747 2904 trigidum
763 2832 900 2906 trequen-
955 2835 1155 2889 conseveruta
1169 2847 1216 2889 me
1231 2831 1329 2888 iniens
1350 2847 1496 2888 mammas
1524 2829 1655 2903 sculpere
1676 2834 1705 2886 et
1719 2845 1780 2888 me·

76 2922 123 2973 tar
136 2917 311 2974 infunderet
326 2935 333 2975 :
351 2922 381 2974 et
413 2917 454 2974 itu
478 2932 544 2976 esee
567 2918 742 2977 delectatum
770 2924 804 2978 ut
829 2925 901 2978 tune
955 2936 1022 2978 cum
1036 2920 1065 2977 in
1091 2936 1204 2977 earcere
1219 2934 1347 2986 munere,
1376 2918 1476 2976 statim
1504 2919 1589 2975 mitto
1604 2920 1640 2975 ed
1663 2922 1778 2992 putrem

76 3006 211 3063 maestior
225 3006 493 3078 lautussitqusude
504 3007 610 3082 deponi
621 3008 901 3082 deequuleoJussue
955 3010 1149 3083 Pomponium
1164 3009 1339 3076 Diaconum,
1369 3006 1524 3081 postulans
1545 3007 1709 3075 infantem
1725 3008 1776 3064 sed

80 3099 136 3152 est.
150 3116 166 3146 a
176 3094 440 3168 Deniquesenctus
449 3095 614 3166 Flauianus,
626 3098 711 3170 culus
720 3114 810 3173 supra
818 3115 901 3158 men·
956 3101 1040 3173 puter
1052 3099 1122 3156 dare
1134 3097 1239 3167 noluit,
1255 3103 1284 3156 et
1297 3097 1445 3172 quomedo
1456 3096 1534 3155 Deus
1553 3094 1656 3167 uoluit,
1681 3110 1778 3168 neque

80 3182 121 3241 tie
136 3199 199 3240 neu
213 3182 306 3241 semel
319 3183 397 3240 leeta
410 3187 465 3257 esi,
481 3183 557 3241 bunc
570 3184 633 3258 ipse
648 3202 733 3243 suum
751 3188 901 3246 revelatio·
916 3160 939 3229 G
959 3187 1009 3246 ille
1023 3187 1150 3261 emplius
1166 3203 1312 3244 memmae
1322 3185 1515 3245 desiderauit:
1527 3200 1622 3259 neque
1636 3184 1710 3242 mibi
1726 3185 1781 3243 ier·

84 3288 152 3330 nem
168 3273 346 3345 neratli'li:
364 3296 376 3324 ι
393 3272 465 3330 cem
495 3273 591 3330 adhue
618 3275 773 3351 episeopus
806 3281 907 3336 noster
953 3286 1059 3336 'rerem
1075 3276 1216 3349 lecerunt,
1236 3293 1273 3333 ne
1288 3273 1487 3333 sollieitudine
1502 3273 1623 3332 intumis
1639 3276 1669 3331 et
1682 3273 1782 3331 dolore

85 3360 167 3417 soles
181 3377 290 3434 passus
306 3361 420 3429 luisset,
431 3366 581 3422 ostensum
596 3369 642 3421 est
656 3364 728 3423 mibi
739 3366 805 3435 beo,
821 3368 906 3441 quasi
960 3380 1158 3424 mammarum
1172 3380 1369 3422 macerarer.»
1383 3362 1452 3429 oue
1466 3377 1538 3420 saue
1561 3362 1661 3420 emnia
1674 3363 1699 3419 si
1714 3360 1783 3434 quis

82 3448 264 3523 cyprianum
280 3449 378 3523 ipsum
393 3450 613 3525 interrogarem,
629 3469 666 3510 uu
682 3454 744 3527 peti
763 3453 839 3513 ictus
855 3457 907 3516 do·
961 3455 1100 3530 prereris
1118 3451 1271 3510 mireoulis
1300 3452 1407 3509 bebere
1421 3451 1504 3520 uelit,
1525 3449 1598 3508 illud
1618 3450 1724 3508 saltem
1740 3449 1783 3506 lu·

85 3538 177 3596 leret:
194 3538 308 3596 scilicet
318 3541 605 3614 martyriumque
619 3543 766 3616 passienis
781 3545 907 3602 tolerun·
947 3547 1059 3624 ⁸tester
1069 3558 1186 3601 neeesse
1200 3546 1254 3615 eet,
1272 3540 1430 3614 epectulem
1445 3540 1516 3598 bine
1534 3539 1649 3598 ostendi
1679 3538 1785 3596 diuinus

83 3628 125 3684 tia
136 3627 340 3699 consulebam,
355 3629 408 3701 qui
424 3629 497 3686 mibi
512 3631 674 3704 rospondit,
689 3636 719 3690 et
734 3632 821 3690 dixit:
842 3634 909 3692 lilia
962 3631 1103 3691 bonitatis
1116 3646 1187 3706 erge
1201 3646 1272 3688 suos
1283 3637 1425 3704 martyres
1441 3628 1664 3703 prouidentiam.
1680 3628 1723 3685 De
1737 3641 1782 3684 re·

88 3733 156 3774 earo
171 3718 296 3790 patitur,
312 3732 379 3775 oum
390 3718 545 3776 animuein
561 3719 633 3778 emlo
648 3725 703 3778 est.
718 3722 908 3796 Nequaquam
963 3738 1030 3779 rum
1044 3725 1143 3778 eutem
1153 3724 1303 3794 gesturum
1319 3720 1388 3788 lide,
1403 3719 1469 3792 ipsa
1479 3716 1657 3776 narrationis
1671 3714 1786 3790 simpli·

87 3822 194 3880 eerpus
207 3806 264 3863 boe
277 3807 376 3874 sentit,
390 3823 458 3864 oum
473 3809 651 3866 seDcotuta
679 3827 763 3868 meus
784 3812 908 3869 desevit.
963 3811 1038 3868 cites
1052 3826 1116 3883 quse
1130 3809 1317 3882 potissimum
1333 3808 1364 3865 in
1389 3813 1538 3882 Perpetua
1553 3806 1651 3865 verbis
1679 3805 1788 3875 eleuet,

85 3896 289 3961 ouibuesstl
300 3897 394 3952 sancti
405 3896 542 3970 martyris
551 3898 649 3956 verbis
658 3897 721 3957 baeo
735 3899 835 3971 adiicit
856 3902 910 3958 Ao-
963 3900 1099 3958 dubitare
1114 3915 1172 3956 non
1192 3898 1273 3955 sinit.

85 3990 182 4042 iorum
192 3983 370 4058 compilator
379 4002 405 4041 :a
417 3985 439 4043 0
449 3987 538 4044 verbu
547 3986 684 4063 martyris
696 3997 853 4063 martyrem
864 4005 910 4048 eo·
999 3989 1048 4046 111.
1057 3991 1237 4063 Argumenta
1251 4002 1315 4060 quu
1331 3984 1473 4042 hacteuus
1500 3983 1648 4059 prosecuti
1669 3996 1785 4053 eumue,

87 4073 233 4132 bortantis
244 4072 250 4128 l
262 4073 384 4147 Negavit
395 4090 461 4132 esee
475 4075 506 4132 in
519 4077 667 4149 passionis
694 4077 754 4135 ictu
778 4078 910 4138 dolorem
964 4077 1125 4153 generatim
1140 4078 1309 4144 ostenduet,
1324 4074 1472 4148 Perpetuis
1488 4074 1635 4146 sociisque
1648 4070 1788 4145 martyri·

86 4168 113 4219 et
126 4165 224 4236 quiet
236 4162 299 4235 ipse
313 4163 439 4221 babebat
456 4164 560 4238 occidi,
577 4164 700 4223 animari
725 4168 911 4226 constantine
965 4168 1022 4225 bus
1030 4165 1232 4247 propheticum
1242 4165 1380 4240 spiritum
1389 4162 1561 4236 neutiquam
1571 4161 1710 4220 defuisse:
1722 4175 1787 4233 que

87 4252 280 4326 posset,quod
296 4268 349 4310 neo
359 4266 481 4326 parvum
492 4269 613 4311 sensum
626 4255 735 4313 doloris
750 4256 780 4313 in
795 4259 912 4331 passio·-
965 4258 1052 4315 medo
1066 4256 1221 4328 subjiciam
1232 4257 1330 4328 aperte
1338 4254 1552 4321 demonstrant,
1567 4266 1657 4324 quarn
1679 4248 1788 4322 longis·

87 4343 202 4399 uisiote
228 4341 384 4399 timeret.»
400 4342 433 4398 ln
448 4342 521 4399 coele
551 4344 698 4417 Perpetuu
722 4362 781 4403 uon
811 4347 911 4405 minus
966 4338 1789 4404 eimeallontunistarumdoctrinieetinstitutiesauotos

87 4448 177 4505 quam
191 4431 329 4505 Cypriani
342 4431 584 4502 luisseanimum,
598 4435 775 4493 cumbeetiis
785 4436 910 4510 objecta,
958 4436 1085 4493 'eosdem
1100 4437 1244 4506 martyres
1255 4430 1395 4489 abluisse.
1411 4427 1656 4485 Montunistsrum
1673 4429 1792 4484 senten·

89 4522 164 4578 etub
178 4522 223 4578 eie
238 4526 353 4588 vesum,
377 4521 457 4578 nullo
483 4521 592 4580 doloris
616 4539 705 4581 sensu
726 4525 830 4582 edecta
856 4530 910 4595 est,
928 4528 952 4598 1)
967 4525 1010 4583 tia
1021 4525 1086 4597 luit,
1102 4527 1136 4581 ut
1150 4539 1185 4580 ex
1197 4520 1378 4579 Tertulliano
1393 4518 1501 4592 sepius
1516 4517 1694 4586 dictumest,
1711 4515 1791 4573 seles

89 4614 211 4667 unctus
226 4610 408 4684 Augustinus
422 4610 478 4668 sibi
494 4611 579 4670 iaeile
593 4613 750 4686 persuasit,
770 4615 820 4687 qui
834 4615 913 4674 bunc
969 4619 1036 4672 ante
1048 4613 1125 4669 diem
1138 4610 1240 4684 judicii
1256 4607 1396 4666 solemnis
1408 4607 1439 4665 in
1455 4607 1561 4664 oretum
1577 4609 1720 4681 martyres
1745 4619 1792 4662 re·

89 4701 233 4756 Actorum
248 4699 346 4756 leuem
358 4698 405 4756 bis
418 4700 515 4758 verbis
529 4700 660 4758 illustrat
673 4703 749 4775 (78):
767 4703 854 4761 «Ubi
866 4719 916 4762 era
968 4703 1130 4777 cipi.Quam
1139 4698 1470 4774 opinionemlliiidem
1478 4693 1791 4754 Tertullianusiulibre

89 4788 139 4846 illa
151 4787 276 4853 lemine,
287 4788 405 4860 quande
422 4788 458 4845 ad
474 4789 667 4862 asperrimam
678 4807 795 4849 vacuam
814 4810 846 4850 se
860 4809 915 4867 pu·
970 4796 1013 4850 lle
1026 4794 1131 4861 enimc,
1147 4792 1299 4863 Perpetuus
1309 4810 1324 4838 «
1337 4786 1505 4845 lenissime
1517 4785 1655 4861 martyris
1666 4807 1681 4836 ν
1691 4785 1792 4841 aucte·

123 4958 354 5091 g⁴lT05⁶W⁰V
372 4963 569 5043 aiqqn'tpqubev
593 4963 724 5041 βληθεῖσα
747 4965 839 5042 ταύρῳ
864 4982 917 5022 rru-
1006 4968 1170 5042 (76)Russu.
1186 4966 1238 5024 lib.
1253 4983 1273 5023 x
1293 4966 1360 5023 dist.
1380 4966 1486 5038 eccles,
1502 4981 1566 5037 cup.
1593 4964 1629 5019 36
1643 4980 1650 5031 ;
1666 4960 1792 5017 Sanetus

92 5053 124 5111 ΡΞ
161 5047 226 5109 quq·
256 5038 302 5092 καὶ
328 5038 428 5099 itm
453 5032 542 5094 ὄναὸλ
564 5039 639 5102 θείω
661 5037 731 5115 uod<
753 5043 802 5094 τοῦ
833 5039 904 5108 <esu
975 5039 1504 5114 Augustinuslib.xv111,lleoivitote
1521 5037 1583 5102 Dei,
1599 5032 1719 5105 oap52;
1736 5029 1790 5085 So·

91 5105 164 5181 μηδὲ
189 5107 313 5178 Moru
341 5100 384 5169 kt
410 5059 698 5183 &witbertinos
734 5107 835 5187 ἔχουσα
873 5083 918 5166 bib
976 5119 1071 5170 crates
1092 5110 1192 5170 ltere
1213 5103 1796 5187 llist.eoctee.,eep.l8ettii,sozome-

90 5180 139 5248 τήν
170 5175 271 5234 ibet&
298 5178 348 5237 sat
374 5176 428 5239 lut
519 5186 574 5238 τῶν
614 5182 843 5256 πεπιστευμένων,
872 5181 917 5238 καὶ
972 5201 1040 5254 nus,
1071 5153 1122 5239 lte.
1151 5199 1178 5252 v,
1206 5198 1270 5256 cap.
1300 5182 1333 5238 19
1357 5181 1456 5248 aceo,
1485 5172 1791 5244 Theodorit.,lrb.ur.

90 5249 205 5325 11111111
222 5250 289 5326 πρὸς
304 5250 421 5328 ΚΜ*
490 5252 675 5325 equestre.
976 5256 1033 5312 ilict
1046 5263 1154 5311 εοεαε..
1170 5269 1204 5309 ou
1227 5254 1285 5309 .10
1302 5254 1330 5308 et
1347 5250 1389 5307 ll.

109 5324 183 5407 ,(75)
198 5321 278 5379 'All’
306 5324 339 5394 b'
355 5296 433 5397 μῗᾶἕ
448 5320 474 5380 la
496 5325 534 5388 <it
557 5329 681 5404 γενναῖος
710 5320 834 5392 ἀθλητὴς
857 5321 918 5378 des·
1008 5326 1066 5400 (77)
1092 5325 1175 5397 Apud
1205 5270 1294 5380 Rutu.
1317 5323 1348 5378 tn
1378 5320 1453 5377 letis
1476 5324 1632 5376 sanctorum
1660 5312 1792 5384 liment,

89 5401 180 5463 νειζεν
207 5392 234 5449 ἰν
256 5397 291 5468 τῇ
313 5395 368 5521 6Ξο
388 5340 461 5471 orfus,
480 5395 525 5451 καὶ
548 5399 565 5468 ἡ
590 5396 675 5466 αὐτῆς
699 5392 848 5469 ἀνάληψις,
871 5392 918 5450 καὶ
962 5399 1065 5463 ludi,
1081 5395 1235 5469 etoqffl.
1297 5463 1302 5476 Ι
1518 5461 1523 5473 ι

89 5465 239 5528 ἀνάπαυσις
264 5464 309 5521 καὶ
348 5464 466 5537 seberto
492 5472 545 5523 τῶν
576 5463 791 5542 supercluduntur,
821 5466 852 5520 τὸ
874 5463 919 5522 λέ·
1010 5470 1067 5542 (78)
1082 5467 1175 5524 Suum.
1191 5467 1255 5537 280,
1267 5463 1339 5520 ultus
1355 5463 1416 5546 1011,
1437 5463 1473 5519 de
1497 5462 1601 5519 devere.

88 5558 147 5614 γειν
160 5536 216 5622 but,
230 5540 377 5613 Xptoutuvri
394 5538 462 5614 εἰμι·
479 5540 524 5596 καὶ
539 5540 604 5618 παρ’
618 5541 686 5614 ἡμῖν
712 5535 788 5593 οὐδὲν
814 5536 918 5616 φαῦλον
1009 5539 1067 5613 (79)
1080 5538 1174 5596 Serm.
1189 5537 1252 5606 281,
1269 5534 1308 5592 ul.
1325 5535 1499 5607 delituere,
1515 5534 1576 5590 tel.

90 5629 206 5684 γινεται.
