3900 6112
80 327 139 392 isi
826 325 1043 390 EPISTOLAE.
1723 342 1782 399 'iss

79 455 190 532 dpvdcvv
213 452 271 512 ὰντλ
291 455 341 510 τοῦ
363 450 483 531 τέλοχιῖν
504 451 568 516 τοὺς
593 450 783 528 ταλαιπώρους
798 453 899 529 ἀνθρώ·
914 459 942 528 Α
956 457 1133 516 etionislcco
1144 461 1244 532 jurare
1260 461 1347 535 cogit,
1364 478 1469 520 moniis
1480 466 1543 537 ejus
1554 465 1605 538 qui
1616 466 1780 539 portionem

77 568 147 610 mu<
169 543 321 622 ἀναγκάζοι,
345 543 467 619 κατέχων
493 540 657 620 ἀμφοτέραις
672 547 730 605 ταῖς
750 542 828 618 χερσὶ
842 544 898 617 (75)
954 547 1072 618 οοοορίέ,
1088 549 1231 606 ambabus
1246 551 1383 608 manibus
1394 553 1456 609 suis
1467 555 1694 628 comprehensae
1710 558 1778 615 rsti-

75 637 123 699 τὰς
147 638 197 692 τοῦ
222 627 365 702 λαὸόντος,
389 631 434 686 καλ
451 631 489 704 μὴ
507 628 582 706 ἀφεὶς
598 632 655 704 (76)
670 627 721 687 ἔστ’
738 631 767 686 liv
785 629 899 702 dpviev-
953 651 1038 706 nens,
1051 652 1102 692 nec
1113 636 1194 709 prius
1205 637 1367 707 dimittens,
1383 643 1572 715 qusmjurnti
1585 643 1642 700 iste
1651 645 1780 704 dixerint

74 723 236 788 recaluisse
258 725 361 778 ταῦτα·
395 725 453 782 τοῖς
482 720 534 794 γὰρ
559 717 659 774 irrisos
683 721 825 796 χρήσομαι
849 717 898 775 λό-
952 723 1037 796 (ipsis
1051 725 1130 782 enim
1146 730 1212 782 ulsr
1224 725 1305 785 illius
1319 729 1532 803 rorulentum
1544 731 1617 789 mihi
1633 750 1684 805 pei·
1713 751 1778 792 coi·-

74 830 153 890 γοις·
175 810 293 885 Ὂμοσόν
320 829 366 883 μοι
397 808 465 864 κατὰ
487 811 536 863 τοῦ
561 807 687 880 σώματος
712 807 757 863 καὶ
783 812 831 864 τοῦ
856 805 897 863 at·
951 828 1007 883 pus
1023 815 1239 887 eissnguinem
1260 817 1375 874 Domini
1401 819 1494 876 nostri
1515 820 1586 877 Jesii
1606 822 1724 891 Christi,
1748 827 1777 881 ts

76 920 161 975 ματος
184 904 233 955 τοῦ
259 897 359 974 Κυρίου
383 899 462 969 ἡμῶν
486 896 576 966 Ἰησοῦ
602 896 731 970 Χριστοῦ,
759 894 897 971 μηδέποτέ
951 917 1103 973 nunquam
1121 903 1197 960 758
1210 909 1309 976 partes
1322 922 1402 962 meas
1429 909 1626 978 deserturum,
1657 927 1709 967 nec
1739 912 1775 969 ad

76 1011 109 1064 με
132 987 291 1046 καταλιπεῖν
313 986 358 1041 καὶ
381 983 538 1062 ἐπιστρέψαι
561 984 629 1059 πρὸς
655 982 820 1061 Κορνήλιον.
846 986 896 1041 Καὶ
951 987 1116 1047 Cornelium
1133 990 1259 1064 amplius
1275 1009 1338 1050 esse
1353 994 1524 1053 rediturum.
1538 1000 1573 1053 nt
1588 997 1775 1058 miserhomo

74 1080 89 1134 ὁ
113 1077 211 1140 ἄθλιος
234 1077 377 1153 ἅνθρωπος
402 1072 432 1129 οὗ
450 1071 581 1149 πρότορον
597 1071 714 1148 γεύεται,
732 1073 755 1130 τέ
772 1074 810 1148 μὴ
826 1073 897 1151 πρό-
949 1094 1008 1134 non
1025 1077 1317 1153 priusgusial,quam
1328 1083 1458 1157 sibiipse
1469 1084 1579 1141 mulum
1596 1085 1776 1159 imprecatus

70 1186 151 1240 ττρον
171 1165 243 1238 αέτΐρ
266 1165 321 1238 (77)
345 1160 444 1237 (ἑαυτῷ
469 1163 541 1220 757
564 1161 689 1235 syncel.)
704 1163 895 1239 καταράσαιτο·
949 1166 998 1223 rit.
1015 1171 1131 1224 Etcum
1147 1168 1625 1244 ponemiilumaooipiensdicers
1654 1175 1776 1232 delinis-

71 1255 118 1311 καλ
142 1251 200 1310 ἀντὶ
224 1249 273 1310 τοῦ
297 1251 381 1308 οέπιῖν
403 1244 575 1323 λαμὸάνοντα
603 1251 649 1306 τὸν
676 1246 755 1326 ἄρτον
795 1249 896 1308 έκιῑνον
950 1258 1004 1324 set,
1019 1256 1123 1326 lmen3
1140 1257 1204 1328 ejus
1220 1257 1282 1314 loco
1296 1258 1386 1316 dicit:
1403 1258 1466 1316 Non
1482 1265 1611 1318 reverter
1637 1262 1776 1337 deinceps

70 1345 103 1400 τὸ
128 1343 216 1417 ’Δμὴν
241 1343 308 1415 (78),
330 1337 427 1400 Οὐκέτι
450 1339 540 1412 derlee>
564 1338 633 1415 πρὸς
657 1337 823 1415 Κορνήλιον,
849 1338 894 1396 λέ·
949 1342 986 1401 sd
1001 1344 1176 1403 Cornelium.

70 1452 125 1510 W·
227 1519 277 1575 Καὶ
295 1520 353 1593 μεθ’
366 1516 445 1594 έττρα
456 1515 538 1573 πάλιν
552 1517 637 1572 ταῦτά
650 1536 743 1595 φησιν.
1125 1506 1158 1561 Εἰ
1169 1512 1229 1579 W!
1239 1506 1297 1563 aito
1311 1523 1424 1565 rursum
1439 1507 1498 1567 haec
1508 1508 1597 1566 dicit:

108 1627 150 1684 ss'.
176 1623 248 1696 Ἤδη
273 1622 303 1680 δὲ
325 1621 378 1679 ἰ’σοι
402 1627 592 1698 γεγυμνῶσθαι
620 1623 665 1677 καὶ
685 1619 791 1700 έρημον
815 1643 894 1701 γεγο-
984 1626 1058 1684 Vlll.
1074 1627 1141 1684 tam
1155 1643 1221 1686 vero
1237 1629 1314 1687 scias
1324 1630 1408 1688 illuni
1424 1632 1569 1690 nudatum
1582 1649 1616 1690 so
1626 1633 1775 1692 desertum

68 1715 164 1773 νέναι·
192 1711 452 1787 καταλιμπανόντιυν
486 1711 566 1767 αὐτὸν
595 1712 653 1767 καθ’
690 1710 794 1788 ἡμέραν
833 1713 893 1769 λκά-
949 1731 1023 1783 esse,
1040 1716 1401 1791 iratribuseumquotidie
1416 1720 1774 1795 derelinquentibusetsd

69 1825 138 1874 οτην
166 1808 221 1858 τῶν
249 1800 384 1881 ὰδτλρῶν,
399 1801 445 1857 καὶ
473 1799 511 1863 εἰς
525 1801 576 1870 τὴν
607 1799 768 1871 Ἐκκλησίαν
782 1801 893 1879 έπανορ·
908 1829 932 1894 Β
948 1804 1108 1862 llonlesism
1122 1806 1321 1864 redeuntibus.
1333 1807 1424 1873 Quem
1439 1808 1528 1866 etiam
1544 1809 1658 1882 Moyses
1671 1811 1774 1869 beatus

70 1891 210 1970 χορένων.
235 1893 283 1946 “ov
304 1889 349 1946 καλ
375 1896 487 1961 Μωσῆς,
509 1890 523 1943 ὁ
554 1889 684 1966 μακάριος
704 1892 760 1966 (79)
778 1891 890 1968 μάρτυς,
946 1896 1066 1966 martyr,
1082 1893 1198 1967 egregio
1212 1898 1241 1952 st
1255 1895 1427 1953 admirando
1439 1898 1577 1971 martyrio
1591 1899 1772 1972 superspud

778 2019 945 2085 variorum
959 2025 1054 2082 noiae.

71 2143 136 2196 ssu,
150 2129 184 2182 ut
198 2141 265 2182 cuin
280 2127 397 2181 anctore
411 2122 532 2180 constit.
549 2126 648 2194 apost.
670 2123 721 2180 lib.
750 2140 801 2195 vii,
830 2143 892 2199 esp.
969 2126 1036 2183 sule
1051 2129 1118 2183 ante
1132 2124 1205 2182 dixit
1218 2124 1369 2183 Cornelius
1383 2124 1442 2182 ἀντὶ
1462 2125 1511 2183 τοῦ
1539 2125 1672 2205 εὐλογεῖν.
1690 2130 1773 2189 iiis·

68 2201 117 2266 28,
133 2196 245 2281 loquar.
261 2219 276 2247 ιι
293 2196 506 2251 Disconusnon
527 2193 624 2264 oilert3
655 2194 802 2252 oblatione
828 2214 895 2255 vero
947 2143 1082 2254 issenim
1105 2214 1171 2253 cuin
1193 2197 1405 2254 Eucharistiem
1434 2201 1470 2255 de
1498 2215 1588 2258 manu
1613 2203 1774 2260 sacerdotis

69 2269 109 2327 ab
129 2284 265 2342 episcopo
279 2271 331 2323 aut
346 2267 513 2340 presbytero
524 2265 609 2334 lecte,
624 2266 674 2322 dat
688 2266 805 2339 populo,
835 2286 894 2326 non
948 2269 1113 2341 acciperent
1141 2272 1295 2340 postquam
1325 2270 1478 2344 presbyter
1497 2271 1573 2328 inter
1598 2273 1774 2331 tradendum

68 2345 121 2397 tan
145 2339 373 2405 uamsacerdoe,
389 2338 439 2393 sed
454 2343 595 2407 tauquam
611 2338 661 2409 qui
682 2337 893 2398 ministrales·
948 2340 1060 2396 dixerat
1075 2341 1109 2396 Co
1145 2340 1297 2396 usDomini
1322 2343 1496 2414 respondere
1521 2343 1655 2400 solebant
1676 2344 1763 2402 limen

69 2356 247 2468 ceriotibus.
262 2432 277 2460 ν
307 2409 379 2490 ilinc¹
407 2407 645 2490 Carthaginiense
668 2410 893 2490 ivnconciliuin,
949 2356 1155 2468 uttesisiuih.
1172 2411 1385 2469 ambrosiusii
1411 2411 1461 2468 lib.
1489 2429 1517 2469 iv
1542 2414 1577 2470 de
1601 2386 1773 2472 sacramen!

68 2499 135 2540 can.
151 2481 197 2552 37,
212 2481 266 2538 boo
281 2483 431 2552 premittit
459 2484 621 2537 monitum:
636 2503 650 2531 ιι
680 2484 826 2539 iliaconus
852 2484 894 2540 its
947 2481 998 2550 tis,
1015 2498 1077 2555 ουρ.
1093 2483 1120 2538 5.
1137 2504 1152 2533 ιι
1169 2482 1242 2554 lirgo
1254 2498 1311 2539 non
1327 2483 1420 2540 otiose
1434 2500 1501 2541 cum
1517 2485 1636 2557 accipis,
1648 2489 1679 2542 tu
1698 2486 1773 2544 dieis

66 2549 801 2692 siriniensiillins-didiciiiiillt
815 2575 829 2604 “
842 2571 893 2682 „2⁰
946 2553 1772 2685 inivistiiiii‘tib⁰⁰illtiiii⁰l0t⁰itiiii·

64 2700 149 2754 sente
162 2665 340 2778 presbyterio,
356 2638 571 2778 Eucharistignni
585 2694 714 2766 eorporis
727 2641 894 2769 Christipo:
945 2640 981 2752 ht
991 2699 1022 2751 lu
1033 2667 1223 2778 dicishmen,
1239 2695 1269 2751 id
1285 2699 1329 2767 est
1343 2712 1454 2754 verum.
1470 2669 1485 2747 >i
1514 2645 1620 2755 ilieihn
1642 2715 1708 2755 inus
1722 2645 1771 2756 ssd.

65 2767 149 2841 pulo,
164 2783 190 2823 si
206 2769 365 2823 necessitas
383 2772 476 2837 cogat,
492 2781 597 2836 ynesus
627 2769 734 2836 erogat.
750 2787 765 2817 υ
793 2766 890 2839 Porro,
945 2765 1168 2823 naumachium
1182 2766 1321 2823 adversus
1331 2783 1445 2824 errores
1457 2767 1579 2825 loannis
1604 2716 1769 2842 Hierosoly-

65 2843 101 2896 nt
113 2837 252 2895 laudatus
262 2838 386 2908 scriptor
398 2838 504 2902 (lueet.
521 2841 608 2901 veter,
624 2841 652 2892 et
672 2852 738 2894 nov.
762 2838 889 2894 Teeism.
945 2838 1060 2894 mitani.
1077 2860 1092 2889 «
1108 2836 1169 2901 Qua
1184 2837 1363 2894 conscientia
1376 2839 1412 2894 sd
1428 2839 1640 2896 lluohsristiam
1661 2839 1768 2898 Christi

63 2909 130 2968 loco
144 2909 233 2966 citato
247 2909 391 2976 observet,
409 2929 423 2958 ιι
436 2908 527 2979 biajor
542 2907 612 2963 ordo
627 2907 705 2964 intre
718 2908 849 2966 sehabet
863 2915 892 2966 st
945 2909 1091 2977 accedam,
1108 2912 1136 2964 et
1150 2908 1331 2981 respondebo
1346 2914 1450 2977 Amen,
1474 2926 1541 2966 rum
1562 2911 1598 2967 de
1624 2911 1767 2968 charitate

63 2981 221 3038 minorem.
237 2980 390 3051 Presbyter
403 2977 481 3060 enim
496 2982 526 3034 et
540 2978 655 3034 diaconi
673 2978 735 3052 agit
761 2980 890 3039 cilicium
945 2979 1078 3036 dubitem
1092 2979 1170 3051 porri
1193 2979 1269 3035 entis
1281 2981 1295 3036 7
1309 3001 1324 3030 υ
1333 2979 1458 3068 (tyrillus
1481 2980 1765 3054 hierosolymitanus

62 3056 94 3109 et
107 3051 257 3108 exorcista
273 3057 302 3108 st
315 3049 443 3106 leotoris.
461 3053 647 3106 »consriiin
943 3050 974 3106 in
990 3050 1134 3108 catechesi
1159 2995 1285 3106 uitims:
1314 3055 1364 3103 Και
1392 3051 1441 3119 τὴν
1466 3048 1595 3114 κοιλάνας
1620 3050 1764 3125 παλάμην,

99 3123 159 3195 (75)
186 3118 366 3198 ’Δμροτέραις
392 3123 452 3182 τοιῐς
479 3118 568 3196 χοροί.
602 3120 791 3183 Οωίέέίέταῖς
819 3121 888 3179 edit.
943 3115 1025 3196 δέχου
1042 3120 1074 3175 τὸ
1102 3124 1182 3194 σῶμα
1209 3124 1259 3175 τοῦ
1281 3121 1407 3196 Χριστοῦ,
1431 3119 1564 3198 έπιλέχων
1593 3123 1637 3194 τὸ,
1662 3123 1763 3197 Ἀμήν.

64 3194 115 3252 Ste
139 3193 209 3250 han.
229 3194 350 3250 Srnora.
900 3199 923 3266 C
940 3193 1124 3266 Augustinus
1138 3193 1169 3248 in
1185 3192 1259 3250 libro
1273 3209 1322 3260 xii,
1335 3199 1436 3249 contra
1452 3194 1603 3266 Faustum,
1619 3211 1682 3267 osp.
1708 3195 1761 3252 10:

97 3265 159 3337 (6)
186 3260 276 3390 ’spele
306 3259 400 3339 Λριιλς
428 3262 474 3318 ed.
499 3262 598 3344 steph.
628 3260 749 3344 Srnors.
780 3262 885 3320 Statim
941 3264 1135 3322 ‹iflsbetsniin
1145 3263 1762 3338 magnoinvocemChristisanguieinterra,

59 3340 129 3409 post
144 3351 197 3408 pro
224 3334 264 3390 στ’
279 3330 309 3388 ἄν
324 3327 514 3407 syncellis<
530 3331 569 3388 ἂν.
589 3334 671 3406 Apud
695 3333 816 3406 Nioepb.
841 3340 884 3392 st·
939 3351 1004 3391 cuin
1021 3352 1054 3394 eo
1065 3339 1183 3409 accepto
1197 3336 1233 3391 sb
1248 3335 1386 3392 omnibus
1401 3336 1612 3406 respondeatur
1626 3343 1729 3393 Amen.
1747 3359 1762 3389 υ

60 3423 121 3481 qne
136 3423 193 3463 ms.
209 3404 332 3463 Norlolc.
345 3405 416 3461 ordo
427 3404 581 3460 verborum
596 3404 664 3459 κατὰ
680 3407 730 3459 τοῦ
758 3403 885 3478 σώματος
938 3406 1050 3478 Sepius
1065 3410 1163 3464 autern
1178 3407 1279 3462 lldeles
1297 3405 1375 3463 inter
1389 3406 1548 3463 missarum
1558 3406 1701 3464 solemnia
1715 3408 1763 3464 di·

57 3475 103 3534 καλ
119 3480 171 3532 τοῦ
185 3472 212 3531 al
238 3520 244 3535 .
262 3481 402 3533 mutatur.
419 3475 530 3532 Reum.
939 3479 1151 3534 cebantAmen.
1165 3481 1239 3533 Nam
1254 3483 1363 3533 etcum
1379 3478 1514 3534 sacerdos
1534 3494 1640 3551 panem
1664 3484 1693 3535 st
1720 3479 1761 3534 vi-

92 3547 155 3677 (Ὶγρ
172 3546 349 3676 Δέρρᾙυοο
360 3547 456 3631 iocum
468 3563 525 3630 nen
537 3545 884 3630 intellexeruntinterprs·
939 3565 1011 3632 num
1026 3552 1219 3617 consecraret,
1235 3547 1451 3672 respondebant
1461 3549 1556 3618 Amen,
1573 3554 1606 3607 ut
1626 3549 1763 3632 pluribus

56 3623 113 3676 tes.
154 3636 202 3676 am
243 3618 886 3690 usculuequidamitavertit:«litmieerbc-
938 3619 1052 3677 dicetur
1063 3620 1140 3676 inlrs
1163 3619 1199 3674 ed
1229 3635 1255 3676 c.
1302 3663 1310 3689 ,
1339 3619 1433 3687 ivn,
1467 3624 1497 3676 et
1520 3625 1586 3692 post
1607 3620 1761 3679 lectionem

53 3707 106 3748 mo
119 3707 180 3748 non
195 3692 368 3764 degustavit,
381 3689 437 3746 nisi
453 3689 581 3761 primum
596 3704 628 3744 ee
641 3686 684 3743 illi
695 3689 883 3747 devovisset.»
938 3690 1086 3776 Evangelii
1101 3696 1129 3747 sl
1144 3689 1367 3762 Prophetarum,
1382 3690 1474 3746 Amen
1490 3691 1585 3749 dicere
1600 3708 1689 3776 seque
1717 3693 1763 3766 ip-

51 3762 344 3834 christopborsonus
358 3777 425 3817 vero
441 3760 525 3832 quael
541 3759 665 3815 lineouli
679 3759 819 3817 insistens
837 3777 885 3818 ve·
938 3777 987 3818 sos
1002 3779 1026 3819 si
1049 3779 1118 3819 nere
1133 3766 1353 3828 consueverant,
1368 3765 1441 3817 teste
1457 3762 1621 3836 Augustino
1641 3781 1670 3820 in
1694 3764 1760 3838 lipi-

47 3833 158 3906 stigiis
173 3828 884 3902 vernihoomono:«Atqusinielixnonsnisda
938 3831 1014 3889 stola
1028 3779 1090 3890 ind.
1101 3832 1304 3889 visseins-
1328 3832 1432 3888 Statim
1462 3837 1529 3905 post
1557 3833 1681 3905 έπανήξω
1731 3852 1762 3893 ro

45 3904 200 3980 gustavit,
216 3921 304 3978 quam
319 3905 360 3961 ita
374 3920 405 3959 ee
419 3902 469 3984 illi¹
489 3901 690 3958 devovisset.»
714 3903 804 3969 Quasi
832 3919 885 3986 vox
937 3901 1038 4029 &vihw'
1060 3904 1178 3977 Synoell.
1207 3907 1236 3960 et
1262 3903 1428 3975 deceptores
1451 3904 1633 3974 invenerunt,
1654 3910 1683 3962 et
1707 3852 1758 3983 ihu

45 3974 134 4046 αὐτῷ
150 3975 305 4033 referretur
318 3975 354 4032 sd
370 3974 573 4030 Novatianum.
591 3972 649 4046 llgo
672 3971 758 4044 ἐαυτῷ
786 3975 885 4031 malim
937 3991 989 4048 pro
1018 3972 1070 4049 έγοι
1087 3992 1136 4032 ms.
1153 3973 1275 4045 Norfolo.
1288 3973 1398 4031 liconii.

39 4045 238 4121 lagereoum
252 4046 310 4104 ileo
347 4049 374 4101 io
401 4043 557 4119 syncello:
583 4044 660 4116 apud
688 4060 776 4115 quern
803 4049 883 4103 totus
972 4046 1028 4118 (79)
1043 4046 1090 4104 ’ον
1107 4044 1152 4100 καὶ
1173 4045 1273 4113 Μωσῆς
1302 4042 1484 4118 ὁμοκάριος.
1513 4045 1553 4103 De
1580 4045 1635 4103 hoo
1662 4050 1760 4119 Moyse

40 4115 104 4175 hio
123 4116 333 4174 locusitssori
356 4118 431 4172 itur:
448 4114 528 4170 liele
552 4112 648 4176 ἄθλιος
680 4115 821 4192 ανθρωπος
850 4114 880 4172 οὐ
937 4115 1170 4174 Romaanurbis
1194 4117 1361 4188 presbytero
1385 4115 1545 4188 cyprianus
1571 4116 1601 4172 in
1626 4117 1760 4198 epistolis

37 4186 193 4266 πρότιρον
216 4186 322 4256 γούσται
338 4186 361 4242 ri
390 4187 428 4259 μὴ
463 4184 592 4262 πρότερον
635 4185 723 4257 έοιυτῷ
763 4185 882 4262 καταρέ-
936 4187 963 4244 lo
987 4187 1198 4261 uitureaepiiis.
1215 4187 1266 4243 llio
1282 4192 1348 4258 post
1383 4187 1657 4243 assionemFabieni
1673 4187 1758 4244 Rom.

35 4278 148 4346 σριιτο.
162 4258 193 4316 ld
207 4264 271 4316 est:
291 4264 406 4342 :Atque
420 4256 468 4314 ille
484 4259 572 4341 miser
585 4274 643 4314 non
659 4259 740 4340 prius
764 4265 882 4343 gustare
936 4205 1017 4316 urhis
1032 4259 1160 4385 episcopi
1171 4258 1257 4315 Decio
1272 4258 1299 4325 2,
1314 4262 1343 4314 et
1357 4204 1445 4313 hiato
1456 4260 1548 4340 Coss...
1559 4274 1635 4313 anno
1650 4255 1759 4315 Christi

28 4328 881 4482 tiilitaiitiii{iiiiiiinlisisinlisis?
934 4331 1140 4460 {initiis
1155 4327 1581 4481 iiiisttiiiitllii‘ii
1591 4329 1760 4468 illiti?

24 4476 126 4543 Quis
140 4473 209 4529 licet
222 4473 252 4530 in
263 4473 318 4531 hoo
328 4478 512 4532 sacramento
534 4487 593 4543 quo
620 4470 799 4529 Novatianue
827 4473 879 4530 bo·
935 4472 976 4528 ibi
986 4473 1143 4530 defunctus
1158 4475 1212 4538 est,
1227 4486 1295 4528 oiim
1310 4472 1469 4526 mansisset
1485 4485 1514 4522 in
1530 4484 1645 4528 carcere
1673 4487 1759 4528 men·

26 4546 154 4605 mines
169 4542 292 4603 miseros
305 4544 450 4626 adigebat,
467 4543 574 4600 diserte
594 4559 732 4625 expressa
751 4560 808 4601 non
830 4545 879 4612 sit,
896 4559 1036 4627 Decem,
1052 4542 1115 4600 diss
1130 4560 1170 4626 xi,
1187 4547 1218 4597 ut
1232 4541 1339 4668 legitur
1350 4539 1379 4596 in
1395 4539 1484 4622 veteri
1494 4538 1569 4597 libro
1590 4542 1758 4626 depectit-l·

21 4616 145 4675 tacite
159 4618 256 4672 tamen
271 4614 511 4689 subintelligitur,
538 4617 571 4669 ut
599 4617 695 4669 notavi
720 4615 755 4671 sd
783 4616 880 4673 Amin.
936 4614 1019 4671 cibus
1035 4613 1249 4677 Romanisouo
1276 4612 1430 4669 confirmat
1443 4615 1531 4667 etism
1547 4612 1710 4685 Cyprianus
1728 4630 1758 4670 in

27 4680 271 4748 llsrcsllinum.
287 4687 374 4745 Porro
401 4687 431 4742 in
469 4690 573 4742 uctuor
597 4685 704 4741 nostris
731 4684 882 4743 codicibus
936 4684 1313 4757 llplslolaxv‚adbloysem
1332 4686 1362 4738 et
1388 4682 1548 4739 Maximum
1573 4686 1759 4758 presbyteros

31 4761 132 4816 llaz.
161 4755 238 4813 Mad.
259 4758 331 4815 l'uli.
347 4764 376 4815 et
390 4702 532 4813 Saviiieno
548 4755 653 4827 legitur
667 4755 755 4812 etism
769 4755 883 4832 καταρά-
936 4761 1092 4812 etcaetsroe
1107 4756 1297 4822 confessores,
1314 4753 1364 4810 ubi
1378 4753 1454 4810 inter
1469 4758 1572 4811 oestera
1591 4756 1652 4813 beo
1675 4757 1756 4813 dicit.

33 4846 136 4886 σαιτο
164 4828 331 4970 ροχγίριέοαο
350 4828 428 4902 apud
456 4825 581 4900 Synoell.
620 4826 806 4900 sareptensi.
836 4829 881 4885 ed.
937 4848 952 4879 ιι
967 4831 1041 4883 liant
1055 4843 1133 4883 rinno
1147 4827 1353 4910 magistrstnus,
1367 4829 1400 4907 et·
1410 4825 1547 4908 consules
1561 4827 1621 4884 sive
1634 4843 1757 4900 procon-

28 4868 152 4972 Stepli
248 4916 308 4956 iss.
331 4932 366 4942 -
394 4896 480 4969 λαυτΐρ
511 4898 604 4970 Syrios
617 4898 648 4962 i..
674 4900 751 4969 quod
781 4899 883 4972 probet
936 4897 1016 4953 sulse
1040 4913 1143 4953 annus
1166 4898 1319 4970 dignitatis
1345 4897 1512 4968 insignibus
1540 4902 1569 4954 et
1602 4898 1757 4955 duodecim

31 4968 206 5038 viriosius,
222 4987 255 5026 ec
290 4972 398 5029 relecto
413 4969 497 5026 nobis
511 4967 605 5040 megis
616 4968 720 5041 placet.
741 4969 882 5042 Nicepbo·
936 4968 1065 5025 issoibus
1079 4969 1249 5041 glorientur.
1266 4969 1337 5024 Eoos
1353 4966 1481 5039 dignitas
1489 4966 1613 5026 coelestis
1628 4969 1659 5025 in
1674 4969 1757 5026 vobis

33 5059 108 5100 xus
126 5039 213 5098 habet
228 4988 332 5114 issico,
348 5061 382 5099 ex
397 5057 454 5113 quo
468 5045 565 5097 tamen
581 5056 649 5095 euni
678 5039 784 5114 legisse
794 5112 799 5123 ι
811 5039 884 5112 αὐτῷ
936 5040 1057 5097 honoris
1072 5039 1307 5123 annui‘clsritate
1322 5037 1437 5120 signata
1451 5042 1505 5122 est,
1514 5039 1616 5122 etjam
1632 5043 1758 5123 'verten-

34 5112 324 5187 apparetsmora.
339 5109 801 5193 -serepdesrrebabereliruteri
832 5129 883 5170 uo·
937 5111 976 5168 tis
991 5112 1061 5167 anni
1074 5111 1232 5169 volubilem
1254 5108 1396 5166 circulum
1411 5112 1538 5165 victrinis
1586 5111 1665 5166 lona
1692 5111 1760 5195 din·

40 5200 118 5259 que
132 5183 311 5310 1[μοικιέιέοινι
340 5181 632 5268 notavit-strothius,
662 5184 770 5254 quibus
793 5130 884 5268 sides
937 5182 1077 5240 turnilsle
1099 5189 1281 5309 treppisgresss
1304 5182 1496 5306 iit'bVfflii
1506 5210 1540 5221 —
1564 5126 1597 5238 in
1625 5181 1761 5267 iipistqlis

39 5255 538 5409 dzediitiilitittiiii:i
553 5260 885 5450 ininitiabili
937 5259 1130 5395 tibitibi,
1145 5268 1315 5406 nllllllvl
1335 5266 1458 5445 ,pipi
1474 5257 1771 5408 ‚libitinis

44 5399 171 5532 illisi?
179 5398 884 5540 itlitbliiitilii‘iiiiiiiitiiiiidb
938 5396 1760 5550 sititisedidisti-lisiniiiiiiiitiiiisst

51 5539 175 5595 interea
197 5538 409 5611 jusjurandum
427 5543 548 5610 prolerre
570 5540 708 5619 ,aiseium
724 5542 812 5610 atque
833 5541 884 5597 da·
939 5539 1109 5619 deiunotuin
1125 5532 1536 5618 Valesius'existimetnitilnr
1559 5535 1649 5594 uehis
1659 5539 1757 5594 verbis

56 5613 137 5676 tuin,
151 5608 281 5667 schisma
294 5606 603 5668 luctuosumlleclesia
617 5609 821 5667 suctoritstem
836 5628 884 5670 ex·
938 5605 1240 5682 bucherianioatslegi
1262 5621 1293 5660 in
1320 5605 1471 5664 Fabiano:
1496 5626 1511 5657 ιι
1535 5551 1605 5664 ieet
1635 5612 1761 5666 mortem

60 5679 208 5741 eludendo
223 5689 395 5755 perpetuum
410 5681 542 5738 iaciebat.
559 5678 670 5738 nonin.
941 5682 1006 5819 ργυν
1020 5680 1159 5763 (Faltoni)
1181 5678 1296 5754 Moyses
1325 5682 1355 5737 st
1372 5674 1517 5734 illeximus
1544 5680 1707 5754 presbyteri
1731 5682 1762 5735 et

97 5748 155 5838 (78)
169 5751 242 5814 ’sict
255 5755 304 5815 τοῦ
319 5749 437 5817 electi...
458 5749 490 5812 τὸ
517 5749 616 5829 Ἀμὴν.
644 5750 709 5817 soe
735 5753 779 5816 est
805 5754 886 5837 qnod
967 5750 1272 5817 ioostritusdieosnss
1285 5746 1491 5832 conprehensi
1504 5750 1584 5831 sont,
1602 5750 1673 5821 etio
1696 5764 1767 5832 serg
