3892 6104
118 256 199 317 latu
618 258 721 321 PARS
743 256 769 319 l.
785 290 826 305 ·-
843 254 1097 320 nosnatura
1119 254 1326 321 mussula
1749 254 1829 319 tttt

117 390 257 447 Servatur
269 405 288 445 a
301 387 385 446 nobis
399 388 544 463 patienter
562 394 592 447 et
613 389 721 449 leniter
733 392 790 463 (72)
812 390 942 447 charitas
957 393 985 459 Α
999 386 1187 461 permittente
1200 388 1327 446 Domino
1339 391 1370 446 et
1389 387 1562 463 inspirante,
1584 388 1829 463 conscripsimus,

117 476 945 551 animi,collegiiboaor,vinculumtidei,etconcordirer·
1000 478 1139 549 quemad
1162 481 1191 533 ts
1214 493 1265 550 pro
1289 482 1393 535 mutua
1413 478 1569 535 dilectione
1591 478 1814 535 transmisimus

117 567 861 641 cerdatii.Propterbocetiamlibellumnuucli3lds
872 572 946 625 Bono
1000 566 1073 639 Opto
1090 571 1128 637 te,
1147 565 1235 623 irater
1248 565 1432 635 charissime,
1447 584 1564 639 semper
1579 568 1654 625 bene
1667 566 1773 625 valere.

115 658 268 714 Patientis
280 658 349 729 (74),
365 663 509 728 quantum
524 656 617 713 ualuit
631 664 732 715 nostra
747 656 943 714 mediocritas.

375 942 537 1000 bristout
560 944 587 999 S.
610 943 770 1001 Cl'Plllle
789 944 833 999 Ab
850 942 1030 1000 concaluit
1048 941 1178 997 CONTRA
1197 940 1384 999 aristoteli
1399 942 1565 999 STEPHANI

721 1086 757 1123 aa
777 1084 932 1124 nmnarrcrs
948 1084 1130 1123 enrrmarors
1149 1066 1216 1139 (75).

544 1194 657 1256 (Erasm¹
668 1208 694 1257 p.
710 1195 756 1245 333
773 1193 870 1244 Pamel.
886 1194 982 1257 Rigalt.
999 1192 1086 1243 Belus.
1103 1195 1189 1243 Oxou.
1205 1192 1274 1256 lips.
1291 1192 1387 1247 mre).

110 1438 316 1493 Annuuanrou
335 1436 417 1506 liujus
432 1434 564 1506 Epistola
580 1435 652 1491 istud
666 1443 705 1491 est
718 1434 793 1503 opud
817 1436 848 1491 o.
865 1436 993 1505 August,
1008 1434 1073 1489 tibr.
1101 1452 1129 1505 r,
1141 1441 1236 1490 contra
1258 1434 1410 1503 donatist,
1424 1449 1484 1505 cap.
1508 1432 1563 1488 23:
1580 1454 1595 1483 n
1607 1431 1648 1488 dd
1661 1434 1822 1506 Pompeium
1923 1420 1926 1425 ¹

149 1526 249 1595 inquit,
265 1526 349 1579 etiam
374 1524 472 1580 scribit
496 1525 651 1597 Cyprianus
674 1525 707 1579 de
730 1526 780 1579 hoc
803 1524 896 1580 eadem
921 1539 969 1585 re:
992 1524 1042 1579 uhi
1064 1530 1161 1595 operte
1188 1522 1293 1578 indicat
1317 1521 1495 1593 Stephanum,
1515 1536 1596 1593 quem
1618 1522 1748 1579 llomauae
1768 1524 1820 1579 Ec·

148 1614 244 1670 clesiae
256 1616 412 1684 episcopum
427 1618 492 1668 turre
505 1615 592 1677 tuisse
606 1612 762 1679 didicimus,
777 1628 832 1667 non
847 1611 937 1667 sotum
951 1612 1007 1667 sibi
1021 1611 1055 1667 ad
1070 1614 1122 1667 ista
1136 1626 1192 1667 non
1214 1612 1391 1679 consensisse,
1415 1625 1512 1667 oerum
1533 1611 1622 1665 etiam
1644 1616 1738 1667 matra
1750 1614 1820 1667 scri·

148 1703 235 1773 psisse
251 1706 335 1773 atque
348 1703 518 1773 precepisse.
536 1724 551 1752 a
566 1703 603 1757 lte
626 1718 681 1773 quic
696 1718 809 1756 rursum
833 1717 895 1772 cop.
910 1702 963 1755 25:
983 1720 995 1752 ι
1021 1702 1082 1756 tom
1103 1700 1155 1755 itta
1178 1713 1240 1771 (ιιι,β
1252 1700 1284 1754 in
1310 1698 1478 1771 Stephanum
1493 1700 1581 1755 iratus
1602 1698 1711 1771 effudit,
1727 1702 1818 1755 retra·

149 1798 223 1845 ctare
238 1790 315 1853 noto,
330 1790 396 1859 quio
410 1799 436 1844 et
450 1806 516 1860 opus
530 1806 585 1843 non
600 1796 648 1844 est.
662 1788 763 1843 liudem
777 1790 877 1860 quippe
891 1790 951 1859 ipsa
975 1788 1106 1844 dicuntur
1119 1804 1180 1861 pure
1190 1790 1252 1861 jam
1276 1790 1343 1845 satis
1366 1787 1491 1844 discrusa
1513 1794 1601 1851 sunt:
1615 1792 1642 1843 et
1654 1803 1688 1844 eo
1699 1797 1818 1862 prseter-

151 1880 194 1933 ire
207 1878 305 1934 metius
318 1886 358 1933 est
380 1893 443 1949 pace
464 1879 621 1949 periculum
642 1879 805 1949 perniciosa
828 1878 1008 1933 dissensionis
1031 1877 1196 1933 habuerunt.
1222 1876 1375 1950 Stephanus
1397 1881 1490 1933 autem
1514 1884 1539 1933 et
1553 1876 1728 1933 abstinendos
1741 1886 1822 1951 puta·

153 1976 231 2023 cerat
246 1969 295 2038 oui
309 1966 341 2021 de
354 1967 536 2038 suscipiendis
557 1967 697 2024 haereticis
719 1968 840 2038 priscam
862 1967 1088 2023 consuetudinem
1111 1967 1264 2023 conuellere
1285 1974 1476 2029 conaremur,-
1498 1966 1548 2023 iste
1571 1979 1663 2023 autem
1677 1968 1823 2038 quaestioni

151 2056 237 2128 ipsius
250 2056 414 2128 difficultate
426 2066 575 2129 permotus,
590 2066 618 2113 et
636 2058 739 2112 sanctis
752 2056 897 2113 olsorilatis
918 2058 1066 2113 vosmribus
1090 2057 1245 2128 turpissime
1265 2055 1410 2128 praeditus,
1429 2058 1458 2111 in
1481 2058 1585 2112 unitate
1597 2056 1639 2111 eit
1652 2056 1821 2113 manendum

149 2147 199 2217 qui
213 2146 319 2201 diuersa
334 2148 478 2202 sentirent.
494 2150 551 2214 lto,
575 2148 701 2217 quamuis
715 2147 878 2202 commotius
901 2146 948 2201 sed
961 2154 1052 2201 tamen
1073 2148 1196 2218 fraterne
1218 2144 1394 2218 indignetur,
1411 2146 1476 2200 eicit
1496 2152 1588 2200 tamen
1602 2161 1659 2218 poc
1674 2145 1821 2202 christiin

149 2232 279 2289 cordibus
294 2248 399 2304 eorum,
426 2243 455 2290 ut
479 2236 509 2290 in
523 2235 575 2289 toti
598 2234 798 2305 discrepatione
820 2234 929 2289 nultum
944 2238 1016 2290 inter
1038 2249 1080 2289 eos
1103 2234 1207 2289 molum
1230 2231 1383 2289 schismatis
1407 2234 1539 2289 oriretur.
1558 2253 1573 2282 r»
1594 2237 1734 2289 Hactenus
1749 2232 1822 2303 site,-
1935 2284 1941 2289 .

147 2335 212 2393 (ιιι)
224 2322 365 2393 proliatos
378 2322 526 2377 citavimus
539 2337 570 2377 eo
584 2322 653 2393 quod
675 2322 798 2377 antidoti
820 2323 877 2377 sint
892 2322 959 2390 loco,
983 2320 1113 2379 adoemm
1127 2336 1171 2378 eos
1183 2323 1233 2394 qui
1254 2323 1320 2377 hine
1341 2322 1459 2378 schisma
1483 2336 1566 2376 suum
1581 2336 1599 2376 a
1612 2322 1733 2378 Romano
1746 2322 1822 2377 Pon·

147 2410 221 2480 since
233 2409 400 2480 confirmare
413 2412 550 2465 nituntur.

146 2552 251 2608 1128
270 2552 579 2608 Cararasosl'onrsro
599 2553 654 2621 (76)
674 2566 778 2609 rsarm
798 2568 937 2609 assumar.
954 2551 1179 2624 Beramplum:
1209 2568 1268 2624 quo
1303 2551 1388 2625 lecto,
1427 2551 1523 2625 megia
1558 2566 1592 2607 so
1630 2550 1725 2624 magis
1753 2551 1820 2623 elus

147 2640 171 2696 l.
188 2643 361 2712 Quanquam
382 2658 456 2712 pene
477 2658 511 2697 ea
535 2657 600 2713 qus
625 2641 660 2697 de
684 2642 828 2698 hereticis
843 2641 940 2713 bapti·
995 2658 1123 2697 errorem
1146 2640 1311 2705 denotabis,
1326 2640 1376 2712 qui
1395 2639 1596 2696 baereticorum
1618 2655 1737 2696 cauum
1750 2656 1819 2696 con·

109 2730 215 2786 randis
230 2730 355 2785 dicenda
371 2734 441 2785 sunt
465 2730 608 2801 complexi
635 2746 739 2786 samus
754 2730 783 2785 in
809 2730 942 2803 epistolis
995 2736 1041 2787 tra
1056 2729 1237 2786 Christianos
1260 2735 1289 2785 et
1311 2732 1413 2785 contra
1435 2728 1591 2785 Ecclesiam
1618 2728 1666 2785 Dei
1689 2744 1822 2786 asserere

111 2834 238 2891 quarum
256 2818 291 2875 ad
308 2824 336 2874 te
346 2817 719 2891 exemplatraasmisimus,
731 2817 942 2875 iraterebaris-
995 2823 1127 2875 conetur.
1144 2818 1216 2874 Nam
1232 2816 1310 2874 inter
1322 2823 1427 2874 catera
1439 2817 1484 2872 rel
1497 2815 1624 2889 superba
1638 2816 1706 2889 (ts),
1722 2816 1768 2873 uel
1783 2817 1820 2873 ad

111 2908 206 2975 sime;
221 2911 320 2962 tamen
333 2910 403 2978 quia
413 2907 584 2963 desiderasti
596 2906 625 2962 ia
640 2906 773 2962 notitiam
784 2912 864 2962 tuam
877 2922 940 2978 per·
996 2924 1057 2964 rem
1069 2924 1127 2963 aon
1138 2906 1324 2979 pertinentia,
1334 2905 1380 2963 vel
1388 2905 1445 2963 sibi
1455 2905 1512 2976 ipsi
1523 2904 1679 2973 contraria,
1690 2922 1754 2975 que
1763 2905 1819 2961 im·

111 2997 181 3053 sarri
197 2996 267 3068 qaid
284 2996 356 3050 mibi
372 2995 407 3051 ad
420 2994 534 3052 litteras
546 3000 661 3051 nostras
672 2996 839 3068 Stephanus
853 2994 942 3051 irater
995 2994 1088 3066 perite
1098 2997 1186 3065 atque
1195 2992 1357 3065 improvide
1365 2992 1492 3065 scripsit,
1502 2991 1592 3049 etiam
1602 2990 1674 3048 illud
1687 2990 1823 3064 adlumit

109 3084 170 3157 (77)
196 3088 296 3139 noster
321 3082 514 3156 rescripserit,
540 3083 607 3139 misi
636 3084 689 3139 tibi
713 3083 847 3155 rescripti
876 3085 941 3154 eius
995 3082 1169 3139 abdicaret:
1193 3082 1225 3137 Si
1245 3082 1307 3153 quis
1329 3096 1394 3151 erpo
1417 3081 1475 3153 (79)
1498 3097 1517 3137 a
1538 3096 1701 3155 amenaque
1721 3074 1823 3137 bared

777 3236 888 3316 steph.
911 3234 1029 3297 Baluzii
1051 3239 1147 3296 notas.

144 3368 202 3439 (72)
219 3368 337 3423 Leniter.
354 3367 399 3423 lta
422 3372 543 3423 sanctus
564 3366 759 3440 Augustinus.
782 3367 938 3437 lib.1v,de
992 3366 1238 3440 scriptumestin
1262 3366 1292 3421 in
1318 3364 1417 3422 codice
1442 3364 1687 3422 Floriamasisd
1721 3369 1821 3425 stetui
1890 3330 1897 3387 ῥ’

108 3442 250 3511 baptismo
261 3444 362 3496 contra
372 3439 550 3504 Donatistae,
563 3455 626 3511 cap.
637 3441 664 3503 8,
676 3444 705 3494 et
714 3439 765 3494 lib.
778 3456 805 3501 v,
817 3455 880 3511 cap.
893 3440 936 3508 17,
992 3439 1148 3495 Paternitos
1165 3440 1270 3505 Vestro,
1281 3453 1348 3493 oum
1363 3436 1450 3510 vulgo
1462 3440 1538 3493 recte
1551 3436 1664 3509 legatur
1694 3438 1819 3493 ratuni·

111 3513 153 3568 lta
168 3512 258 3566 etiam
273 3510 363 3566 editio
379 3510 513 3573 llorellii,
528 3510 629 3566 decem
650 3509 715 3565 iibri
730 3511 833 3579 nostri,
849 3515 878 3567 et
892 3526 937 3567 se·
992 3514 1034 3565 tus
1050 3514 1159 3565 Vestra.
1175 3513 1209 3563 u.
1225 3510 1254 3565 P.
1279 3508 1447 3565 Harduinus
1461 3509 1492 3564 in
1517 3514 1597 3566 tome
1611 3508 1740 3566 meando
1754 3507 1817 3565 edi·

128 3588 188 3639 tcm
208 3581 369 3653 anglicani.
386 3582 537 3647 Erasmus,
553 3582 711 3653 Manutius,
723 3588 751 3637 et
765 3583 856 3637 codex
870 3586 937 3638 Cor·
991 3580 1080 3637 tionis
1095 3598 1155 3636 sua
1168 3578 1373 3645 conciliorum,
1384 3595 1451 3652 pag.
1464 3580 1544 3648 teos,
1555 3580 1647 3636 trudit
1660 3578 1814 3653 epistolam

110 3600 251 3723 gaiensis,
266 3655 394 3723 tirmiter.
992 3652 1108 3709 concilii
1124 3649 1281 3708 Milevitaui
1297 3651 1333 3707 ad
1344 3653 1537 3708 innocentium
1547 3653 1652 3723 Papam
1666 3652 1774 3709 babere
1784 3652 1814 3708 in

144 3725 204 3797 (73)
218 3725 305 3779 Nunc.
328 3724 386 3779 Hoc
409 3721 594 3793 vocabulum,
635 3723 691 3778 uod
717 3724 747 3777 in
770 3721 938 3796 posteriori·
992 3722 1091 3780 codice
1112 3721 1226 3779 bustelli
1249 3723 1474 3779 reverendissimo
1497 3724 1582 3779 Patre
1603 3724 1771 3781 Innocentio.
1786 3722 1818 3779 Gi

110 3796 166 3851 bus
180 3795 359 3851 editionibus
374 3794 530 3862 exciderat,
545 3810 611 3850 cum
649 3794 771 3850 abeatur
785 3795 815 3849 in
835 3794 938 3850 editio·
992 3794 1035 3851 ba
1051 3794 1107 3851 scri
1129 3799 1202 3851 tara
1213 3811 1271 3850 non
1281 3798 1380 3851 essent
1392 3793 1482 3862 laisa,
1493 3793 1646 3851 habuisset
1660 3793 1817 3865 Gregorius

109 3868 200 3923 nibus
215 3866 328 3922 ltrosmi
352 3870 380 3921 et
395 3863 517 3932 Morclli,
541 3882 595 3921 nos
609 3867 807 3921 revocavimus
829 3882 863 3921 ex
882 3866 938 3921 lide
992 3868 1093 3939 papal
1139 3864 1269 3991 aliguam
1285 3866 1400 3949 Justam
1425 3881 1544 3921 eausam
1568 3866 1765 3991 coazuerendi
1781 3866 1818 3923 de

107 3936 253 3995 tredecim
265 3936 474 4009 exemplarium
484 3942 651 3993 nostrorum
663 3940 692 3992 et
702 3936 937 4063 guatuorhngli-
992 3937 1136 4011 episcopis
1151 3937 1192 3993 Ga
1205 3936 1319 4003 licams,
1335 3939 1385 4008 qui
1401 3936 1532 3993 Romarm
1547 3937 1625 4007 ponti
1649 3936 1675 3991 oi
1689 3938 1819 3993 seriben-

106 4024 262 4067 esuorum.
280 4008 360 4063 ldem
375 4007 560 4074 vocabalum,
578 4010 654 4081 quod
675 4025 692 4063 s
731 4008 938 4064 oraniensibus
992 4007 1816 4077 tesillumvocaverunttratrem,dumconpruenttusessst,

104 4096 229 4155 quoque
243 4081 388 4135 omissum
410 4084 482 4147 erut,
499 4086 599 4135 sancto
623 4080 788 4151 Augustino
803 4079 936 4136 reddida-
992 4080 1098 4152 inquit,
1114 4080 1201 4134 sotum
1215 4080 1241 4135 ei
1255 4082 1436 4136 reuerentiam
1450 4084 1594 4149 paternam
1611 4080 1749 4135 exhibere.
1767 4082 1817 4135 la·

102 4156 182 4209 rant
194 4151 357 4207 doctissimi
366 4150 419 4205 viri
431 4150 540 4223 quibus
552 4151 693 4207 debemus
703 4167 805 4206 novam
817 4167 937 4223 operum
992 4156 1038 4207 ter
1053 4150 1197 4223 Epistulas
1211 4151 1330 4206 Adriani
1344 4167 1424 4223 papa
1440 4148 1476 4205 lV
1491 4150 1634 4224 reperitur
1644 4166 1705 4205 una
1718 4150 1748 4206 in
1759 4163 1817 4222 qua

101 4224 280 4281 aditionem.
951 4227 973 4294 c
992 4222 1196 4294 imperatorem
1214 4222 1391 4278 Fridericum
1407 4222 1504 4294 arguit
1518 4222 1595 4293 quod
1609 4222 1644 4276 ad
1661 4236 1728 4277 eum
1744 4221 1816 4278 scri·

140 4294 203 4365 (rt)
219 4294 353 4349 Libellum
366 4293 399 4348 de
414 4295 489 4349 ltono
506 4294 663 4364 patientis.
688 4292 786 4349 lleiert
801 4294 879 4348 buno
894 4291 935 4349 lo·
992 4294 1065 4351 beas
1079 4311 1167 4350 suum
1183 4309 1289 4350 nomen
1300 4293 1491 4366 preposuerit
1501 4292 1613 4349 nomini
1624 4308 1716 4365 papis,
1727 4294 1816 4363 inquo

97 4381 178 4422 uum
193 4370 314 4420 sanctus
325 4364 518 4436 Augustinus,
531 4364 580 4419 lib.
592 4381 630 4431 ιν,
646 4364 679 4420 de
690 4366 827 4433 baptismo
840 4372 936 4420 contro
991 4366 1158 4435 insolentie,
1187 4381 1222 4418 ne
1242 4364 1332 4419 dicam
1356 4365 1535 4435 arrogantem,
1561 4366 1655 4419 mitam
1683 4366 1815 4421 incum's.

100 4436 288 4501 Donatistae,
305 4452 337 4491 ca
362 4477 368 4489 .
382 4436 409 4501 8,
426 4442 454 4490 ot
467 4436 518 4492 lib.
534 4452 561 4498 r,
577 4452 641 4507 cap.
661 4436 703 4489 tn.
991 4436 1044 4493 llla
1059 4452 1144 4508 porro
1159 4434 1288 4507 Gregorii
1306 4435 1343 4491 lv
1354 4435 1583 4507 epistolaexstat
1596 4433 1674 4507 apud
1685 4435 1816 4507 agobar-

142 4508 206 4579 (75)
222 4508 315 4563 Emer.
332 4452 450 4561 ffxle.
466 4539 499 4548 —
515 4506 595 4562 llane
614 4505 779 4576 epistolam,
800 4522 863 4575 qua
879 4506 936 4578 pri·
991 4509 1074 4577 dum,
1086 4506 1671 4579 etputabaturesssagobardidoaecvir
1682 4504 1818 4563 illustris·

99 4594 158 4635 mo
177 4578 257 4633 edita
271 4582 316 4634 est
327 4580 363 4633 ab
375 4577 505 4641 Erasmo,
518 4578 609 4634 citant
619 4584 739 4633 sanctus
754 4577 938 4647 Augustinus
991 4578 1087 4634 simus
1103 4582 1203 4633 Petrus
1214 4578 1249 4631 de
1260 4578 1492 4634 Mamaostsadit
1501 4577 1581 4634 illam
1596 4594 1662 4635 esse
1673 4576 1815 4651 Gregorii,

98 4648 161 4707 lib.
190 4650 263 4704 vde
283 4650 424 4719 septiens
445 4650 574 4704 aduersus
600 4650 765 4711 donatistas,
789 4664 853 4718 cap.
882 4650 937 4715 23,
993 4648 1764 4723 subcujusnominesditaanobisestiutsropersh
1805 4680 1817 4693 ·

98 4727 136 4779 at
152 4720 206 4775 lib.
225 4736 263 4782 vt,
287 4734 351 4790 cap.
367 4720 403 4785 7;
428 4726 457 4775 et
476 4720 641 4787 Facundus,
666 4719 717 4775 lib.
732 4737 760 4787 x,
784 4735 848 4792 cap.
864 4720 891 4787 3,
908 4720 937 4775 in
992 4720 1086 4777 bardi.
1103 4721 1178 4775 Tum
1195 4736 1261 4775 vero
1277 4720 1309 4775 li.
1326 4720 1357 4775 P.
1374 4720 1507 4778 Labbeas
1522 4720 1643 4777 illumin
1659 4737 1753 4805 appan
1774 4736 1818 4777 ree

97 4790 189 4850 libro
204 4801 302 4847 contro
316 4790 477 4847 llocionum.
992 4790 1063 4847 tomi
1079 4791 1196 4862 septimi
1212 4790 1407 4847 Concilioram
1423 4792 1520 4865 posuit
1541 4796 1571 4848 et
1583 4798 1818 4849 mouurtexstara

146 4864 208 4933 (76)
223 4864 360 4932 Pompeio.
386 4863 527 4935 Episcopo
551 4861 719 4919 Sabratensi
744 4860 773 4916 in
790 4860 939 4943 provincis
993 4862 1070 4935 apud
1081 4862 1279 4935 sigobardum,
1291 4863 1427 4919 littamen
1441 4864 1513 4920 nr.
1521 4837 1690 4921 ilarduinue
1699 4864 1817 4919 intumo

98 4932 305 5005 Tripolitana.
319 4933 810 5004 interluitconeilistsrthsginenn
822 4932 938 5004 subCy·
993 4938 1097 5004 quarto
1112 4932 1249 4990 editionis
1265 4951 1335 5005 sua,
1351 4950 1417 5007 pag.
1434 4936 1514 5001 1275,
1528 4951 1686 5007 suppresso
1698 4932 1817 4991 nomiae

127 5006 226 5061 riano.
242 5003 670 5085 Conciliossabarsussitanoet
684 5004 938 5085 Bagatensiinter·
994 5011 1016 5060 Α
1039 5005 1150 5068 obardi,
1176 5006 1291 5061 monuit
1313 5022 1345 5062 ee
1369 5006 1449 5062 illam
1473 5008 1558 5063 edere
1582 5024 1617 5061 ex
1640 5004 1819 5062 bibliotheca

110 5078 167 5133 'uit
184 5075 314 5131 Donatus
337 5092 492 5159 episeopus
515 5076 711 5133 Sabratensis.
736 5076 766 5131 ln
787 5075 939 5131 collatione
996 5022 1183 5140 Fssriscoasi,
1196 5077 1244 5133 ubi
1256 5094 1314 5133 non
1325 5082 1429 5134 exstat.
1441 5077 1512 5135 Vide
1523 5074 1819 5149 aotasadepistolam

97 5148 209 5221 prima
223 5147 455 5219 Carthaginensi,
473 5165 497 5203 c.
513 5149 572 5213 133,
590 5148 758 5203 nominatur
770 5146 939 5228 Nudosepi·
994 5165 1062 5209 ιιιι.
1098 5190 1105 5203 .
1122 5165 1150 5219 g.
1166 5149 1227 5203 429.

98 5234 222 5345 εοιιιίριῖιι
236 5218 520 5344 Sabratensgsssvide
534 5220 692 5275 editionem
709 5225 838 5274 nostram
855 5218 941 5273 istius
995 5166 1235 5346 Α(Ἱῗιῗιιιριιὶιαῑ.
1251 5219 1401 5346 Ειιῗιιιιιι,
1416 5223 1476 5275 tres
1491 5218 1558 5345 libzi
1574 5217 1678 5286 nostrl,
1694 5222 1822 5344 ᾳιιῖιιοι

99 5308 142 5349 co
171 5306 291 5351 einins,
328 5306 453 5345 affl.
1021 5307 1037 5345 n
1071 5307 1147 5347 ream
1182 5306 1306 5346 saecun
1343 5306 1521 5347 euersacua.
1549 5308 1567 5346 a
1595 5306 1695 5347 unere
1716 5306 1743 5347 ιο
1813 5320 1822 5333 ·

147 5362 209 5429 (77)
216 5305 370 5432 Stephogeugs
380 5362 476 5431 furter.
490 5361 519 5415 ln
532 5378 589 5415 uno
600 5360 700 5416 codiee
711 5358 854 5429 regiosori
860 5364 941 5430 ptum
995 5307 1094 5418 turgad
1106 5308 1275 5433 sapeprbmn.
1292 5308 1457 5419 Leotii'nem
1472 5368 1604 5420 nostram
1618 5306 1727 5421 bausit
1741 5306 1823 5421 wogte-

108 5438 161 5489 est
174 5438 264 5503 poter.
281 5432 315 5487 Et
330 5432 406 5487 inira
421 5433 450 5487 in
467 5432 541 5487 libro
553 5431 776 5501 compendiensi
793 5435 822 5487 et
838 5432 866 5485 in
884 5445 941 5484 uno
997 5450 1029 5489 ra
1046 5433 1234 5506 exemplaris.

110 5520 184 5560 meo
200 5504 339 5574 Stephano
355 5508 437 5559 Putre
450 5506 552 5567 nostro,
570 5504 630 5575 pari
647 5519 744 5557 errore
759 5517 817 5572 quo
833 5502 940 5557 iactum
1033 5506 1087 5575 (79)
1102 5506 1210 5577 Siquis
1224 5520 1297 5573 erpo.
1323 5503 1417 5560 Verba
1440 5508 1511 5560 sunt
1532 5520 1566 5561 en
1591 5503 1717 5577 epistola
1738 5520 1823 5579 papas

112 5580 163 5632 est
178 5584 209 5630 ul
225 5574 254 5629 in
271 5578 291 5629 ii
314 5574 399 5630 istola
413 5576 506 5631 sancti
522 5574 650 5646 Gregorii
663 5590 743 5645 papa
758 5573 792 5627 ad
811 5575 943 5629 Victorem
997 5575 1137 5648 Stephani
1146 5575 1237 5633 relata
1246 5590 1336 5649 supra
1346 5576 1376 5631 ia
1384 5574 1551 5650 epistolaad
1563 5576 1746 5650 Pompeium,
1752 5592 1821 5651 pag.

114 5648 277 5720 episcopum
289 5591 532 5715 Banormitanum,
556 5645 607 5702 lib.
621 5661 671 5717 vu,
695 5644 796 5701 indict.
814 5647 840 5713 1,
856 5643 942 5717 epist.
980 5714 983 5719 Ι
997 5648 1059 5703 138.
