3900 6112
42 194 49 209 Ι

34 272 115 347 ,865

649 266 856 339 BPlS'l'ObAE
877 268 1174 337 SUPPOSITI'HAE.

280 550 382 701 au
430 550 483 703 s.
533 546 984 705 oouuuuuu
1026 426 1533 707 aretinarum.

1699 276 1761 343 eea

1580 412 1763 423 ———...

668 938 937 1023 APPENDIX
968 936 1157 1024 PRIMA.

608 1238 791 1295 aristeum
806 1238 873 1294 IPSI
886 1234 998 1293 FALSO
1015 1235 1211 1293 ASGRiPTAE.

292 1408 368 1466 sae
384 1408 561 1465 caterona
575 1409 587 1464 1
602 1408 652 1482 (a).

56 1568 218 1611 conusmus
253 1567 400 1607 serscorus
431 1568 531 1606 enirm
574 1566 709 1606 aueucruo
736 1564 884 1606 viennensi

286 1624 512 1679 auarusmsaoeo¹
529 1638 663 1679 saturari.

96 1819 191 1887 Scias,
222 1817 310 1873 irater
338 1815 537 1885 beatissime¹,
573 1832 671 1873 aream
704 1817 887 1873 Dominicnm

57 1914 148 1967 vento
163 1906 375 1980 persecutionis
388 1906 529 1962 acerrime
544 1906 731 1971 commoveri,
742 1911 771 1962 et
785 1907 888 1963 edictis

57 2000 272 2069 imperatorum
293 1996 474 2052 Christianos
493 1996 599 2066 ubique
619 1997 775 2051 tormentis
800 1996 889 2051 variis

58 2088 151 2143 atilci.
167 2086 240 2141 Nam
257 2085 286 2139 iu
303 2086 374 2140 urbe
389 2086 481 2141 Roma
497 2084 664 2155 prefectus³
689 2085 726 2141 ad
751 2085 804 2140 hoe
819 2100 888 2140 cuu-

58 2176 186 2235 stitutus
200 2179 255 2232 cst.
273 2176 352 2231 Unde
368 2190 460 2245 neque
475 2174 601 2247 publice,
618 2190 712 2247 neque
732 2174 761 2229 in
782 2174 890 2247 cryptis

61 2266 230 2324 notioribus
245 2265 351 2320 Missas
367 2279 451 2336 agere
466 2263 641 2319 Christianis
660 2262 737 2319 licet.
755 2264 892 2320 Exhorta-

60 2359 114 2412 tur
140 2357 240 2427 itaque
262 2354 390 2410 charitas
417 2359 512 2409 vestra
541 2369 643 2409 omncs
671 2354 822 2409 eredentes
860 2354 890 2409 in

61 2445 227 2511 Christum,
253 2462 288 2499 ne
315 2444 438 2498 timeant
465 2443 585 2514 eosqui
609 2442 746 2498 occidunt
773 2458 891 2515 corpus,

63 2535 117 2591 sed
132 2535 231 2607 potius
246 2549 312 2588 eum
333 2532 383 2603 qui
399 2531 487 2587 habet
503 2547 609 2603 corpus
633 2536 662 2586 et
685 2531 814 2587 enimam
842 2549 892 2604 po·

62 2628 203 2681 testatem
216 2622 353 2693 perdendi
370 2622 476 2693 (ituttb.
492 2638 520 2691 ir,
536 2621 593 2688 28).
617 2620 683 2676 Jum
712 2620 811 2693 piures
832 2622 892 2677 ira·

64 2718 147 2769 trum
164 2710 300 2783 martyrio
316 2709 445 2765 coronati
466 2715 545 2765 sunt.
562 2708 618 2765 Ora
645 2714 676 2764 ut
706 2709 892 2781 perficiamus

63 2818 188 2857 cursum
205 2805 338 2855 nostrum
355 2799 439 2854 uobis
454 2816 470 2854 a
487 2798 608 2853 ttomiuo
625 2798 795 2853 revelatum.

64 2892 160 2947 irater
173 2890 202 2943 in
224 2890 354 2951 beruimr,
372 2893 400 2943 et
411 2886 505 2943 saluta
521 2902 622 2941 ornnes
638 2886 688 2958 qui
713 2904 766 2943 uus
793 2892 893 2943 amant

64 2979 96 3035 in
114 2978 240 3034 Christe.

812 2796 891 2867 Vale,
908 2781 931 2847 Β

1248 1406 1419 1465 arissam
1434 1412 1458 1467 11

1099 1512 1227 1551 consata
1243 1514 1318 1553 ruere
1332 1517 1368 1554 arr
1379 1517 1538 1561 creausus
1553 1506 1603 1577 (2).

975 1583 1145 1641 Dilectionis
1160 1590 1216 1641 tue
1231 1604 1289 1643 nun
1304 1587 1491 1649 delectabilia
1510 1600 1539 1649 ct
1568 1602 1670 1655 contra
1696 1601 1769 1660 iidei

942 1674 1073 1747 regulam
1090 1675 1200 1747 scripta
1216 1678 1340 1748 suscepi,
1358 1678 1386 1733 in
1412 1682 1520 1751 quibus
1542 1701 1669 1744 nauseas
1689 1706 1771 1747 reco-

941 1764 1037 1837 gnovi,
1054 1767 1083 1820 et
1101 1780 1211 1822 venena
1236 1781 1406 1823 sermonum
1427 1770 1566 1829 adversus
1595 1775 1771 1837 catholicam

943 1870 994 1926 per
1008 1856 1101 1908 totum
1112 1854 1211 1909 orbem
1227 1854 1364 1913 diiiusam
1381 1858 1536 1917 Ecclesiam
1548 1861 1740 1925 horribilibus
1752 1885 1770 1926 a

942 1949 971 1999 te
982 1944 1127 2014 superseri
1147 1943 1265 2000 aizuniis
1278 1961 1333 2000 uon
1351 1946 1476 2004 laudavi.
1494 1952 1561 2015 Quas
1575 1958 1640 2025 peto
1660 1955 1771 2013 veloci·

943 2035 987 2087 ter
1002 2030 1087 2087 toiias
1103 2048 1136 2086 ac
1151 2034 1343 2103 praedamnes.
1361 2036 1442 2101 Quod
1460 2038 1540 2107 prius
1555 2040 1674 2111 quidem
1686 2045 1769 2102 teia·

944 2136 1009 2176 cure
1024 2121 1184 2191 oportebat,
1201 2136 1290 2192 qaam
1305 2122 1335 2178 in
1352 2124 1463 2180 mundo
1481 2125 1587 2185 lethale
1616 2131 1696 2189 virus
1723 2133 1775 2191 ad·

945 2225 1080 2280 spersuru
1109 2208 1288 2281 simplicium
1312 2216 1341 2265 et
1368 2210 1570 2271 innocentium
1597 2218 1775 2281 interficeret

946 2303 1068 2353 mentes.
1094 2298 1157 2353 Nan
1173 2314 1241 2369 ergo
1263 2299 1387 2369 dignum
1408 2306 1454 2357 est
1482 2305 1671 2376 rebaptizare.
1696 2310 1772 2385 drgo

947 2387 1061 2443 eradica
1086 2392 1115 2441 et
1132 2386 1251 2453 extrica,
1269 2392 1300 2441 ut
1316 2388 1454 2459 diximus,
1468 2392 1630 2450 florulentis
1659 2414 1772 2457 sermo·

948 2477 1034 2530 nibus
1045 2479 1132 2547 atque
1145 2475 1241 2547 dignis
1252 2493 1301 2548 per
1308 2480 1496 2549 posteriorem
1507 2482 1662 2554 epistolam
1673 2488 1773 2559 priora

947 2567 1066 2637 scripta,
1082 2581 1146 2636 ‹111ae
1161 2570 1262 2620 contre
1278 2566 1452 2623 catholicam
1475 2570 1562 2626 fldem
1576 2589 1692 2633 serrare
1704 2593 1775 2635 oen·

947 2658 1071 2709 suerunt
1080 2653 1229 2725 genimina
1241 2654 1417 2725 viperarum.
1430 2660 1492 2713 Non
1503 2659 1581 2716 enim
1592 2663 1674 2719 decet
1684 2669 1774 2725 tante

950 2742 1031 2797 urbis
1047 2740 1208 2797 antistitem
1219 2741 1556 2818 excellentissimumque
1567 2750 1728 2823 ductorem,
1740 2759 1773 2811 ut

946 2831 1017 2886 dum
1029 2830 1241 2902 putasbaeresis
1253 2832 1400 2903 baptisma
1426 2838 1697 2910 predamnaudum,
1719 2859 1767 2902 ve·

947 2936 1012 2975 rum
1028 2919 1179 2991 Baptisruu
1193 2921 1379 2977 scribonibus
1392 2922 1682 2997 oraculareteudiee,
1708 2947 1772 3004 qum

947 3007 1139 3064 dulescoutra
1153 3009 1323 3080 Apustoium
1349 3010 1460 3065 scilieet
1482 3030 1644 3087 repugnare
1670 3018 1771 3078 dicen·

946 3103 1026 3153 tem:
1045 3098 1117 3154 dnus
1133 3098 1213 3165 Deua,
1230 3114 1286 3153 unu
1301 3098 1377 3171 sides,
1397 3116 1486 3157 riuum
1500 3103 1685 3175 baptismum.

784 3216 885 3278 Variae
907 3215 1067 3277 lectiones.

106 3330 114 3365 ¹
128 3326 271 3400 Episcopo
293 3327 394 3380 darm.
412 3326 423 3358 ‘²
438 3323 595 3380 Carissimo
609 3325 708 3381 Barca.
748 3326 758 3359 ³
775 3324 935 3397 Imperator
945 3328 1046 3379 [turca.
1084 3321 1225 3377 “audeas
1249 3338 1313 3395 quie
1328 3322 1409 3380 vides
1421 3326 1502 3397 sorte.

781 3449 947 3510 variorum
970 3452 1064 3508 notas.

105 3559 146 3631 (u
157 3555 503 3612 ExnrchiroVieuneusis
521 3554 647 3611 ecelesia
665 3560 757 3624 eruta,
771 3560 897 3611 etdoan-
985 3554 1024 3624 (2)
1039 3554 1070 3608 iu
1090 3555 1238 3609 noee'srime
1257 3554 1393 3627 Cypriani
1406 3556 1525 3616 editiore
1551 3558 1648 3631 steph.
1664 3562 1775 3621 Batusic

69 3632 119 3689 nis
140 3648 159 3685 a
184 3628 275 3683 Bosco
296 3644 383 3699 opera
404 3628 434 3682 in
459 3627 639 3682 Bibliotheca
663 3627 803 3683 h'iorieusi
820 3626 897 3682 edita
949 3626 1042 3681 studio
1057 3624 1136 3680 810
1159 3626 1295 3682 adornare
1319 3629 1442 3698 primum
1464 3646 1500 3687 cc
1526 3649 1591 3688 nus.
1608 3633 1776 3691 Behierioac

68 3698 897 3777 postomodumaBaroniuadann.355,etinterconciiia
951 3704 976 3752 et
1000 3698 1160 3763 iteuripiauo
1187 3698 1299 3767 prodiit.
1328 3698 1430 3755 dirum
1451 3712 1491 3756 est
1516 3720 1580 3759 eam
1614 3704 1648 3761 ab
1669 3706 1777 3763 erudito

70 3790 178 3831 recusa
192 3777 250 3827 est:
266 3772 316 3826 sed
333 3771 423 3826 nihilo
439 3772 580 3841 majorem
597 3788 653 3842 pree
670 3786 701 3825 se
728 3772 783 3825 i'ert
801 3771 896 3825 sinoc-
951 3770 1011 3823 ciro
1049 3769 1090 3822 eet
1114 3776 1144 3823 at
1167 3769 1278 3824 dubium
1298 3776 1413 3841 proponi
1432 3776 1561 3843 putuisse,
1580 3792 1645 3831 cam
1664 3779 1774 3833 nattum

68 3844 169 3903 ritetie
181 3844 319 3915 speeiem,
335 3858 423 3912 quam
440 3843 603 3914 superiores
619 3857 653 3897 ea
667 3842 768 3897 sortem
781 3840 897 3897 archivo
951 3841 1010 3895 ceri
1022 3841 1211 3895 characterem
1224 3856 1284 3911 prae
1297 3856 1326 3896 se
1335 3846 1416 3913 terat.
1441 3844 1558 3917 ludique
1581 3856 1620 3903 cst
1635 3850 1772 3919 cruicitia,

68 3917 234 3988 descriptae.
252 3914 349 3969 Primo
365 3914 483 3982 quidam
502 3914 529 3967 in
547 3914 610 3980 ipsa
623 3912 797 3969 salutatione
811 3912 897 3984 Lupi·
952 3926 1015 3980 pure
1030 3910 1154 3967 Cor-rectio
1175 3928 1238 3966 cetu
1260 3912 1398 3983 Cypriane
1419 3915 1453 3970 ad
1472 3922 1587 3973 moriem
1605 3922 1772 3991 accrescit.

68 3990 404 4053 cinus,contramurem
432 3986 520 4055 hujus
544 3984 653 4051 saeeuli,
678 3985 898 4055 archiepi.u.·opus
952 3984 1336 4053 Nequerm'aaspaamrtrum
1359 3985 1490 4042 historice
1513 3990 1636 4057 ueritate,
1664 4006 1699 4045 ee
1717 4008 1774 4063 quc

69 4058 247 4133 appellatur.
265 4056 296 4111 td
312 4057 430 4128 quidem
445 4056 586 4111 baronius
601 4056 756 4111 emendare
775 4056 897 4111 curavit.
952 4056 1165 4109 controuersiam
1175 4054 1207 4109 de
1221 4056 1360 4125 Baptistae
1375 4060 1567 4114 hereticorum
1590 4064 1698 4116 tautum
1715 4070 1777 4133 post

69 4138 99 4189 et
137 4148 171 4186 ru
189 4130 402 4200 archiepiscopo,
419 4128 725 4199 substituitepisropc:
756 4128 805 4182 sed
831 4144 897 4182 cum
954 4126 1201 4180 carnotenorum
1219 4136 1291 4182 auter
1308 4130 1460 4184 ttuuruuum
1482 4132 1639 4202 pontificem
1660 4137 1686 4188 et
1705 4136 1773 4189 Cur·

69 4150 184 4260 nefitus
214 4200 318 4255 ueteris
347 4200 455 4255 codicis
484 4200 655 4254 auctoritate
690 4198 897 4255 correctionem
954 4197 1145 4266 tirocineusem
1162 4200 1338 4264 reclamasse,
1363 4210 1445 4271 utque
1458 4216 1494 4258 ec
1509 4206 1633 4271 epistotae
1653 4204 1776 4261 neurada

69 4292 157 4333 suam
191 4272 343 4337 i'uleiverit,
372 4276 469 4325 nannet
489 4272 553 4342 ipsa
578 4270 788 4341 suppositionis
817 4275 895 4326 nota.
954 4268 1128 4337 appetendae
1138 4267 1309 4339 Stephanum
1323 4287 1425 4343 papum
1439 4276 1580 4329 occasione
1593 4276 1681 4348 subsc
1693 4277 1771 4331 caci·

68 4346 175 4418 Neque
191 4345 284 4413 magis
304 4343 405 4398 eudem
421 4360 479 4397 evo
495 4343 636 4397 usitatum
667 4346 711 4396 est
738 4341 824 4396 ditesce
846 4309 933 4397 noc
952 4343 1049 4396 tutum.
1067 4340 1107 4395 eet
1120 4356 1158 4394 cc
1177 4339 1351 4411 Cypriauiece
1365 4344 1448 4413 iterius
1461 4347 1585 4416 epistota
1606 4347 1722 4403 tertione
1744 4348 1778 4404 a·-

71 4436 152 4485 meu,
170 4417 282 4486 utijaur
298 4414 328 4468 iu
341 4414 544 4486 supposititias
559 4414 598 4468 i'ri
615 4411 754 4483 epistolas
778 4418 822 4467 est
846 4414 896 4468 cb·
951 4414 1023 4482 quet.
1043 4411 1094 4467 Ubi
1108 4412 1196 4479 ruitur
1210 4413 1333 4481 Rufinus,
1350 4414 1400 4469 tib.
1414 4431 1450 4469 ru
1467 4432 1492 4472 c.
1517 4424 1545 4484 2,
1561 4421 1778 4476 controuersiam

70 4492 230 4547 serratum.
248 4486 319 4551 Quis
334 4487 422 4540 etiam
442 4491 509 4540 ante
548 4484 841 4553 ersecutioneur,qua
858 4486 898 4539 in·
951 4486 984 4537 de
1005 4485 1148 4553 baptismo
1173 4482 1365 4539 hereticorum
1382 4486 1432 4540 aab
1464 4488 1590 4544 correrii
1614 4490 1777 4562 pontificatu

69 4558 325 4627 ieriitCornelius
349 4556 454 4612 Missas
475 4502 583 4627 pauiu-e
610 4571 696 4627 agere
724 4554 898 4609 Christianis
952 4557 1066 4623 rupisse
1080 4554 1767 4624 scribit,coatrutemperumceeurrdamnutritum

71 4623 193 4687 licuisse
208 4629 374 4701 targiatur?
391 4632 449 4683 tloe
465 4633 561 4683 himen
577 4632 693 4695 sentent,
705 4642 769 4697 quie
784 4626 813 4680 in
829 4628 898 4681 sub·
952 4626 1026 4696 prend
1040 4626 1159 4679 incutere
1173 4627 1202 4680 ee'
1212 4640 1267 4681 uon
1280 4634 1332 4693 est,
1347 4644 1462 4695 peccare
1476 4630 1609 4688 dicendus
1626 4640 1676 4689 est.
1706 4606 1778 4689 Eam

70 4702 285 4773 uexnepistoie
302 4698 427 4755 Cornelii
444 4698 759 4754 nomimeseribuntur.
777 4696 898 4753 Preter·
952 4712 1016 4751 ecre
1046 4697 1105 4751 ittic
1124 4696 1152 4751 id
1175 4696 1247 4769 proed
1266 4696 1404 4771 Stcptrum'
1421 4708 1473 4767 est,
1491 4701 1616 4760 Cornelio
1645 4705 1768 4763 tribuere

70 4774 285 4833 sesecundum
307 4771 589 4827 ioannemabosro
621 4770 783 4825 Florentius
811 4768 898 4840 Lupi·
953 4768 1012 4822 aeia
1027 4770 1174 4823 verboram
1188 4768 1267 4823 titius
1290 4772 1430 4828 relatione
1442 4776 1572 4831 carnibus
1594 4776 1693 4857 patum
1720 4749 1778 4849 fiet}

71 4847 129 4903 cini
156 4848 293 4901 decessor
316 4848 449 4913 tempore
476 4842 623 4907 (sardiani,
653 4840 725 4897 Phiii
751 4840 790 4912 pi,
820 4840 900 4896 Docti
953 4839 1780 4921 Curaquec'aquit,idaCyprianoetcaeterrspencom·

73 4916 148 4975 Gelli
163 4921 193 4973 et
207 4914 356 4971 Volusiani
383 4914 592 4969 decucurrit.»
621 4913 708 4985 Atqui
724 4858 900 4968 &olusianus
954 4910 1246 4981 nihusperhtricaur
1266 4914 1468 4972 sacerdotibus
1486 4925 1617 4989 oportere
1647 4918 1707 4973 tieri
1734 4918 1778 4987 (id

73 4996 191 5046 tantum
207 4987 350 5043 an110252
365 4994 431 5041 ente
459 4984 528 5041 Julii
545 4984 653 5040 utensis
681 4985 791 5039 exitum
820 5002 900 5040 eree-
953 4990 992 5037 est
1009 4982 1153 5037 hereticos
1178 4984 1365 5067 rebaptizari)
1386 4988 1607 5056 decerneretur;
1628 4988 1779 5047 Cornelius

73 5066 120 5117 tus
136 5066 184 5115 est
200 5062 357 5131 Augustus,
382 5062 410 5112 et
433 5056 584 5113 Cornelius
613 5056 709 5112 medio
732 5070 832 5111 mense
851 5056 901 5110 Se·
954 5053 1090 5109 stratori
1115 5070 1279 5126 omnesper
1305 5056 1415 5113 ttabarn
1427 5061 1593 5117 sacerdotes
1606 5060 1779 5133 hujusmodi

74 5136 208 5205 pternbrc
223 5130 291 5187 euni
307 5129 438 5199 ejusdem
454 5128 566 5185 vivendi
586 5128 673 5182 tinem
689 5128 834 5191 tonitrum
851 5126 901 5183 ali·
956 5128 1106 5180 decretum
1124 5134 1261 5183 manente
1276 5130 1440 5197 concordia,
1453 5134 1627 5199 refutarunt,
1644 5138 1777 5188 statuen-

74 5209 186 5277 quantu
198 5208 283 5257 antea
306 5200 547 5271 eornpreheneus,
564 5205 653 5254 beum
677 5200 840 5267 cent'essus,
868 5214 901 5253 ac
956 5203 999 5251 tes
1014 5196 1180 5269 antiquitus
1195 5216 1211 5252 a
1226 5199 1456 5273 patribussupor
1469 5200 1525 5259 hoc
1537 5204 1676 5259 traditam
1691 5220 1778 5277 regu·

74 5276 221 5347 relegatus
236 5273 359 5339 fuisset,
375 5273 446 5328 edm
469 5278 501 5327 ut
528 5270 669 5344 Cypriane
692 5268 901 5341 protessiouem
955 5269 1012 5323 lum
1029 5268 1133 5324 debere
1148 5270 1275 5327 servari:
1292 5287 1356 5343 quae
1371 5272 1548 5342 continebat,
1565 5274 1781 5347 postebJ'ectio-

75 5350 140 5421 ejus
152 5345 269 5409 rescire,
280 5349 309 5399 et
320 5342 566 5416 gratulatoriasde
578 5342 626 5397 iila
638 5342 789 5396 titteraeed
804 5340 900 5412 ipsum
956 5356 1021 5395 nern
1034 5340 1113 5412 pravi
1128 5345 1157 5395 et
1171 5342 1384 5398 contessionem
1400 5345 1471 5399 recti
1481 5345 1637 5417 dogmatis,
1654 5345 1717 5403 sola
1731 5362 1781 5403 eos

74 5418 204 5475 scrihere
215 5416 338 5473 licuerit.
353 5415 544 5478 eranrtonam
560 5414 650 5485 igitur
665 5412 750 5468 scribi
766 5413 825 5467 herc
840 5410 900 5484 cpi·
955 5428 1062 5467 marrus
1079 5412 1265 5482 impositione
1281 5417 1459 5488 purgandos.
1475 5416 1519 5473 tbi
1531 5420 1606 5473 enim
1618 5420 1644 5473 ri
1657 5417 1783 5475 dometii

75 5485 901 5562 stolapotuit‘iautcurGorueliusnibiiincadecom-
955 5485 1397 5553 Iocusubstituatur,t'tcpiumua
1422 5504 1483 5543 cam
1512 5488 1658 5559 ceperunt,
1689 5492 1784 5561 Aaou·

97 5562 273 5621 rehensionc
306 5563 335 5615 et
352 5559 534 5615 consessione
551 5574 616 5628 sua,
637 5556 709 5614 nibd
733 5556 770 5613 de
793 5553 904 5615 recenti
954 5556 1502 5631 stirei,utrorumqueScriptorumdictis
1529 5548 1641 5636 Rufinus
1666 5574 1785 5637 proretae

75 5580 580 5717 [epiciniordinutioaeloquiturt
956 5625 1143 5689 concordabit.
