3892 6104
111 332 191 397 {525
640 335 823 399 labetes
844 334 1045 399 ecclesia*
1065 334 1289 401 tieletum.
1738 340 1817 405 {iffi

111 467 196 537 sirus,
217 466 248 523 in
263 465 416 527 Dominieo
431 466 520 527 calice
535 468 721 527 miscendoct
735 468 939 527 ollsrendocu·
952 468 981 539 Α
996 468 1055 528 l'itu
1065 469 1159 544 Cypra
1175 487 1208 543 u,
1223 470 1270 545 il:
1286 492 1303 523 a
1318 470 1449 546 Denique
1463 469 1512 530 ills
1522 470 1675 530 demulsus
1688 470 1753 545 slus
1769 474 1820 533 ob

111 556 221 615 etodirs
235 557 404 615 traditionis
428 558 583 615 Dominicis
611 558 779 627 veritatem
808 562 837 615 et
860 558 938 631 qnod
993 559 1115 632 sequiis,
1130 558 1161 616 in
1172 562 1287 618 tuntum
1298 558 1465 620 dilectionis
1476 560 1626 619 immensa
1641 561 1820 637 meritopror

111 647 195 720 prius
209 646 288 719 apud
304 647 448 718 quosdam
458 647 573 705 ridetur
587 652 727 721 erratum,
743 648 867 707 Domino
877 664 936 705 mo·
991 653 1113 706 vocatus
1127 653 1219 719 estut
1233 650 1268 707 de
1279 648 1386 708 seculo
1397 650 1549 719 excedens,
1560 650 1818 725 arcessitionsjam

110 742 198 791 nentc
213 734 358 808 corrigere
369 741 494 793 :utcum
505 738 534 792 in
548 738 678 794 claritate
687 754 741 794 sue
750 743 780 794 ot
788 738 940 809 maiestate
993 737 1815 813 pronimacommeudaretilliconjugemecliberossuos,

110 823 477 898 coelcstivcnirccnepcril,
500 826 628 883 inveniat
656 843 709 883 nos
734 832 833 884 tenere
861 825 939 899 quod
993 832 1137 901 atquem
1162 828 1271 885 iaceret
1281 830 1317 885 de
1331 832 1416 886 secte
1430 828 1636 886 communione
1645 828 1818 903 participem

111 914 238 985 runnuit,
254 914 408 971 observare
419 916 498 986 quod
514 915 721 981 docuit,l'acere
736 916 813 988 quod
829 915 907 972 lecit.
923 936 938 965 u
993 921 1058 991 post
1073 918 1194 975 modum
1213 918 1320 976 iaceret
1335 917 1452 992 pietatis
1467 916 1623 974 heredem.
1644 938 1660 971 u
1675 916 1817 977 Ceterum

110 1004 151 1060 Fa
165 1003 267 1059 eudem
284 1007 382 1060 autem
397 1004 522 1077 epistole
536 1004 607 1061 illud
619 1022 735 1077 quoque
745 1006 874 1061 ediscere
883 1009 937 1074 est,
992 1007 1034 1064 ita
1048 1008 1226 1081 cyprianum
1249 1008 1362 1065 cecilio
1372 1024 1426 1065 suo
1440 1006 1618 1065 satisfecisse
1632 1008 1819 1081 crediderim,

112 1108 299 1149 communem
315 1094 390 1166 apud
408 1094 490 1151 liras
505 1094 534 1150 in
559 1094 701 1151 secrilicio
731 1111 818 1150 usum
847 1094 939 1151 luisse
993 1097 1145 1154 ullamne
1164 1096 1817 1173 cjusanroreetstudiovelutiparensesset,

111 1198 280 1255 azymorum
297 1198 423 1254 :panem
440 1185 548 1256 quippe
564 1188 649 1240 tautae
665 1184 705 1240 rei
719 1200 808 1241 cuusu
827 1200 938 1241 momo-
993 1192 1023 1244 et
1036 1186 1078 1244 rei
1094 1185 1247 1244 familiaris
1261 1190 1409 1244 curatores
1424 1202 1457 1244 ac
1472 1185 1631 1243 liberorum
1645 1192 1756 1247 tutores
1768 1206 1817 1247 ex·

108 1276 164 1335 ret.
181 1269 263 1328 nulle
278 1271 411 1329 fermenti
429 1272 576 1329 montione
591 1272 852 1343 iectu,ealerinnet
862 1290 939 1347 aqua
992 1278 1039 1331 tra
1053 1275 1164 1332 clerum
1179 1276 1286 1349 probos
1301 1275 1378 1333 viros
1392 1276 1819 1351 idoneosquerequireretprrs·

108 1380 123 1409 a
141 1360 304 1417 adunatum
321 1361 550 1434 copulatumque
571 1384 585 1413 a
615 1362 657 1435 (V.
686 1361 883 1435 ciampinum,
906 1362 939 1419 ds
992 1365 1159 1437 liceretque.

109 1449 131 1503 Ρ
131 1464 164 1505 ‘r
164 1466 192 1521 Ρ·
207 1450 307 1523 iiim·
323 1467 387 1523 “³¹⁴2
404 1467 429 1506 ⁰·
445 1451 473 1521 3¹
488 1468 517 1524 P·
533 1450 597 1523 tel:
621 1450 699 1524 q⁰⁰d
727 1456 757 1508 θι
780 1449 936 1525 Augfflfini
1028 1488 1062 1545 V.
1074 1489 1209 1546 Nondum
1226 1506 1322 1547 annue
1337 1489 1456 1563 elapsus
1469 1494 1542 1557 erat,
1559 1506 1627 1547 cum
1654 1488 1759 1549 littere
1788 1490 1819 1548 in

108 1554 167 1594 ΝΟ
183 1539 344 1595 Μωδαῒ·
993 1578 1121 1635 siricam
1138 1578 1344 1651 perimmuni,
1361 1578 1517 1636 Ecclesiam
1534 1578 1632 1635 Rome
1652 1594 1759 1653 magno
1785 1580 1817 1639 in

144 1662 191 1717 lv.
209 1664 269 1718 Sub
286 1664 354 1719 anni
366 1664 477 1720 exitum
489 1665 632 1739 Cypriuuo
645 1666 813 1723 nuntiatum
829 1667 940 1733 cattle·
995 1668 1164 1725 discrimine
1178 1668 1298 1735 versari,
1316 1668 1502 1725 Valerianum
1518 1671 1591 1740 Aug.
1608 1667 1659 1741 qui
1675 1668 1817 1727 Christia-

115 1751 241 1807 minium
261 1752 399 1810 victorem
428 1753 596 1826 episcopum
626 1755 861 1822 Furnitanorum,
890 1756 941 1828 qui
996 1774 1050 1814 nos
1065 1764 1151 1815 antee
1164 1758 1237 1814 mire
1252 1758 1366 1813 lovebat
1379 1756 1508 1829 (iluseb.,
1523 1756 1648 1813 ltalia.
1665 1757 1816 1829 v11,c.i0),

106 1850 188 1897 anno
202 1842 351 1915 superiore
364 1841 398 1897 ad
417 1844 562 1916 synodum
577 1850 706 1913 venerat,
729 1844 831 1901 morbo
841 1843 939 1902 decce·
952 1848 976 1915 Β
991 1846 1229 1919 Macriani‚cujua
1244 1845 1530 1912 consiliiautsbetur,
1540 1846 1606 1903 dolo
1621 1846 1819 1919 atquelrauda

110 1931 291 1989 sisseGrave
307 1933 335 1989 id
353 1933 471 2005 quidem
495 1933 639 2007 cypriano
655 1935 719 2006 luit,
746 1936 823 2007 quod
848 1934 937 1994 colle·
992 1934 1149 1992 alienatum
1164 1935 1324 2008 perniciem
1335 1932 1820 2007 minitarimultosjaminvincula

108 2037 176 2093 gam
192 2022 343 2079 amisisset
357 2023 417 2089 ·‚sed
430 2022 502 2078 illud
519 2023 612 2081 multo
628 2024 836 2097 gravius,quod
848 2006 938 2081 simul
992 2026 1139 2095 conjectos
1153 2042 1218 2081 esse
1230 2023 1377 2083 :ediclsin
1399 2023 1563 2097 provincias
1583 2024 1723 2082 adversus
1737 2022 1819 2081 chri-

109 2112 813 2182 rogooveret,itaeumesacriladolunctum,ut
839 2112 937 2169 Gemi·
991 2114 1119 2169 alianum
1136 2129 1242 2170 nomen
1258 2112 1424 2185 propediem
1440 2112 1567 2169 missum
1585 2112 1632 2169 iri.
1661 2113 1817 2171 Enimvero

109 2200 192 2256 nium
208 2199 380 2257 Faustinum
397 2202 600 2273 presbyterum
612 2206 787 2258 testamento
796 2218 850 2258 suo
859 2207 936 2259 tuto·
992 2203 1126 2258 nuntiato
1140 2206 1227 2257 tante
1243 2200 1335 2258 cladis
1352 2200 1479 2275 periculo
1490 2202 1648 2258 exanimati
1666 2202 1764 2269 multi,
1783 2218 1819 2259 ao

109 2306 172 2344 rem
183 2292 250 2345 ante
262 2290 529 2345 nominarel.Nnrat
539 2290 616 2345 enim
627 2290 800 2363 Cyprianus,
810 2291 936 2364 jampri·
991 2294 1102 2347 terrore
1115 2293 1216 2347 mortis
1230 2290 1335 2361 abiecti
1350 2304 1422 2345 :nec
1434 2294 1534 2347 tamen
1552 2290 1670 2348 defuere
1690 2306 1818 2365 quorum

109 2378 175 2433 dem
192 2378 222 2433 in
236 2378 360 2434 concilio
375 2379 578 2451 episcoporum
591 2383 736 2435 statutum
746 2396 811 2436 esse
827 2379 936 2453 (cypr,
992 2380 1128 2437 alacritas
1143 2379 1294 2443 emineret,
1308 2382 1338 2434 et
1352 2383 1524 2435 caeterorum
1539 2378 1676 2436 virtutem
1692 2381 1728 2437 sd
1749 2397 1821 2454 pru·

108 2468 195 2539 epist.
209 2469 257 2537 oo,
272 2467 305 2523 V.
322 2467 454 2525 Bolland.
466 2471 537 2523 tom.
555 2468 589 2523 lv
604 2468 676 2539 Sept.
693 2485 758 2541 pag.
773 2467 857 2536 elil:
876 2467 937 2524 «Νι
991 2468 1070 2525 clara
1085 2468 1225 2541 martyria
1238 2467 1387 2525 excitaret.
1410 2466 1478 2523 Fuit
1495 2468 1584 2525 etiam
1615 2467 1684 2541 quie
1707 2468 1825 2542 Cypria·

110 2556 176 2627 quis
192 2557 228 2612 de
242 2556 356 2612 clericis
370 2560 399 2612 et
411 2556 461 2612 Dei
477 2557 620 2613 ministris
634 2560 760 2613 tutorem
779 2555 824 2612 vel
852 2572 937 2613 cura·
990 2572 1028 2613 no
1048 2556 1137 2613 scribi
1150 2556 1260 2627 aliquid
1273 2556 1608 2628 cuperet,quoomnium
1620 2556 1711 2613 enimi
1723 2557 1823 2615 studio

109 2650 201 2699 torem
217 2648 392 2701 testamento
408 2661 462 2702 suo
482 2646 683 2702 constitueret.
701 2667 715 2695 u
744 2646 793 2702 cui
821 2647 936 2703 decreto
990 2642 1104 2699 invicte
1119 2641 1686 2701 consessionisinllammarentnrl’orrn
1702 2644 1824 2719 Cypria·

112 2731 172 2789 buc
180 2732 328 2805 adscripta
337 2748 427 2789 causa
440 2737 554 2789 tuerat:
571 2756 585 2783 «
613 2734 733 2796 Quando
757 2734 868 2807 singuli
895 2734 938 2790 di·
991 2748 1058 2801 nus,
1075 2732 1124 2805 qui
1139 2732 1199 2787 bec
1212 2734 1317 2803 sponte
1331 2747 1448 2803 semper
1461 2732 1626 2803 prestabat,
1655 2736 1689 2789 ut
1714 2733 1823 2792 idonea

109 2820 176 2875 rino
191 2819 353 2875 sacerdotio
367 2819 513 2886 honorati,
534 2826 563 2876 et
584 2822 613 2876 in
643 2821 747 2879 clerico
772 2822 935 2877 ministerio
990 2821 1131 2893 temporis
1149 2818 1348 2877 cohortatione
1372 2818 1515 2892 populum
1545 2820 1685 2889 erudiret,
1726 2822 1823 2882 multo

109 2908 261 2965 constituti
276 2924 333 2965 uon
350 2908 407 2964 nisi
423 2909 508 2966 altari
524 2913 552 2964 ct
567 2909 719 2966 secriliciie
735 2911 891 2980 deservire,
907 2914 937 2965 st
991 2908 1086 2981 magis
1101 2912 1221 2981 rogatus
1231 2906 1309 2976 iecit,
1324 2906 1539 2979 epistolamque
1567 2908 1604 2963 ed
1627 2908 1822 2969 Fortunatam

109 2998 245 3071 precibus
258 3002 346 3069 atque
361 2998 542 3054 orationibus
557 3013 658 3055 vacare
687 2999 820 3055 debeant.
836 3020 850 3047 n
877 2997 935 3056 Neo
990 2998 1172 3069 emisitque
1187 2997 1374 3053 secundaest
1402 2995 1435 3052 ds
1458 2996 1649 3054 exhortatione
1674 2998 1823 3073 ldertyrr's',

108 3104 176 3143 vero
189 3087 360 3159 ignotaerat
375 3104 469 3159 poena,
485 3104 575 3159 quam
591 3086 679 3143 iidem
691 3087 818 3159 episcopi
834 3088 864 3142 in
885 3102 935 3145 eos
990 3086 1175 3143 documentis
1198 3086 1334 3141 retortam
1361 3083 1565 3152 sanctissimis,
1590 3102 1655 3158 quas
1685 3084 1821 3147 desidem

109 3176 329 3248 sanxerant,qui
343 3175 438 3248 legem
462 3176 681 3249 neglexissent:
705 3192 772 3233 nam
797 3176 847 3248 qui
873 3192 934 3233 cen·
950 3214 972 3283 c
991 3190 1181 3249 quemqueen
1192 3174 1349 3229 remissum
1364 3178 1426 3229 tam
1442 3171 1535 3230 felicis
1554 3174 1649 3231 exitus
1674 3174 1824 3236 desiderio
1901 3208 1907 3227 ι

108 3269 277 3331 mercatus
292 3264 363 3320 illud
379 3264 516 3337 cuiquam
529 3266 572 3322 ias
587 3264 880 3335 esset,addiderant:«
897 3271 935 3321 lto
990 3264 1104 3336 possint
1118 3263 1284 3319 accendere.
1301 3262 1420 3319 Fecerat
1433 3265 1532 3318 autem
1547 3263 1612 3333 ejus
1627 3261 1824 3337 libellicapita

108 3356 133 3410 si
148 3354 216 3427 quie
232 3352 285 3409 hoc
300 3354 503 3425 lecisset,'non
520 3354 674 3410 offerretur
688 3370 740 3425 pro
755 3369 799 3421 eo,
816 3370 869 3409 nec
892 3368 938 3411 sa·
990 3352 1155 3422 duodecim,
1171 3350 1311 3423 sublectis
1326 3350 1484 3424 unicuique
1499 3350 1666 3408 divinarum
1694 3352 1823 3412 Littera·

108 3442 254 3499 crilicium
271 3458 323 3515 pro
338 3441 515 3499 dormitione
528 3443 593 3515 ejus
614 3441 820 3499 celebraretur.
838 3442 937 3515 Neque
991 3458 1056 3498 rum
1073 3440 1295 3497 auctoritatibus
1305 3456 1369 3512 qus
1381 3438 1565 3513 singulorum
1572 3438 1703 3513 capitum
1713 3440 1822 3501 titulos

108 3532 198 3596 euim.
215 3532 343 3604 aiebant,
359 3533 435 3604 apud
451 3531 544 3588 eltrrre
564 3531 615 3588 Dei
635 3535 763 3589 meretur
791 3530 937 3589 nominari
989 3531 1167 3603 explicarent
1181 3529 1819 3605 conlirmsrentquemtheherslquisquepe·

107 3612 139 3675 in
153 3622 338 3678 sacerdotum
355 3637 451 3693 prece,
467 3621 516 3692 qui
545 3621 582 3677 ab
604 3620 688 3676 altari
714 3620 880 3677 sacerdotes
908 3624 937 3677 et
990 3626 1083 3675 ratam
1099 3618 1188 3675 veluti
1204 3618 1359 3674 materiem
1374 3634 1432 3673 uon
1449 3618 1581 3675 modoad
1600 3618 1756 3693 legendum
1783 3635 1818 3679 ec

109 3709 261 3766 ministros
274 3709 366 3765 voluit
380 3726 510 3766 avocare.
528 3731 541 3751 ι·
563 3712 635 3782 iirgo
651 3708 824 3781 Cyprianus,
841 3708 891 3780 qui
906 3724 936 3764 se
990 3707 1204 3773 meditandum,
1220 3707 1269 3764 sed
1295 3706 1384 3763 etiem
1409 3707 1444 3762 ad
1476 3704 1702 3780 colloquendum
1727 3712 1817 3783 atque

108 3814 256 3855 canonum
267 3815 417 3855 sacrorum
432 3798 577 3865 vindicem
607 3803 842 3871 assertoremque
869 3812 935 3855 esse
989 3798 1189 3855 scribendum.
1205 3818 1220 3847 ι
1234 3797 1275 3852 Ao
1289 3811 1325 3853 ne
1340 3795 1369 3851 in
1384 3794 1663 3869 longaminquitlp.
1678 3796 1813 3867 roseae.

107 3889 343 3960 oportere,pr0be
358 3886 619 3952 memineratnihil
635 3891 801 3953 cunctatus,
824 3886 934 3959 episto·
989 3885 1111 3958 Bolus),
1127 3900 1293 3943 sermonem
1305 3900 1404 3942 meum
1426 3885 1623 3955 extenderem,
1640 3886 1730 3943 irater
1742 3884 1813 3944 oha-

107 3976 167 4031 lam
196 3977 232 4032 ad
257 3976 367 4033 clerum
393 3981 423 4031 et
445 3975 558 4048 plebem
582 3975 687 4032 Furnis
725 3975 934 4032 consistentem
989 3977 1116 4039 rissims‚
1132 3978 1160 4031 et
1173 3973 1341 4030 audientem
1359 3974 1406 4030 usl
1433 3973 1579 4046 legentem
1606 3972 1674 4048 styli
1701 3972 1815 4032 latioris

106 4064 267 4137 scripsitin
284 4081 340 4137 qun
355 4063 428 4136 legis
439 4064 542 4119 veteris
554 4064 701 4120 mentione
717 4065 793 4119 lacta
809 4064 850 4120 sic
865 4081 936 4137 prs·
988 4064 1073 4137 copia
1085 4063 1248 4135 fatigarem,
1265 4058 1471 4134 compendium
1493 4060 1569 4117 ieci:
1595 4065 1629 4117 nt
1656 4062 1815 4137 propositis

107 4154 196 4226 cipit:
213 4176 227 4203 a
243 4154 278 4209 lit
292 4154 356 4211 ideo
371 4152 478 4225 Victor,
489 4168 557 4209 cum
570 4157 672 4210 contre
692 4153 817 4210 sormam
841 4171 936 4228 nuper
988 4152 1095 4219 titulis,
1112 4168 1186 4225 quos
1201 4151 1268 4223 quis
1283 4154 1312 4207 et
1327 4166 1413 4207 nosse
1423 4149 1527 4207 debeat
1537 4154 1564 4207 et
1575 4150 1815 4227 tenere,capiiuls

109 4242 140 4299 in
155 4242 277 4299 concilio
291 4242 816 4310 asacerdotibusdatem‚Geminium
824 4244 935 4301 Fausti·
988 4242 1140 4300 {lominica
1150 4242 1363 4309 subnecterem,
1379 4243 1408 4296 et
1417 4239 1457 4310 id,
1487 4240 1566 4313 quod
1590 4257 1812 4315 proposueram,

106 4347 178 4389 num
188 4331 388 4405 presbyterum
404 4347 495 4387 ausus
509 4330 549 4388 sit
563 4332 665 4389 lm
680 4336 805 4389 tutorem
827 4336 935 4391 conati·
988 4333 1087 4389 divina
1099 4330 1233 4388 lectionis
1248 4328 1420 4386 auctoritate
1436 4327 1614 4386 solidarem:
1630 4334 1664 4386 ut
1677 4345 1737 4388 non
1750 4334 1812 4389 tam

107 4425 199 4491 tuere,
210 4435 268 4475 non
284 4420 415 4491 estquod
432 4434 484 4492 pro
499 4419 675 4475 dormitione
685 4420 750 4491 ejus
773 4420 850 4491 apud
880 4438 934 4479 nos
988 4426 1257 4478 tractaturnmeum
1272 4418 1549 4475 vidoerlmtibi
1565 4418 1693 4489 misisse,
1722 4436 1811 4495 quem

106 4510 158 4565 irat
166 4508 285 4575 oblatio,
301 4511 352 4564 aut
362 4506 526 4579 deprecatio
541 4508 641 4580 aliqua
663 4508 782 4565 nomine
806 4510 880 4581 ejus,
902 4510 933 4566 ln
988 4511 1140 4568 materiem
1155 4508 1349 4566 tractantibus
1364 4507 1534 4581 prebuisse.
1560 4508 1593 4565 ln
1619 4524 1676 4565 uno
1690 4512 1720 4566 et
1735 4508 1810 4568 illud

105 4596 489 4669 Ecclesialrcquentetur‚ul
509 4598 693 4654 sacerdotum
710 4597 858 4654 decretum
883 4615 930 4656 re·
945 4584 969 4651 D
984 4616 1016 4657 se
1030 4598 1216 4672 prospexisse
1230 4598 1289 4653 sit:
1309 4596 1364 4652 ·ln
1380 4595 1580 4653 exhortatione
1594 4600 1655 4653 tem
1676 4614 1811 4657 necessa·

108 4686 210 4759 ligiose
225 4692 255 4743 et
266 4686 428 4743 necessarie
444 4686 552 4743 iactum
563 4690 721 4743 serveture
736 4686 830 4755 nobis,
843 4687 933 4743 simul
987 4689 1039 4756 ris,
1054 4704 1115 4760 que
1132 4691 1275 4759 martyres
1289 4684 1385 4753 iaciat,
1410 4686 1606 4759 amputandas
1627 4702 1692 4744 essa
1705 4688 1811 4745 verbo·

106 4778 136 4832 et
149 4774 261 4831 caeteris
277 4774 414 4831 iratribus
427 4775 513 4831 detur
526 4774 742 4847 exemplum,ne
757 4776 823 4848 quis
838 4793 934 4833 sucer-
987 4794 1053 4833 rum
1069 4779 1238 4833 nostrorum
1254 4790 1351 4831 moras
1367 4777 1395 4830 et
1405 4774 1660 4848 tarditates,elque
1669 4775 1810 4851 ambages

107 4863 190 4920 dotes
205 4868 234 4919 et
248 4862 398 4919 ministros
406 4862 455 4920 llei
473 4862 558 4920 altari
582 4863 647 4935 ejus
670 4868 700 4921 et
722 4862 858 4921 Ecclesiae
883 4881 934 4923 va·
987 4864 1132 4925 sermonis
1145 4864 1269 4921 humani
1284 4863 1509 4933 subtrahendas,
1525 4864 1662 4937 ponende
1680 4866 1745 4923 sola
1759 4864 1812 4923 llla

105 4956 205 5007 osutss
220 4952 256 5007 ad
273 4951 428 5009 seculares
449 4951 600 5009 molestius
623 4954 750 5009 devocet.
780 4952 934 5017 Observari
988 4974 1052 5029 quer
1063 4954 1140 5011 Deus
1150 4952 1506 5026 loquitur,quibusseraos
1514 4951 1627 5009 suosed
1637 4951 1812 5027 martyrium

106 5040 185 5095 enim
202 5041 351 5097 deceterc
368 5042 523 5113 poteritne
538 5040 680 5099 ultrahoc
691 5042 742 5100 liat
762 5042 841 5101 circa
868 5060 934 5117 psr·
988 5044 1123 5100 Christus
1137 5041 1285 5098 bortatur.
1304 5063 1318 5091 ι»
1333 5042 1475 5113 scriptam
1492 5039 1568 5097 hanc
1591 5040 1745 5113 epistolam
1775 5042 1813 5101 nd

14 5150 17 5155 ·
106 5128 436 5197 sonamclsricorum,si
454 5131 531 5204 quod
548 5131 816 5202 nunclactumcst,
847 5132 935 5190 luerit
989 5134 1183 5191 Fortunatam
1198 5130 1368 5204 episcopum
1384 5129 1815 5191 'Fbuccsborensemsatismihi

104 5217 295 5275 vindicatum.
309 5242 323 5269 u
340 5218 428 5275 Porro
444 5235 511 5275 cum
526 5218 689 5292 Cyprianus
705 5220 778 5275 nihil
791 5220 887 5279 deille
897 5221 935 5279 le·
988 5221 1171 5295 exploratum
1186 5224 1240 5277 est.
1256 5222 1330 5276 Nem
1345 5234 1411 5276 eum
1422 5217 1583 5292 Cyprianus
1592 5218 1817 5294 {rutrsmnppsl

105 5308 152 5381 gis
166 5308 319 5365 severitate
330 5308 599 5380 renriserit,ueipse
614 5308 734 5379 quidem
749 5325 848 5365 curem
866 5327 935 5368 sua·
990 5311 1180 5381 lst,unnsque
1195 5308 1315 5365 nemius
1330 5308 1508 5364 Fortunatus
1528 5308 1622 5363 cietur
1645 5308 1816 5367 Tbuceebo·

108 5396 223 5470 cepisse
248 5396 400 5467 putandus
423 5394 663 5467 estconjugisct
693 5396 851 5454 liberorum
879 5398 937 5455 Ge·
990 5399 1084 5456 reneis
1100 5398 1176 5453 inter
1190 5396 1353 5469 episcopos,
1369 5396 1419 5469 qui
1435 5395 1640 5467 Carthaginem
1659 5412 1753 5470 nuper
1778 5397 1816 5457 ad

106 5482 166 5542 ciiii
182 5484 355 5558 presbyteri,
370 5486 456 5557 cujus
471 5484 534 5557 ipsc
549 5499 638 5557 opera
652 5483 937 5545 Christiannslactus
991 5486 1145 5547 concilium
1162 5488 1365 5542 couvenerant.
1381 5484 1437 5541 Sed
1457 5484 1590 5556 eiusdem
1616 5484 1751 5561 exempla
1778 5488 1814 5545 ad

105 5576 215 5645 lueret,
230 5578 259 5633 et
274 5589 362 5647 quem
378 5578 520 5648 tanquam
535 5589 614 5629 nove
630 5573 694 5630 vilra
720 5578 870 5647 parentem
886 5576 938 5633 ob·
992 5577 1065 5635 elios
1077 5591 1194 5649 quoque
1209 5574 1310 5647 missa,
1325 5579 1359 5633 ut
1373 5590 1463 5648 quam
1479 5572 1732 5635 multisusuiesse
1746 5592 1814 5651 pos·

101 5664 253 5721 servabat.
269 5662 377 5721 Scribit
391 5664 510 5737 quidem
518 5664 594 5720 deeo
602 5663 724 5721 Pontius
734 5662 884 5723 bisvsrbis
894 5668 937 5738 (in
993 5669 1047 5737 set,
1062 5669 1139 5723 recte
1150 5662 1339 5737 judicaveris.
