3892 6104
167 241 207 304 35
787 230 1002 298 naseross.
1023 234 1253 300 nanrrnon
1831 235 1872 297 aa

170 377 344 433 aestuantem
361 374 390 428 et
403 370 553 428 sitientem
568 367 727 439 valdcffl),
738 367 857 424 sordido
872 368 952 423 vultu
965 373 993 424 et
1006 371 1034 438 Α
1048 373 1149 441 tatem,
1165 370 1238 425 facie
1253 372 1404 426 cancerata
1420 368 1453 429 θ’.
1470 364 1548 422 male
1571 365 1653 432 obiit,
1668 365 1709 421 ita
1734 371 1768 422 ut
1791 383 1873 424 mors

168 465 263 522 colore
278 462 396 535 pallido,
408 464 437 516 et
446 458 553 515 vulnus
563 457 592 511 in
607 458 678 513 facie
689 457 754 527 ejus
764 457 842 529 quod
854 473 921 512 cum
933 473 993 513 me·
1047 459 1113 514 odio
1128 458 1422 528 tuerit(73)omnibus
1432 455 1615 512 hominibus.
1625 457 1674 512 35
1688 457 1742 510 Pro
1753 457 1808 521 boc
1818 473 1872 529 ago

166 558 278 611 reretur
292 550 403 607 habuit.
420 549 472 604 llic
488 546 653 602 dinocrates
678 545 773 602 suerat
796 546 885 601 irater
909 562 992 602 meus
1046 546 1207 602 orationem
1223 545 1424 619 seceramtlllt
1436 551 1462 598 ct
1482 545 1611 600 interme
1626 552 1654 600 et
1665 544 1748 599 illum
1761 548 1873 615 grande

164 640 291 700 carnalis
315 640 381 712 (72),
405 652 551 692 annorum
575 640 699 707 septem,
716 635 767 707 qui
791 651 843 707 per
866 634 990 690 infirmi·
1045 638 1108 690 erat
1129 633 1263 691 diadema
1287 635 1342 707 (75)
1367 636 1400 703 ⁸⁰,
1415 635 1457 688 ita
1481 639 1515 689 ut
1539 640 1662 705 uterque
1684 634 1720 688 ad
1745 633 1872 691 invicem

871 735 975 795 Variae
996 732 1155 795 lectiones.

200 840 224 875 ¹⁹
238 837 382 893 Macersta
395 832 455 889 cod.
472 829 571 888 Satist.
609 831 632 866 ³⁰
646 832 733 888 Locus
748 829 913 893 meus:
937 830 999 886 Cad.
1017 830 1116 887 Satist.
1139 829 1219 887 tolet
1231 829 1372 886 dientem.
1389 829 1551 902 Suspicatur
1574 829 1728 885 Halstenius
1748 830 1871 888 scriben-

163 910 231 966 dum
244 909 398 976 diastema,
415 919 478 975 quae
491 920 545 959 voa
559 902 654 960 uraca
668 901 853 959 intervallum
868 902 1015 973 siqnifirat.

869 1002 1037 1064 variorum
1057 1007 1150 1062 nota.

165 1119 197 1160 se
213 1102 398 1158 Dinocratem
414 1102 562 1173 spectasse
577 1099 728 1155 affirmat:
754 1115 813 1155 non
828 1098 906 1171 quod
922 1101 992 1154 tunc
1045 1100 1141 1169 serpit.
1167 1099 1202 1154 lli
1225 1097 1340 1154 videtur
1360 1096 1536 1153 translatum
1560 1112 1594 1151 ex
1618 1112 1721 1152 cancro
1747 1099 1868 1155 animali

167 1175 343 1231 liberaretur
367 1177 471 1245 poenis,
487 1187 557 1228 nam
582 1171 636 1226 hoc
660 1170 747 1243 paulo
769 1174 838 1252 post
852 1170 992 1242 contigit;
1067 1168 1199 1242 olypode,
1215 1174 1381 1226 antrorsum
1406 1173 1436 1249 et
1459 1172 1619 1249 retrorsum
1642 1174 1756 1250 reptare
1771 1171 1867 1228 solito.

169 1248 220 1304 sed
236 1246 314 1319 qood
329 1244 474 1317 permissu
491 1241 554 1310 Ilei,
568 1242 636 1298 inde
651 1257 717 1297 cum
730 1258 793 1298 suis
814 1243 910 1313 paenis
933 1241 991 1298 exi·
1046 1186 1108 1296 flue
1123 1242 1192 1297 facit
1206 1241 1329 1298 Luciferi
1342 1238 1497 1296 Calarrtanr
1512 1238 1595 1296 locus
1610 1255 1640 1294 ιιι
1663 1239 1738 1296 libro
1761 1243 1799 1298 lle
1812 1260 1869 1299 non

169 1322 225 1384 ret,
242 1321 275 1373 ιιι
289 1315 459 1397 imploraret
471 1313 640 1370 subsidium
656 1329 776 1386 precum
790 1313 899 1369 sororis
918 1329 925 1368 :
941 1330 992 1369 cu·
1045 1313 1227 1369 conveniendo
1250 1329 1313 1368 cum
1341 1312 1476 1369 hereticis
1500 1311 1537 1364 ad
1562 1310 1765 1368 Constantium
1794 1313 1868 1387 imp.

166 1391 219 1462 jus
243 1403 357 1460 generis
381 1391 440 1441 tarn
467 1382 575 1451 multa,
590 1389 710 1456 tamque
734 1387 845 1440 testatae
870 1385 946 1457 apud
961 1383 990 1441 S.
1047 1384 1180 1439 arianum
1199 1401 1206 1438 :
1223 1383 1269 1440 Sic
1281 1388 1321 1439 cst
1334 1383 1367 1438 de
1382 1398 1492 1455 corpore
1507 1381 1636 1437 Ecclesia
1648 1384 1755 1438 eccisus
1767 1385 1869 1440 Sabet-

168 1459 340 1532 Gregorium
356 1461 384 1512 et
399 1457 471 1513 alies
487 1456 651 1539 referuntur
667 1455 863 1538 apparitiones
879 1455 991 1511 anima·
1046 1454 1126 1538 licus,
1142 1458 1173 1510 ul
1187 1459 1226 1509 est
1240 1458 1267 1510 et
1278 1454 1503 1538 condetestabilis
1512 1455 1698 1535 tarrs‘eacisus
1706 1454 1791 1510 Arius
1802 1457 1866 1540 iste,

168 1526 905 1673 ‘ra,praeterrirretieturntra
929 1596 991 1654 aas
1045 1525 1626 1660 tratretterruettttrtt
1640 1526 1869 1667 “ffttrt'liir‘r

166 1677 333 1745 congruunt
348 1688 414 1727 cum
435 1669 569 1726 doctrina
592 1668 725 1725 Ecclesia
748 1669 784 1724 de
808 1615 988 1741 ssurgatorio,
1006 1697 1028 1763 B
1043 1673 1140 1724 tenen
1176 1669 1214 1722 rii
1229 1683 1388 1723 cancerasse
1407 1683 1570 1748 sermonem,
1586 1682 1648 1749 cuns
1670 1670 1751 1737 sator
1770 1684 1868 1725 cance-

166 1745 215 1800 ubi
232 1747 303 1799 astu
318 1750 345 1798 et
361 1743 426 1814 igne
437 1742 543 1797 animae
553 1740 989 1812 torquentur.Namhunetlino-
1044 1741 1166 1795 rationis
1180 1740 1281 1795 tuaeort
1294 1745 1646 1810 omnemperrenerrtrcan
1663 1740 1705 1793 tui
1718 1740 1806 1794 locum
1816 1757 1828 1802 ;
1839 1749 1867 1797 et

166 1810 988 1885 cratsmiuissebaptizatomAugustinusobservat,quem
1042 1812 1134 1866 cuncti
1158 1813 1184 1865 te
1203 1813 1292 1866 vitare
1314 1812 1502 1877 statuerimus,
1526 1822 1561 1864 ne
1584 1810 1687 1880 elapsi
1711 1813 1785 1881 peste
1812 1815 1867 1869 tao

166 1881 986 1967 pronumesteredereposteainaliqusmimpatiantiam
1042 1881 1147 1937 Ariana
1170 1897 1389 1938 canceraremur.
1415 1881 1479 1936 ltaec
1506 1878 1563 1934 illc.
1589 1880 1631 1935 Ex
1656 1879 1740 1950 cujas
1767 1883 1866 1939 verbis

166 1957 325 2023 1neidissc;
348 1956 402 2022 vel,
419 1957 495 2026 quod
513 1970 564 2009 sus
586 1954 681 2009 icatur
695 1954 724 2010 S.
741 1952 935 2025 Augustinus,
952 1954 988 2009 ab
1043 1953 1135 2009 obiter
1149 1953 1314 2025 colligimus
1327 1957 1509 2008 canceratam
1525 1949 1641 2030 taciem,
1655 1968 1788 2033 quavox
1808 1952 1864 2010 hoe

165 1970 987 2100 impiopatretentatum,inlidelevitertitubasselloasr.
1040 2023 1105 2081 loco
1120 2024 1235 2094 legitur,
1250 2040 1309 2079 nen
1329 2039 1392 2079 esse
1416 2023 1580 2077 barbariem
1603 2021 1732 2094 sequiori
1755 2026 1864 2082 saeoulo

202 2100 258 2170 (72)
271 2099 368 2153 Frater
381 2113 458 2152 meus
473 2096 604 2152 carnalis.
628 2096 673 2151 Sic
694 2095 755 2151 Afri
779 2095 865 2170 vulgo
888 2094 989 2167 loque·
1042 2099 1152 2162 natam,
1178 2098 1210 2150 ut
1233 2111 1378 2150 nonnemo
1402 2111 1436 2149 ex
1460 2092 1580 2149 medicis
1607 2109 1624 2148 a
1653 2109 1699 2148 me
1720 2095 1864 2152 consultis

163 2169 281 2226 bantur.
299 2168 328 2223 S.
344 2169 385 2223 Au
408 2173 477 2232 ast,
493 2167 579 2239 epist.
595 2182 692 2224 ccxxv.
708 2169 800 2238 Neque
813 2167 863 2223 boc
880 2166 987 2223 inuicte-
1041 2165 1243 2236 contendebat,
1251 2182 1363 2239 negans
1376 2180 1550 2237 equaquam
1558 2162 1863 2235 antiquorumdictam

163 2250 230 2297 runt
243 2240 371 2296 Ecclesia
388 2184 561 2308 gloqastcnsi,
577 2253 640 2309 qua
663 2239 787 2295 carnatis
829 2240 988 2321 serapim
1041 2242 1225 2295 carceratam
1240 2238 1363 2305 taciem,
1378 2252 1535 2292 cancrorum
1550 2234 1628 2316 euim
1642 2235 1699 2291 dici
1714 2236 1863 2318 astruisse,

164 2319 213 2368 est.
228 2310 319 2366 Haesit
332 2309 394 2367 haec
408 2326 462 2367 sax
476 2310 506 2364 in
530 2309 568 2364 lin
593 2325 631 2364 aa
654 2308 752 2365 italica
775 2255 888 2383 rufgarl
913 2324 917 2357 ·.
1041 2326 1106 2382 quae
1120 2325 1264 2365 macerae
1279 2317 1305 2364 et
1318 2311 1462 2364 concentu
1483 2323 1600 2363 nonnisi
1615 2323 1632 2362 a
1651 2310 1863 2366 recentrorinus

163 2382 224 2438 iere
237 2381 438 2454 corruptiones
454 2326 666 2452 antiquiqatini
682 2381 824 2438 sermonis
836 2397 904 2454 amp
962 2378 986 2423 '-
1040 2381 1164 2436 barbare
1179 2379 1367 2451 loquentibus
1383 2379 1506 2434 dicatur.
1523 2377 1628 2434 Hoasr.
1735 2449 1741 2460 ·

162 2456 222 2520 tur,
242 2455 342 2509 lleasr.
1074 2450 1132 2529 (rt)
1145 2452 1202 2507 Pro
1221 2451 1272 2508 loc
1286 2467 1335 2523 eqo
1358 2452 1512 2506 oraticnem
1524 2452 1656 2520 feceram.
1681 2449 1818 2505 Africana
1833 2455 1862 2505 et

201 2525 247 2607 (73
272 2525 505 2580 Faciecancerota
525 2523 598 2578 mate
618 2523 698 2593 abiit,
715 2525 757 2579 ita
779 2527 810 2579 ut
832 2538 904 2578 mors
927 2523 986 2593 eins
1039 2519 1221 2599 heolosutio
1235 2526 1289 2579 est.
1306 2522 1378 2579 Nam
1394 2525 1422 2578 et
1435 2521 1512 2594 apud
1528 2518 1740 2576 Tertullianum
1755 2521 1863 2594 iegitur

164 2595 225 2653 adra
253 2598 335 2652 uerit.
352 2599 407 2650 etc.
424 2592 575 2667 Significat
594 2610 661 2649 eum
685 2593 737 2650 tali
762 2598 856 2649 morte
880 2594 932 2649 dei
973 2625 985 2636 -
1038 2596 1129 2666 [am
1149 2582 1342 2666 preculionem.
1360 2593 1415 2648 Sed
1462 2591 1518 2648 uod
1535 2591 1571 2647 ad
1596 2607 1657 2646 rem
1681 2591 1794 2660 attinet,
1811 2591 1860 2649 hie

163 2664 938 2750 ctum,quaehorroremincuteretspectantibus,prop
1039 2665 1186 2722 notandus
1215 2670 1259 2735 est
1282 2663 1421 2737 antiquus
1485 2662 1578 2718 alesia
1606 2678 1678 2718 usus
1701 2667 1730 2718 et
1754 2679 1861 2720 sensus

162 2735 983 2795 deformitatemsoedietioetidiulcsrrsinlacieexstantis.
1039 2735 1142 2792 orandi
1177 2752 1208 2815 m
1230 2735 1362 2808 mortuis,
1377 2752 1478 2809 paenas
1503 2737 1687 2806 peccatorum
1704 2738 1769 2805 post
1783 2733 1860 2791 hano

160 2809 235 2877 Quid
249 2827 336 2882 porro
352 2823 456 2865 cancer
471 2807 519 2876 sit,
532 2814 564 2863 αι
578 2807 731 2871 sciremus,
739 2813 843 2879 praeter
851 2811 984 2864 catenam
1031 2805 1128 2867 jalam
1150 2754 1321 2875 fiscannum
1346 2807 1432 2879 cujus
1446 2822 1513 2862 oum
1531 2804 1632 2860 ‘multa
1645 2805 1705 2860 sint
1728 2804 1785 2861 alia
1800 2806 1858 2863 ilde

160 2881 356 2954 diligentiam,
372 2879 502 2935 medicos
523 2894 641 2950 quoque
660 2878 854 2935 consulendos
870 2879 984 2951 putavi·
1010 2876 1214 3009 ',.d,ignisdma
1228 2878 1406 2948 testimonia,
1422 2883 1485 2933 tum
1500 2876 1555 2932 hoc
1577 2875 1676 2948 magni
1692 2875 1859 2933 laciendum

160 2968 238 3018 mus,
249 2969 284 3008 ex
299 2968 424 3024 quorum
438 2949 597 3022 responsis,
609 2949 717 3006 additis
730 2949 996 3021 quibusdam,baed*
1036 2946 1065 3007 vi
1086 2954 1169 3018 etum
1186 2950 1449 3024 quippescriptum
1464 2952 1593 3006 asancta
1607 2950 1734 3019 martyre
1749 2947 1858 3007 divinis

163 3023 377 3096 congessimus.
407 3021 517 3077 Cancer
539 3020 644 3092 priscis
666 3021 775 3077 Latinis
797 3021 875 3077 idem
899 3025 985 3078 senat
1031 3014 1406 3097 ·reralationibuedignsta,
1420 3026 1448 3076 et
1458 3037 1518 3076 sua
1528 3018 1774 3083 consummationi
1786 3036 1856 3092 pro-

164 3095 242 3168 quod
258 3110 415 3167 gangrena
428 3111 435 3160 ;
450 3094 491 3148 ita
501 3091 612 3148 Nonius
626 3091 803 3148 Marcellus:
827 3065 1021 3169 Ganorm'c
1033 3093 1127 3169 ¹arima.
1142 3092 1200 3149 Nee
1215 3094 1307 3151 restat
1329 3091 1473 3157 hereticis
1486 3090 1618 3164 exceptio
1629 3090 1676 3159 do,
1687 3089 1807 3155 uitale
1823 3108 1857 3149 ao

163 3174 203 3221 est
215 3181 330 3227 cancer:
345 3179 432 3237 quem
449 3162 630 3219 Glossarium
646 3167 729 3218 vetus
738 3163 825 3219 etiam
837 3164 1010 3236 sequitur„··
1034 3164 1094 3223 fide
1107 3164 1213 3221 borum
1228 3166 1368 3222 Asterum
1383 3169 1449 3236 post
1462 3167 1506 3235 ιοι
1526 3179 1560 3218 ac
1574 3168 1634 3219 tam
1646 3158 1798 3219 luculenta
1811 3165 1856 3219 te·

163 3252 258 3306 eoque
271 3234 349 3292 trahi
361 3238 458 3308 potest
471 3233 622 3290 Cornelius
637 3233 810 3363 Celsusff.
831 3250 893 3301 vra,
918 3232 1580 3319 capg,--·'stimonla'omniegenerisscripttn·nm
1590 3230 1855 3306 ipsalaodantium

160 3308 204 3379 10,
225 3307 275 3363 ubi
302 3307 373 3362 dum
401 3307 583 3379 promptiores
607 3320 719 3361 cuncos
792 3320 892 3377 ,cum
917 3318 984 3362 ossas
1037 3304 1183 3379 quaehuic
1201 3302 1558 3379 voluminladjunxrmus.
1574 3300 1858 3377 Suntautemisjus·

157 3379 291 3450 sracturae
318 3381 410 3433 carnis
440 3393 546 3449 quoque
575 3375 678 3433 uulnus
715 3376 837 3444 accessit,
867 3377 984 3434 videtur
1036 3376 1244 3460 modiqaibus
1255 3392 1291 3433 ne
1302 3378 1488 3435 contumacia
1498 3376 1616 3450 quidem
1630 3375 1695 3447 ipsa
1705 3380 1791 3446 atque
1801 3375 1859 3432 im·

157 3449 371 3523 significaram
382 3450 459 3522 quod
477 3465 532 3505 usu
557 3446 729 3513 cernitur,in
741 3447 793 3503 tali
803 3450 983 3523 casurasque
1037 3449 1179 3523 pudentia
1193 3447 1319 3519 objicere
1328 3448 1489 3521 quidquam
1505 3447 1739 3521 possevideatur.
1755 3446 1859 3503 Hoasr.

157 3520 322 3594 periculum
334 3536 399 3577 esse
413 3518 658 3593 gangraenae.Non
681 3518 873 3579 iaciletamen
885 3534 983 3597 accep
1073 3520 1129 3593 (75)
1145 3521 1179 3576 Et
1203 3522 1276 3576 inter
1296 3521 1485 3579 mestitiam
1507 3519 1611 3602 prande
1633 3522 1696 3574 erat
1720 3517 1860 3575 diadema.

160 3591 250 3648 serim
265 3592 301 3646 ad
317 3591 493 3647 sententiam
509 3588 614 3671 eruditi
629 3590 746 3655 medici,
761 3591 812 3673 qui
828 3588 983 3675 polignam
1024 3588 1104 3653 ‚Nun
1125 3589 1290 3662 dissimulo,
1305 3590 1331 3647 si
1354 3591 1515 3664 suspicioni
1532 3593 1609 3646 esset
1634 3588 1861 3662 indulgendum,

155 3661 219 3718 hac
234 3662 410 3732 observavit,
427 3664 513 3733 negat
529 3661 672 3732 sequioris
687 3667 839 3732 nostrique
857 3679 909 3717 avr
924 3676 985 3717 me·
1015 3660 1204 3731 *zelent-non
1219 3661 1282 3718 sine
1297 3662 1488 3720 fundamento
1504 3660 1604 3734 reponi
1626 3677 1712 3733 posse
1727 3660 1863 3718 diastema

159 3732 233 3789 diris
243 3733 272 3788 in
283 3731 586 3804 hujusvocisnotione
596 3747 662 3787 oum
675 3731 806 3803 antiquis
816 3733 984 3789 convenire:
1026 3730 1252 3861 immodesta.
1267 3732 1340 3793 Nm
1366 3734 1549 3791 diastematis
1571 3747 1672 3790 vocem
1695 3732 1803 3789 latinis
1829 3749 1864 3789 eo

180 3807 315 3876 repterea
330 3804 407 3876 quod
423 3803 453 3859 id
468 3801 565 3859 canori
580 3804 698 3859 nomine
714 3802 893 3877 intelligunt,
908 3804 985 3877 quod

158 3821 270 3933 grecis
284 3872 450 3950 Καρκινωμα
465 3874 574 3930 dicitur
589 3890 595 3930 :
613 3873 698 3946 quasi
713 3889 779 3931 vere
795 3892 853 3932 non
874 3876 987 3948 antiqui
1040 3875 1125 3933 libro.
1140 3878 1179 3932 lle
1193 3892 1285 3948 oqror,
1295 3877 1408 3951 quaid,
1425 3875 1475 3932 abi
1489 3892 1531 3931 sio
1555 3874 1657 3931 scribit
1673 3892 1680 3933 :
1694 3874 1728 3931 Si
1740 3883 1793 3931 tres
1808 3877 1864 3931 cir·

166 3963 284 4020 queque
299 3945 616 4002 darcinomatisGreco
631 3945 759 4016 nomine,
772 3946 907 4003 Latinum
919 3963 988 4004 can·
1041 3948 1099 4004 culi
1108 3963 1190 4016 pares
1203 3948 1319 4019 tuerint,
1328 3949 1400 4004 inter
1414 3964 1442 4004 se
1451 3948 1555 4018 aequati
1565 3947 1725 4002 diastanotc
1734 3947 1863 4003 connexi.

166 4018 206 4075 ori
236 4022 288 4073 aut
313 4017 445 4074 canceris
473 4017 648 4074 vocabalum
676 4017 883 4099 expresserint.
913 4022 988 4075 Sane
1017 4086 1021 4093 Ι
1031 4020 1077 4081 „nt
1091 4016 1297 4091 llyngiuusile
1319 4018 1404 4074 limit.
1421 4019 1537 4074 constit.
1556 4034 1562 4074 :
1581 4018 1651 4086 Quid
1665 4016 1736 4090 quod
1749 4033 1798 4074 nec
1812 4017 1865 4072 illc

166 4088 268 4146 Celsus
282 4073 333 4157 lib,
349 4106 376 4155 v,
392 4104 456 4160 cap.
469 4089 515 4158 28,
536 4089 571 4144 de
595 4105 700 4145 cancro
716 4105 744 4143 in
764 4088 837 4145 facie
857 4094 1000 4151 exstante
1014 4106 1023 4139 ·'
1037 4092 1104 4165 -tpsa
1116 4091 1243 4165 cepione,
1259 4089 1322 4146 solis
1335 4095 1489 4161 conspectus
1503 4094 1574 4146 recte
1605 4097 1671 4146 otest
1684 4088 1863 4161 deprehendi,

165 4159 212 4216 bis
227 4160 324 4217 verbis
339 4159 488 4232 loquitur:
504 4159 647 4215 Nonidem
662 4161 816 4231 pericolum
830 4159 991 4236 καρκίνωμα
1024 4148 1099 4235 'fraisi
1174 4161 1268 4219 aldus
1287 4163 1441 4219 abortuet
1464 4177 1559 4218 occasu
1592 4161 1791 4228 austeritatibus,
1805 4162 1865 4231 ser-

163 4231 255 4304 otini,
278 4232 336 4286 nisi
359 4230 545 4302 imprudentia
569 4232 697 4287 nerontis
724 4232 858 4303 aqitotum
885 4241 933 4290 est.
959 4226 1024 4303 ld„
1041 4246 1077 4291 ro
1155 4236 1180 4305 J
1308 4248 1352 4290 ur.
1373 4233 1445 4289 llam
1476 4249 1483 4288 ι
1515 4234 1625 4290 Terram
1648 4234 1780 4304 punctam
1808 4245 1867 4287 esse

163 4305 264 4360 citiam
289 4303 320 4373 fil
346 4304 469 4358 mamma
491 4303 522 4357 in
544 4317 577 4356 su
596 4302 732 4358 uiantes
761 4303 887 4373 partibas
913 4304 1116 4371 arcessat,
1131 4311 1157 4359 et
1175 4304 1207 4360 in
1234 4302 1351 4369 erotem
1372 4306 1464 4373 canpto
1477 4304 1635 4360 diastemate
1648 4304 1764 4375 spiritns
1780 4303 1865 4358 siasti-

163 4375 276 4500 ssrciem,
300 4390 391 4441 nares,
416 4389 508 4439 cures,
537 4318 628 4442 talia,
652 4389 787 4429 mammas
805 4374 988 4445 laminarum.
1043 4390 1119 4431 nere.
1144 4373 1249 4432 linter.
1272 4404 1308 4417 —-
1331 4377 1364 4433 Et
1383 4377 1514 4434 interme
1536 4383 1561 4432 et
1584 4374 1783 4446 itlumqrande
1804 4379 1869 4430 erat

1060 3800 1073 3813 '‘
1118 3800 1146 3861 lo
1166 3806 1381 3876 frequentatam
1402 3804 1564 3886 intelligere
1579 3803 1646 3860 licet
1660 3820 1694 3859 ex
1709 3820 1718 3858 1
1733 3803 1865 3860 Frontini

191 4451 312 4527 actenm
326 4445 427 4502 Celsus
441 4445 492 4572 spui
509 4445 596 4501 etiarn
614 4444 664 4500 lib.
681 4461 719 4511 vr,
736 4460 799 4517 cap.
818 4444 864 4526 15,
877 4446 990 4501 oumde
1004 4433 1028 4501 D
1043 4447 1186 4518 alcmena,
1198 4449 1240 4504 ito
1264 4449 1296 4503 ut
1434 4518 1438 4523 ³
1456 4448 1491 4504 ad
1514 4448 1633 4502 invicem
1655 4444 1784 4502 accedere
1810 4461 1867 4501 noa

167 4531 346 4573 orrscaucro
362 4519 432 4588 agit,
469 4514 675 4583 ehoenlcere,
712 4516 769 4572 aod
785 4515 841 4572 alio
857 4515 906 4572 illo
925 4516 989 4573 loco
1039 4519 1277 4593 possennatluae
1290 4514 1375 4585 tlotat
1408 4517 1618 4577 iollolsteniue
1635 4517 1865 4587 deconjeetura,

167 4586 333 4644 carcinoma
349 4594 440 4658 vocat,
455 4587 570 4643 videtur
593 4533 792 4669 loquiffiuare
810 4587 989 4669 'crediderim
1044 4605 1130 4660 quar
1175 4586 1336 4665 ruendam
1344 4589 1513 4665 suspicatur
1524 4588 1658 4645 diastema
1686 4586 1865 4654 redicam,

166 4655 325 4731 aequisona
339 4674 445 4714 nomen
459 4673 694 4739 essecommune
704 4657 904 4747 difficilimum
914 4658 990 4716 ulce-
1042 4659 1162 4744 videntb
1193 4659 1270 4743 hanc
1283 4661 1480 4788 exeeplitopem
1491 4660 1551 4742 pati
1567 4660 1645 4733 quod
1660 4605 1724 4717 leros
1737 4657 1786 4715 illa
1801 4674 1867 4731 quae

166 4728 991 4882 tterattiastatuissetis„stastatuta
1043 4734 1121 4860 att
1142 4734 1339 4874 ittarta
1361 4746 1867 4878 sttttttttttttttffiatttt

167 4870 209 4927 lia
222 4870 360 4928 evadunt.
377 4871 411 4927 at
433 4888 463 4926 ια
489 4870 579 4928 lexico
601 4872 785 4944 llrppocratio
800 4872 989 4946 καρκιναῦαιιαι
1043 4873 1193 4941 istarum,
1209 4892 1273 4947 qua
1288 4880 1414 4949 eratpro
1437 4879 1480 4932 ria
1494 4875 1565 4931 artis
1586 4873 1814 4947 agrimensoris,
1832 4889 1865 4930 ao

168 4942 330 5015 explicatur
346 4958 405 5026 per
425 4938 630 5026 catapalastus,
659 4943 736 5025 qnod
756 4948 801 5000 est
815 4946 988 5002 concenturi.
1043 4951 1253 5014 consequenter
1281 4945 1375 5003 aliena
1404 4895 1441 5003 ai>
1473 4964 1530 5002 usu
1556 4945 1680 5029 vulgari,
1704 4944 1867 5019 prasertim

168 5017 330 5086 Gangraena
345 5019 436 5087 agitur
449 5030 566 5086 proprre
578 5014 666 5080 dicta,
683 5031 707 5070 αι
723 5031 858 5071 acancro
882 5016 995 5091 differt,
1043 5014 1203 5071 mulierum
1225 5016 1256 5072 in
1281 5017 1388 5073 Africa.
1405 5018 1506 5090 ltaque
1530 5022 1734 5089 oum,nt1pse
1757 5015 1870 5072 Holste·

167 5086 284 5142 ridetur
297 5102 364 5142 cum
380 5101 413 5141 ee
429 5085 603 5157 participare
613 5101 769 5142 commune
781 5103 887 5143 nomen
902 5084 1003 5144 carel&
1044 5085 1113 5145 nius
1127 5089 1261 5161 agnoscit
1273 5088 1302 5143 in
1317 5086 1391 5160 ipsis
1405 5088 1464 5144 illis
1480 5088 1597 5144 schedis
1609 5089 1686 5144 ande
1699 5089 1786 5144 istam
1803 5088 1868 5159 ejus

166 5158 303 5223 nemetis,
321 5156 457 5213 differens
481 5158 517 5213 ab
542 5172 575 5213 eo
596 5157 729 5225 sortasse,
746 5158 822 5228 quod
838 5157 989 5214 celerrime
1033 5154 1511 5235 ,natam‘expressimuaconstans
1529 5161 1677 5217 etdiserta
1688 5177 1742 5216 ms.
1757 5158 1867 5215 codicis

167 5233 289 5283 mortem
307 5228 425 5296 allerat;
441 5244 508 5283 cum
524 5244 627 5284 cancer
640 5227 682 5285 ita
709 5233 816 5300 serpat,
833 5235 864 5284 ut
888 5228 989 5285 multis
1023 5226 1130 5291 ,lectio
1151 5228 1280 5287 tuma
1304 5230 1446 5303 preferat,
1463 5248 1521 5286 non
1548 5235 1592 5287 est
1607 5247 1696 5287 causa
1715 5247 1768 5287 cur
1783 5228 1870 5285 facile

168 5299 252 5353 annis
269 5298 417 5355 hominem
433 5299 528 5355 adhuc
543 5301 687 5356 viventem
709 5301 893 5371 depascatur.
909 5299 988 5355 Nihil
1019 5302 1188 5371 <moleton
1236 5304 1239 5313 '
1262 5301 1362 5358 sertim
1374 5318 1442 5358 cnm
1457 5302 1540 5359 valde
1551 5304 1736 5360 commodum
1748 5316 1867 5357 sensum

168 5372 266 5424 autem
291 5374 368 5426 vetat
393 5371 463 5442 quin
489 5387 602 5436 cancer,
626 5387 684 5443 quo
710 5371 877 5426 Dinocrates
905 5371 989 5437 obiit,
1042 5386 1147 5443 essex
1159 5314 1286 5434 Regni·
1301 5373 1448 5445 siquidem
1472 5373 1607 5431 istalocs
1631 5374 1785 5430 tenebrosa
1801 5389 1866 5444 qua

166 5455 322 5513 gangrena
334 5443 428 5510 luerit;
441 5458 509 5497 nam
521 5443 549 5496 id
557 5458 592 5497 ex
603 5458 633 5498 re
655 5445 808 5497 resentata
817 5447 876 5498 tam
889 5448 990 5498 tenera
1032 5442 1195 5519 'complura
1209 5460 1242 5502 ee
1254 5413 1364 5513 vidiae
1378 5462 1411 5500 su
1436 5446 1515 5502 erius
1530 5445 1581 5514 ait,
1593 5449 1655 5502 erat
1669 5445 1764 5500 instar
1776 5459 1866 5499 zona-

169 5516 252 5566 aetate
268 5517 369 5596 morte,
386 5513 529 5596 suspicari
546 5512 622 5569 licet.
634 5459 690 5568 {let
704 5517 802 5568 autem
823 5513 987 5585 utriusque,
1043 5528 1109 5570 rum
1136 5463 1495 5597 quamdgm'quaiesa
1517 5516 1738 5590 cosmographis
1759 5514 1870 5571 utiliter

170 5589 229 5638 tam
246 5599 387 5649 canceris,
403 5600 632 5656 inquam,quam
647 5599 810 5656 gangrena
820 5585 987 5657 proprium,
1042 5582 1367 5657 finguntur,⁴eselcs··'at
1391 5593 1499 5645 terram
1524 5589 1746 5660 amplectentes,
1763 5602 1868 5654 nempe

168 5670 296 5728 serpere,
312 5653 535 5712 andeestillud
551 5654 717 5712 adtraat.
778 5700 787 5711 ..
847 5671 901 5727 .11,
917 5656 988 5729 ill,
1043 5657 1138 5741 spatia
1163 5658 1426 5869 obloleobos
1450 5659 1611 5717 ambientis
1636 5661 1742 5716 idonea
1764 5657 1867 5716 latitu-

165 5727 202 5812 do
217 5724 353 5796 Doctrina
367 5723 569 5791 hereticorum
586 5742 594 5787 r
610 5724 664 5787 dtr
737 5728 808 5857 ’ψ
851 5727 990 5791 acorem
1042 5726 1120 5802 droa,
1137 5744 1212 5809 qua,
1273 5728 1276 5735 '
1331 5729 1368 5791 ad
1390 5730 1500 5796 interos
1519 5730 1634 5811 attinet,
1658 5729 1800 5810 antiquus
1819 5727 1867 5809 los

898 5914 954 5953 ,ΗΡ

879 5930 954 6047 ,ιφ

863 6002 953 6063 ..μέ
