3900 6112
19 172 112 243 ‘aff'
201 188 228 215 ''-
245 164 298 213 ·.·.
1166 203 1196 229 -ι-
1438 224 1442 231 -

31 246 43 345 -Ι
85 300 148 367 ria
245 272 253 281 '
443 334 448 341 -
826 278 1049 359 hersroia.
1342 348 1347 357 .
1735 274 1853 367 ιη’

53 428 56 433 “
80 454 135 491 aaa
162 432 231 506 (aa).
244 427 348 487 rodaco
375 426 405 487 tt
428 398 468 503 psl
493 428 601 505 τυχὼν,
615 430 675 493 πῶς
704 428 734 485 tto
757 430 806 483 τοῦ
830 426 908 505 eston
922 430 952 499 Α
966 396 1113 503 percepto.
1129 430 1276 504 quomodo
1300 388 1457 505 Spiritum*
1468 436 1605 491 sanctum
1626 432 1723 506 potuit
1745 450 1799 493 ao·

82 521 243 597 usitasse:
258 516 351 611 ἱιυχι,
965 516 1086 591 cipere?

798 616 966 681 Varioiiiiii
980 620 1075 679 notre.

82 720 208 793 lllagnus
227 715 406 791 cyprianum
430 715 589 783 consuluit,
605 738 621 767 a
638 714 706 789 quid
727 714 783 788 ipsi
798 714 835 770 de
849 712 909 770 illis
1003 714 1091 770 Porro
1104 712 1535 788 utadNovatianibaptismum
1545 706 1712 789 mosanas,
1726 716 1796 774 hino

81 792 239 867 videretur,
261 788 356 860 quiin
379 786 551 845 infirmitate
566 791 596 844 et
616 786 758 861 languore
772 786 909 913 (gratiam
966 801 1104 843 manasse
1119 785 1192 842 milii
1216 786 1332 845 videtur
1346 801 1410 843 mos
1435 788 1675 856 Novatianorum,
1699 789 1796 864 quiin

85 862 372 932 heiconsequuntnr,
384 876 422 915 an
432 858 559 942 habendi
571 858 764 941 sintlegitimi
795 857 911 913 hristia·
966 858 1114 929 baptismo
1134 872 1254 940 sacrum
1276 856 1407 917 chrisma
1431 876 1489 916 non
1511 860 1697 934 adhibebant,
1718 866 1798 947 teste

83 934 182 1062 itt:
213 930 911 1075 tttttttailltittttitillata:
969 926 1798 1075 tlttlitttllht:titt·iteritatittlt!

84 1078 157 1133 dena
171 1076 226 1131 boc
242 1074 323 1131 aliud
338 1075 374 1129 de
388 1073 494 1130 iisdem
509 1073 701 1131 dubitationis
716 1089 821 1147 genus,
835 1094 850 1123 a
867 1075 910 1127 Ari
969 1075 1115 1131 amatione
1129 1074 1299 1147 accepisset.
1316 1074 1415 1132 Vinus.
1425 1104 1459 1115 —
1474 1078 1596 1132 Euiinua
1612 1080 1672 1134 liceo
1686 1077 1728 1133 ita
1742 1077 1796 1135 ha·
1936 1118 1939 1123 -

84 1147 233 1207 consecuti
242 1152 313 1202 aaut
323 1145 441 1217 quidam
452 1145 576 1217 gratiam
587 1144 911 1212 Dominicani,sedbre·
966 1144 1028 1200 tine
1040 1146 1203 1216 expressit:
1218 1166 1231 1195 u
1244 1145 1303 1201 Neo
1314 1145 1428 1218 reliqua
1441 1145 1472 1202 iu
1486 1163 1530 1218 eo,
1541 1164 1604 1217 qua
1615 1150 1652 1204 ba
1673 1147 1798 1205 hemum
1909 1150 1940 1199 “.

85 1221 165 1277 aiore
176 1223 204 1275 et
217 1219 330 1275 minore
341 1233 480 1273 mensura
494 1217 625 1273 muneris
638 1214 729 1273 divini
741 1234 774 1273 ac
784 1214 911 1297 Spiritus
968 1216 1057 1273 subse
1081 1215 1110 1272 ui
1125 1217 1230 1287 solent,
1247 1216 1417 1273 solemniter
1428 1166 1677 1291 adimpletasunf,
1689 1234 1742 1275 occ
1755 1219 1796 1277 ai·

85 1289 199 1349 sancti:
215 1292 248 1344 ut
262 1288 427 1344 habeantur
447 1288 565 1363 quidem
587 1287 755 1357 Christiani,
777 1303 835 1343 non
852 1287 913 1341 sint
969 1232 1094 1361 guaceio
1105 1287 1275 1344 chrismatis
1290 1292 1512 1345 consummatus
1523 1294 1601 1345 est.»
1619 1293 1687 1357 Qua
1698 1290 1797 1347 liuilni

83 1368 185 1419 tamen
200 1360 312 1417 ceteris
326 1359 534 1432 coaequandi.»
550 1359 712 1433 Cyprianus
725 1364 824 1415 autem
839 1357 909 1412 ibid.
968 1358 1055 1415 verba
1071 1358 1206 1416 Valesius
1216 1360 1458 1416 annotationibus
1468 1361 1498 1417 iri
1508 1360 1587 1417 hunc
1598 1362 1695 1419 locum
1711 1362 1746 1418 de
1756 1362 1796 1419 ai·

86 1432 277 1489 Christianam
292 1433 427 1502 judicare
441 1448 473 1487 se
488 1432 623 1488 rescribit
646 1454 657 1481 ι
674 1432 810 1502 quisquis
826 1429 914 1485 luerit
969 1434 1095 1501 gnaculo
1118 1432 1297 1499 chrismatis,
1320 1433 1398 1504 qued
1414 1432 1444 1487 in
1470 1433 1616 1504 baptismo
1638 1434 1788 1490 confertur

84 1506 117 1561 iii
132 1504 262 1561 Ecclesia
275 1501 338 1575 lege
352 1508 380 1559 et
395 1504 459 1574 jure
476 1504 543 1559 ildei
559 1503 687 1558 divinam
703 1503 829 1575 gratiam
843 1516 913 1581 cou·
971 1505 1191 1574 intarpratatus,
1215 1503 1277 1575 ipse
1299 1502 1466 1560 Cornelium
1481 1504 1517 1559 de
1540 1505 1701 1577 signaculo,
1718 1474 1798 1577 quoti

86 1582 219 1643 secutus,
237 1590 290 1632 nac
305 1574 514 1647 ambigendum
528 1590 592 1630 esse
606 1574 677 1645 quia
696 1574 862 1646 legitimum
877 1574 916 1627 sit
972 1574 1202 1631 confirmationis
1216 1582 1400 1631 sacramento
1423 1573 1613 1647 percipimus,
1633 1579 1713 1650 loqui
1739 1594 1798 1633 nori

86 1648 239 1721 baptisma
250 1661 305 1774 Ser
323 1645 522 1717 aspersionem
542 1662 595 1702 seu
608 1645 788 1702 inlusionem
812 1658 915 1725 susce7
972 1650 1079 1702 censat.
1111 1646 1167 1702 Sed
1195 1646 1266 1716 quid
1288 1648 1378 1714 vetat,
1401 1647 1561 1717 quominus
1587 1648 1675 1704 etiam
1698 1647 1799 1705 auant

88 1727 186 1794 ptum,
201 1734 235 1775 aa
270 1732 370 1774 smum
390 1737 405 1768 a
419 1718 451 1773 in
465 1717 545 1774 anilo
569 1716 701 1774 mutilari
715 1720 746 1773 et
768 1716 915 1773 debilitari
971 1719 1060 1773 rerba
1070 1720 1106 1772 de
1116 1716 1170 1773 hoc
1180 1718 1283 1773 eodem
1298 1723 1482 1774 sacramento
1497 1717 1735 1792 interpretamur,
1750 1734 1799 1777 aa·

88 1806 177 1864 pcsse
188 1789 288 1846 divina
296 1788 449 1846 beneficia.
462 1812 473 1840 ι
492 1789 548 1846 Sed
564 1805 658 1861 neque
672 1789 822 1846 Cornelius
838 1800 916 1869 nunc
972 1789 1074 1860 quade
1084 1788 1235 1917 signaculo
1248 1788 1298 1846 iilo
1309 1789 1386 1845 dicta
1400 1788 1609 1875 intelligamus,
1626 1791 1730 1864 dequo
1744 1792 1798 1865 Cy·

90 1880 130 1921 an
142 1860 350 1945 baptismalem
365 1859 490 1934 gratiam
500 1865 676 1918 consecutus
687 1864 767 1919 esset
781 1858 916 1919 Neratia-
931 1859 955 1927 Β
970 1859 1092 1931 prianus
1129 1860 1197 1933 pist.
1212 1877 1297 1918 cxxiii
1309 1861 1344 1917 ad
1354 1860 1533 1917 latinianum
1549 1862 1670 1920 scribit:
1687 1862 1797 1930 «Quod
1855 1928 1858 1933 ,

90 1950 160 2005 nus,
176 1932 392 2015 ideodubitat,⁸
408 1931 708 2005 quiaillenoutotar,
724 1931 918 2014 sedpersasua
973 1933 1275 2015 nuncquoqueapud
1299 1949 1353 2015 rios
1387 1934 1489 2003 eritur,
1505 1937 1538 1989 ut
1555 1934 1605 2006 «rui
1626 1935 1655 1989 ln
1673 1933 1801 1992 Ecclesia
1916 1946 1921 1955 ·

90 2010 180 2078 esset,
204 2005 258 2061 hoc
274 2007 319 2060 est
343 2020 415 2076 quia
434 2003 614 2076 baptismum
631 2019 682 2077 per
705 2018 917 2077 aspersionem,
973 2002 1169 2076 baptizantur,
1184 2004 1348 2086 prepositis
1367 1950 1503 2061 Ecclesiae
1517 2006 1687 2073 ollerantur,
1704 2010 1734 2063 et
1747 2021 1801 2089 per

90 2093 151 2135 iiori
175 2092 228 2149 pei·
248 2075 468 2132 immersionem
492 2076 692 2149 suscepisset;
719 2074 770 2133 sed
794 2089 859 2130 eam
880 2072 918 2130 ob
973 2079 1105 2133 nostram
1120 2078 1281 2132 orationem
1297 2092 1331 2133 ao
1345 2092 1451 2133 manus
1472 2076 1689 2149 impositionem
1704 2076 1800 2161 Spiri-

91 2163 214 2207 cauaam
229 2150 267 2204 ob
281 2164 371 2220 quam
380 2148 611 2205 Neocaesariense
625 2146 782 2204 concilium
793 2162 858 2203 can.
872 2144 918 2215 ie,
971 2150 1037 2204 tum
1051 2152 1187 2204 sanctum
1200 2152 1427 2220 consequantur,
1441 2150 1468 2204 et
1482 2146 1634 2221 signaculo
1649 2148 1799 2205 Dominico

90 2220 111 2277 h
146 2218 430 2277 asmodihominem
465 2219 618 2293 resbyterii
637 2216 918 2290 honoreindiguum
973 2224 1224 2276 consummentur.
1237 2242 1252 2270 a
1266 2219 1339 2276 Nam
1350 2224 1378 2277 et
1389 2218 1438 2277 ille
1448 2218 1634 2292 signaculum
1647 2220 1688 2277 ibi
1698 2220 1801 2293 pradi-
1934 2248 1942 2283 ¹.

93 2292 124 2348 'u
147 2289 224 2348 icat:
240 2310 252 2343 ι
268 2292 339 2362 quia
352 2313 367 2342 a
381 2236 514 2348 videficet
529 2313 544 2343 a
559 2291 649 2363 hujus
663 2291 737 2349 tides
751 2306 811 2347 aori
826 2292 870 2346 est
883 2304 920 2345 ax
973 2297 1029 2359 cat,
1041 2292 1126 2363 cnjus
1143 2290 1291 2363 proprium
1307 2296 1352 2347 est
1365 2307 1555 2348 consiimmare
1578 2291 1798 2365 suscipientem.
1834 2324 1838 2329 ·

86 2308 186 2421 bosra
199 2362 359 2430 uoluntate,
374 2362 426 2419 sed
441 2379 476 2419 ex
489 2364 661 2420 necessitate
683 2358 734 2417 aba
747 2358 777 2416 ἐκ
791 2358 918 2435 προιιρι·
972 2364 1049 2420 Vitio
1064 2363 1132 2435 quis
1146 2364 1274 2433 verterit,
1291 2363 1369 2435 qnod
1385 2363 1535 2420 Rufinus«
1547 2363 1716 2420 chrismatis
1727 2386 1742 2414 a
1753 2378 1801 2421 vo-

90 2454 160 2495 σεως
175 2433 262 2509 γὰρῆ
282 2430 371 2494 alera<
388 2431 481 2504 αὐτοῦ,
499 2431 563 2488 ἀλλ’
579 2432 606 2505 ἐξ
620 2406 751 2508 deipara.
779 2432 830 2492 Ubi
845 2436 873 2516 et
886 2430 917 2488 in
972 2450 1124 2516 comque
1141 2434 1239 2491 Gracc
1260 2434 1289 2490 in
1307 2439 1384 2491 textu
1408 2435 1663 2503 schannellum,
1679 2435 1800 2493 addida·

90 2515 265 2564 transcursu
277 2506 430 2563 observare
440 2506 509 2563 licet
515 2522 614 2564 vocem
620 2504 708 2569 πίστις
739 2503 918 2578 rebaptismi
972 2511 1028 2562 rit?
1041 2505 1097 2562 Sed
1108 2505 1341 2563 additamentum
1353 2504 1435 2565 lilius
1444 2510 1546 2565 contm
1558 2507 1699 2581 temporis
1709 2506 1800 2580 huius

89 2576 233 2659 vocabulo
249 2578 395 2650 usurpari.
418 2579 570 2634 anutem
591 2524 771 2651 equiorfuit
791 2574 918 2635 Cornelii
973 2594 1060 2634 usum
1087 2577 1161 2634 nihii
1190 2583 1301 2651 peccat,
1326 2579 1386 2634 imo
1412 2576 1497 2637 illum
1518 2584 1585 2653 apte
1608 2578 1740 2653 explicat
1764 2577 1830 2659 lit¹

90 2648 250 2719 dubitatio,
273 2648 691 2720 quodNovatianusamorbo
713 2647 917 2706 convalescens
972 2648 1051 2706 enirn
1077 2650 1116 2722 Gy
1139 2648 1242 2706 rianus
1267 2649 1355 2722 tlpiet.
1383 2666 1447 2719 axx,
1480 2667 1548 2706 cum
1573 2654 1635 2708 toto
1663 2651 1800 2707 Africano

90 2736 157 2795 quia
172 2720 230 2777 eibi
245 2719 366 2777 deerant
381 2720 515 2794 supplere
531 2721 664 2794 neglexit.
715 2724 820 2778 Gousr.
972 2718 1094 2802 concilio
1109 2666 1202 2803 ‹focet
1218 2741 1229 2771 ι
1245 2720 1320 2795 Ungi
1336 2736 1454 2795 quoque
1469 2738 1588 2778 necesse
1603 2727 1648 2779 est
1661 2738 1728 2778 aum
1749 2720 1801 2794 qui

127 2792 185 2863 (63)
212 2791 268 2847 Τοῦ
302 2811 331 2845 τε
359 2792 553 2868 oppessulatas
592 2792 643 2847 ὑπὸ
677 2794 726 2845 τοῦ
755 2787 916 2847 tricatam.
971 2793 1135 2864 baptizatus
1155 2797 1204 2864 sit,
1222 2797 1254 2849 ut
1277 2799 1393 2865 accepto
1418 2792 1587 2861 chrismate,
1602 2794 1632 2850 id
1656 2798 1711 2861 est,
1727 2808 1799 2849 unc·

89 2862 217 2920 Ruilnus
231 2863 292 2920 haec
307 2864 394 2920 verba
415 2864 451 2920 de
466 2863 618 2937 signaculo
639 2864 808 2921 chrismatis
828 2862 918 2918 inter·
971 2864 1062 2929 tlone,
1084 2880 1148 2921 esse
1174 2870 1282 2921 unctus
1310 2863 1359 2920 Dei
1376 2868 1404 2920 et
1432 2862 1540 2921 habere
1567 2864 1598 2920 in
1627 2880 1659 2921 ss
1673 2864 1799 2937 gratiam

88 2938 226 3007 prelatus
240 2940 294 2991 est.
310 2935 370 3007 Ego
385 2935 602 3007 impositionem
615 2952 759 2992 manuum
774 2933 917 3006 intelligo,
972 2935 1080 2992 Christi
1105 2934 1206 3007 possit.
1219 2958 1234 2985 »
1260 2934 1301 2992 lbi
1327 2934 1405 2992 enim
1430 2936 1632 2993 unctionema
1657 2934 1799 3008 baptismi

91 3006 264 3080 quaepiam
287 3006 295 3061 i
311 3006 452 3077 Spiritum
468 3012 603 3064 sanctum
619 3007 773 3079 baptizatis
788 3005 917 3063 coniers·
972 3014 1156 3063 sacramento
1178 3006 1347 3063 distinctam
1363 3004 1522 3078 predicari,
1538 3012 1567 3063 et
1582 3024 1646 3079 qun
1668 3004 1800 3079 proxime

89 3077 183 3161 bant:
221 3024 284 3134 coij
292 3081 445 3161 sequentia
462 3080 615 3136 manifeste
630 3081 789 3136 declarant.
812 3076 918 3161 subdit
972 3078 1158 3161 antecedunt,
1173 3084 1203 3134 et
1217 3077 1359 3161 particula
1375 3082 1519 3160 quoquest
1532 3079 1644 3135 verba«
1659 3079 1709 3152 qui
1726 3081 1799 3151 bap·

92 3164 172 3205 enirn
194 3095 363 3206 gerochus:
387 3147 484 3204 aciaco
500 3146 529 3205 δὲ
545 3150 584 3223 μὴ
604 3150 708 3234 τυχὼν,
733 3153 791 3210 πῶς
815 3147 844 3202 ’ἂν
868 3167 917 3230 roc
971 3154 1143 3221 tizatusait,
1160 3165 1244 3206 »uon
1260 3170 1275 3199 u
1291 3165 1341 3222 qui
1357 3150 1550 3222 baptizetur»
1572 3154 1625 3207 aut
1648 3172 1663 3202 u
1699 3149 1800 3207 ulba-

92 3218 174 3294 ἅγιοι
198 3218 355 3291 liaciano<
379 3216 423 3275 ἔτι
448 3240 476 3289 ε;
503 3239 673 3296 quanquam
698 3240 728 3278 iu
753 3236 917 3279 manuscri-
934 3232 956 3301 c
974 3221 1130 3295 ptizandus
1144 3225 1197 3290 est,
1215 3243 1229 3271 »
1244 3220 1391 3277 evincunt.
1409 3221 1496 3278 Porro
1510 3238 1545 3278 ex
1560 3237 1604 3292 eo,
1618 3167 1697 3295 quoa
1708 3221 1801 3279 Nova·

92 3292 153 3365 ptis
169 3291 319 3349 codicibus
335 3293 407 3348 blaa.
453 3294 498 3349 ed.
515 3304 543 3349 et
561 3295 634 3350 Fuli.
651 3290 873 3368 legiturcoiraa
890 3286 919 3345 δὶ
974 3295 1073 3349 tiauua
1098 3292 1280 3365 baptismum
1304 3293 1367 3349 sine
1391 3292 1599 3350 chrismatioue
1628 3293 1798 3367 accepisset,

95 3362 135 3435 pi,
148 3362 254 3437 τυχών.
271 3363 543 3436 interpretationem
554 3373 684 3423 nostram
700 3365 854 3423 coufirmat
864 3363 920 3437 Cy·
973 3365 1109 3422 Valesius
1125 3380 1261 3420 manasse
1297 3368 1360 3421 utat
1375 3380 1497 3427 morem.
1513 3365 1549 3421 de
1564 3380 1621 3438 quo
1635 3366 1800 3422 'lbeodora-

96 3432 218 3507 prianus
238 3435 274 3490 ad
295 3435 472 3493 lubaianum
497 3436 544 3493 his
567 3438 680 3495 verbis:
706 3438 818 3503 «Quod
843 3450 921 3492 nunc
974 3442 1035 3520 tus,
1047 3436 1098 3493 lib.
1116 3453 1148 3491 ui
1163 3435 1266 3492 liceret.
1278 3382 1363 3504 ilab,
1379 3452 1442 3509 cap.
1453 3438 1481 3505 5,
1498 3436 1537 3493 ita
1553 3436 1702 3510 loquitur:
1719 3436 1801 3495 «No-

96 3507 921 3637 qmfflnpssd⁰9}⁸⁰13ri².¹1¹‘’·⁰tq1⁰fiinffoelesthbapn]
974 3508 1292 3635 vatianihsucceasoree
1313 3508 1349 3563 iis
1362 3525 1442 3635 lquote
1464 3508 1623 3635 baptizae?
1649 3507 1801 3635 sanctissii
1907 3531 1914 3541 .

96 3594 410 3706 :ttaattaltit
425 3595 921 3733 ttttttetltitlallati.
975 3582 1799 3734 &latitet.tit.litatitttliigl.tlt:iil.
1882 3684 1893 3701 ..

97 3726 233 3776 sanctum
250 3727 516 3793 consequantur,at
529 3722 681 3795 signaculo
694 3722 842 3779 lloiiriuico
853 3738 921 3779 coii-
975 3722 1122 3780 datissrmi
1137 3726 1237 3779 Patres
1252 3722 1353 3793 inungi
1369 3728 1578 3796 praeceperunt.
1592 3746 1606 3775 a
1621 3723 1676 3781 Sed
1690 3722 1801 3780 Nicreai

96 3797 324 3850 summantur.»
351 3792 512 3871 Eppaqttav
537 3795 654 3869 proprie
678 3800 722 3851 est
737 3794 920 3867 consignare.
975 3795 1087 3865 Patres,
1107 3810 1172 3851 caii.
1187 3793 1214 3864 8,
1240 3795 1354 3851 tautum
1379 3794 1562 3878 precipiunt,
1592 3800 1623 3851 ut
1645 3795 1800 3853 Noratiani

96 3862 183 3921 Consi
206 3880 275 3920 nare
290 3866 387 3921 autem
398 3870 427 3921 et
437 3882 558 3923 manuni
573 3867 723 3939 imponere
733 3866 811 3922 idem
822 3869 877 3932 est,
889 3867 924 3922 ut
975 3883 1148 3941 parmenus
1164 3863 1382 3937 impositionem
1401 3883 1479 3925 susci
1503 3866 1611 3924 iantur.
1634 3866 1686 3922 His
1702 3866 1800 3923 conci·

96 3935 180 3991 docet
218 3934 325 4007 pistola
341 3938 503 3994 iunocentii
514 3939 550 3995 ad
568 3937 735 3995 Decentium
750 3954 784 3993 ca
808 3936 921 3993 teto.
976 3944 1080 3995 nentes
1108 3936 1238 4004 Siricius,
1267 3936 1358 4010 Epist.
1384 3955 1411 4006 v,
1435 3956 1462 3997 c.
1482 3884 1521 4007 Bt
1545 3942 1571 3996 et
1600 3938 1802 4011 innocentius,

96 4006 175 4063 idem
192 4009 346 4064 confirmat
360 4008 477 4065 biarcus
492 4010 521 4065 in
538 4012 604 4066 Vita
618 4009 768 4083 Porphyrii
783 3955 923 4065 gazensis
977 4010 1068 4082 Epist.
1086 4027 1118 4078 ιι,
1134 4025 1198 4081 cap.
1212 4008 1239 4078 8,
1256 4010 1450 4083 constituunt,
1471 4028 1489 4061 a
1501 4014 1535 4067 ut
1549 4010 1699 4066 venientes
1714 4012 1804 4065 aNo·

95 4078 236 4161 episcopi,
249 4079 335 4149 cujus
348 4077 445 4137 locum
456 4081 580 4139 inferius
593 4082 785 4138 adducemus.
802 4082 923 4137 ilmbro·
977 4080 1103 4137 vatiania
1118 4080 1161 4137 vel
1172 4081 1375 4138 montensibus
1386 4098 1552 4155 parmenus
1563 4081 1657 4154 (addit
1667 4081 1807 4138 Innocen-

96 4165 170 4217 aius,
192 4166 243 4206 seu
281 4150 326 4207 uis
342 4151 419 4209 aliua
434 4156 594 4210 auctorest
608 4170 708 4210 eorum
724 4151 876 4222 librorum,
892 4150 923 4207 ic
978 4155 1037 4210 tius
1061 4152 1180 4223 tactam)
1203 4152 1419 4224 impositionem
1448 4154 1658 4226 suscipiantur,
1678 4173 1693 4204 a
1724 4149 1808 4208 nulla
1878 4154 1884 4161 '
1928 4192 1931 4197 -

97 4223 187 4293 caput
207 4236 235 4276 iv
259 4166 393 4295 Epistola
415 4224 498 4281 Pauli
522 4225 558 4282 ad
580 4224 737 4297 Ephesios:
763 4246 777 4274 a
791 4223 925 4296 Denique
978 4224 1158 4281 inunctionis
1174 4224 1247 4306 iacta
1262 4225 1419 4282 mentione.
1434 4222 1478 4280 Ibi
1493 4229 1591 4281 autem
1605 4223 1807 4281 'theodoretus
1923 4273 1946 4289 ,.

99 4290 349 4373 apudAEgyptum
368 4297 530 4369 presbyteri
552 4296 736 4369 consignant,
753 4296 925 4368 cipressus
978 4296 1033 4353 etsi
1056 4297 1092 4351 do
1116 4295 1275 4354 Novatiauo
1298 4296 1439 4353 nonnulla
1463 4297 1552 4353 tradit
1575 4295 1613 4352 ad
1637 4298 1807 4353 accuratam

97 4378 158 4447 non
171 4362 259 4419 luerit
273 4364 438 4439 episcopus.
457 4389 472 4417 »
493 4368 603 4424 Eadem
618 4368 707 4426 babet
725 4372 827 4425 auctor
841 4368 923 4431 Oue-
978 4383 1076 4424 rerum
1093 4366 1181 4423 illem
1197 4384 1256 4424 non
1275 4368 1347 4425 satia
1362 4371 1471 4436 exacta,
1493 4369 1528 4424 ed
1544 4370 1688 4424 canonem
1703 4366 1722 4421 7
1736 4383 1807 4424 con·

98 4436 229 4491 ebenum
245 4437 350 4494 veteris
363 4443 392 4495 et
406 4438 472 4495 novi
487 4438 668 4496 Testamenti
683 4440 759 4495 inter
770 4436 925 4513 Augustini
979 4438 1104 4496 ciliiCP.
1123 4438 1486 4513 l‚hauddubieraspicit.
1503 4440 1663 4496 Gousrm.
1681 4440 1807 4496 -Bene
1846 4446 1849 4451 '

98 4521 187 4633 opera
200 4507 307 4579 aditus,
344 4510 484 4567 uacatione
499 4512 546 4593 iili
563 4528 604 4595 ιιιΙ
615 4511 689 4596 Nam
703 4512 734 4567 ln
749 4509 925 4568 Alexandria
979 4510 1020 4567 ait
1033 4508 1070 4567 ci.
1087 4509 1294 4601 Weismannus
1309 4511 1339 4594 in
1355 4512 1423 4568 liei.
1438 4511 1510 4595 Ecct.
1524 4512 1592 4595 dioc.
1610 4512 1678 4567 lert.
1696 4530 1709 4563 a
1725 4510 1807 4567 Nun·

97 4584 334 4732 imitabilia.
351 4586 488 4737 ..lillis
504 4585 962 4737 ttlttt.tlttttt·.‚⁰tt⁸t⁰
981 4582 1808 4738 {ltettttttttiltlttatlsititet:iltius:

98 4736 131 4777 au
154 4736 189 4777 ra
203 4726 290 4777 citato
306 4726 451 4783 ambrosii
464 4729 537 4783 loco.
551 4725 641 4782 Vetus
656 4729 819 4797 inscriptio,
836 4740 926 4797 quam
982 4742 1035 4781 suo
1051 4729 1197 4794 sanctum,
1213 4740 1284 4796 quia
1298 4726 1464 4799 obsignatio
1480 4726 1540 4784 sire
1553 4726 1765 4783 confirmatius
1787 4725 1811 4781 i·

97 4736 187 4876 refert
200 4791 343 4851 Remulus
359 4796 395 4853 ad
411 4814 522 4853 annum
541 4797 649 4855 Christi
663 4798 735 4854 367:
762 4819 777 4848 a
793 4796 926 4853 Picentia
980 4796 1061 4869 scopi
1076 4795 1102 4851 ei
1116 4812 1175 4852 non
1190 4796 1278 4853 luerit
1301 4797 1391 4855 simul
1406 4797 1522 4867 collata,
1546 4799 1687 4870 maiorem
1702 4742 1809 4854 contir-

98 4862 236 4948 legitima
246 4865 404 4940 Neophytos
414 4868 559 4926 diaulial.
571 4869 651 4941 Sept.
663 4868 926 4941 consignataaLi·
982 4866 1104 4924 matiani
1126 4867 1284 4943 episcopali
1308 4869 1446 4927 virtutem
1471 4870 1621 4937 tribuisse,
1647 4885 1736 4941 qnam
1751 4864 1810 4941 ipai

99 4932 178 4992 herio
202 4936 290 5011 Papa,
308 4959 323 4988 u
338 4944 393 4995 etc.
417 4939 503 4997 Porro
519 4940 580 4996 hac
601 4942 813 5013 baptizatorum
829 4940 925 4996 consi·
981 4940 1257 5013 baptismo.1psuni
1279 4941 1430 4999 Noratiani
1450 4942 1629 5014 baptismum
1647 4938 1809 5009 nausearit,

100 5006 208 5075 quatio,
232 5007 380 5066 interdum
406 5011 493 5068 flabat
521 5028 589 5068 cum
611 5013 789 5069 chrismate:
813 5014 928 5083 quoties
982 5016 1168 5084 quapropter,
1185 5028 1253 5069 cum
1268 5014 1405 5071 euiudein
1421 5014 1565 5083 recitaret,
1577 5010 1708 5067 addidit:
1726 5008 1757 5065 Si
1770 5017 1811 5065 ta·

101 5077 213 5135 rcilicet
221 5079 460 5165 aliquisurgento
473 5084 566 5141 morbi
578 5083 751 5141 necessitate
762 5083 928 5156 baptizatus
980 5099 1042 5140 mea
1058 5085 1131 5140 laurio
1154 5083 1240 5140 illam
1260 5087 1394 5158 accepisse
1415 5084 1561 5141 dicendam
1576 5092 1635 5145 est:
1659 5078 1811 5136 naussaait

100 5149 406 5211 lucratamiiicribus
421 5155 545 5227 clericis,
562 5171 614 5212 nec
639 5156 828 5212 chrismatus.
844 5156 928 5212 'luno
982 5171 1098 5282 quoque
1124 5158 1151 5211 et
1177 5155 1392 5229 malaciaque
1415 5156 1505 5212 dubio
1530 5153 1636 5280 origini
1661 5150 1809 5225 ascripsit,

101 5221 180 5278 enim
195 5222 276 5295 episc
289 5230 297 5237 ““
316 5226 413 5297 usqui
429 5226 567 5309 baptismi
581 5226 723 5284 solemnia
738 5228 927 5301 postmodum
982 5244 1040 5309 quo
1081 5226 1260 5283 Noratianua
1276 5234 1449 5285 consuetum
1472 5227 1502 5282 in
1524 5226 1580 5282 Ecc
1592 5224 1653 5281 esla
1672 5222 1811 5295 obsigna·

102 5290 267 5365 supplebat,
277 5238 440 5354 {Erisane
452 5298 540 5354 simul
556 5304 584 5356 et
594 5316 700 5356 manus
715 5300 865 5383 imponere
875 5316 927 5356 ne·
982 5298 1072 5356 tionis
1087 5298 1176 5353 ritum
1192 5297 1351 5370 neglexerit
1366 5305 1456 5371 atque
1470 5294 1688 5378 contempserit.
1706 5294 1739 5350 ln
1754 5294 1810 5350 hoo

102 5380 181 5421 cesse
195 5363 332 5423 habebat.
349 5370 403 5435 Qui
421 5387 488 5426 vero
504 5371 664 5443 pericolum
686 5371 866 5443 baptismum
883 5387 929 5428 ac·
982 5372 1093 5443 impetu
1110 5370 1201 5426 animi
1218 5371 1307 5427 verba
1321 5369 1380 5439 illa,
1398 5369 1583 5443 hyperbolica
1605 5372 1718 5439 utique,
1735 5366 1809 5422 ellu-

101 5442 248 5509 ceperaut,
263 5438 300 5494 iia
322 5456 428 5497 manus
443 5446 558 5498 tantum
582 5443 790 5515 imponebatur
810 5445 847 5500 ab
863 5442 928 5515 epi·
983 5441 1036 5509 dit,
1053 5458 1068 5498 e
1083 5441 1192 5513 quibus
1215 5440 1367 5498 formalem
1383 5440 1558 5498 sententiam
1577 5442 1606 5496 et
1619 5436 1745 5495 heresin
1760 5454 1809 5493 ox·

101 5523 190 5579 acopo
205 5508 269 5566 sine
284 5510 505 5578 chrismatione‚
521 5520 553 5570 ut
566 5514 650 5571 docet
664 5530 758 5572 canori
773 5514 929 5571 arausica·
983 5513 1100 5587 culpare
1124 5512 1191 5567 licct
1213 5512 1346 5570 minime.
1363 5534 1378 5563 a
1402 5514 1466 5570 Sec.
1483 5530 1527 5582 iu,
1551 5512 1625 5581 516,
1649 5512 1676 5578 l,
1701 5526 1730 5594 p.
1745 5508 1809 5565 254.
1894 5508 1898 5517 '

101 5594 166 5636 oua.
177 5580 468 5707 Onagertinetretus
479 5586 668 5658 Epigramma
678 5586 756 5659 apud
768 5586 929 5646 Gruterum
983 5585 1125 5642 Ceterum
1141 5584 1212 5639 dum
1227 5601 1317 5657 super
1333 5584 1495 5672 quaestione
1509 5588 1609 5640 utrum
1627 5580 1812 5654 consignatio

100 5666 128 5725 p.
147 5652 229 5720 ¹¹77·
266 5670 282 5709 θ
297 5653 411 5711 Merca:
984 5674 1037 5716 eeu
1052 5655 1234 5739 confluentio
1253 5655 1284 5739 iu
1299 5657 1408 5717 ritibus
1422 5655 1564 5731 baptismi
1577 5658 1721 5739 tanquam
1746 5668 1815 5724 para

143 5738 184 5793 aa
224 5745 406 5795 ammrdctai
420 5744 534 5797 docuisti
550 5744 697 5804 chrismata
712 5749 804 5799 sancto
1014 5746 1050 5787 ue
1064 5726 1135 5785 olim
1145 5726 1246 5786 habita
1259 5733 1310 5799 ait,
1322 5733 1372 5793 dis
1393 5731 1515 5789 namne
1528 5726 1586 5785 dno
1600 5726 1656 5783 vin
1669 5720 1820 5799 primarii,
1916 5752 1931 5795 ,-

198 5814 299 5873 augere
313 5804 355 5861 lita
367 5806 472 5873 nullum
482 5808 573 5880 ludica
586 5822 670 5881 posia
684 5814 754 5873 Dec.
985 5728 1199 5877 iiammcodus,
1224 5800 1256 5864 io
1270 5798 1354 5872 libro
1375 5750 1636 5881 boemicum
1655 5793 1829 5877 posthum
