3892 6104
174 280 251 340 itte
699 273 750 334 Dii
772 270 1070 336 flneeuicoiitiiit
1090 269 1350 334 BAPTISMATR
1810 262 1888 326 lise

173 413 279 468 tienter
294 411 366 467 satis
383 414 412 466 et
426 409 530 467 leniter
554 409 693 481 suscepit,
716 413 748 464 ut
774 408 874 466 cased
891 423 1001 464 sermo·
1016 412 1044 476 Α
1060 407 1156 463 lurore
1171 405 1322 462 discordia
1339 401 1489 461 rebellare.
1505 403 1588 475 Apud
1605 401 1694 458 talem
1711 404 1889 473 potestesse

177 517 242 555 nem
260 499 362 556 saltem
379 497 517 571 colloquii
534 497 699 553 communis
709 497 886 553 admitteret.
903 495 1006 552 Adhuc
1060 513 1152 552 unum
1167 498 1321 568 corpus;et
1335 511 1412 551 unus
1428 493 1642 566 spiritus,apud
1655 508 1746 565 quem
1764 491 1888 548 tortasse

178 589 299 661 insuper
314 589 465 644 charitatis
487 592 516 643 et
530 585 695 643 dilectionis
720 587 890 660 preciperet
904 586 1006 642 freter·
1059 584 1124 657 ipsa
1139 584 1236 642 anima
1260 601 1318 640 una
1343 600 1402 640 non
1426 587 1489 651 est,
1513 582 1555 638 sic
1578 581 1704 649 lubrica,
1726 581 1848 638 mobilis
1862 587 1888 638 et

181 678 282 733 nitetis
296 679 447 748 universa,
463 693 499 733 ne
514 676 582 749 quis
597 692 646 732 eos
656 677 685 732 in
702 676 823 732 domum
834 692 919 731 suam
935 674 1006 730 reci·
1060 673 1196 730 incerta?
1208 673 1262 729 Sed
1278 678 1422 745 quantum
1437 670 1564 744 partinet
1576 671 1613 727 ad
1629 668 1727 741 illum,
1743 668 1887 742 relinque·

184 769 274 839 peret,
291 771 323 822 ut
336 765 521 823 venientibus
534 781 591 821 non
604 764 697 821 solum
713 781 769 836 pax
783 768 812 821 et
827 763 1006 834 communio,
1061 778 1139 819 mua.

185 856 235 913 aed
251 861 280 911 et
294 859 403 911 tectum
418 858 447 912 et
462 853 624 928 hospitium
639 858 804 927 negaretur.
821 874 836 904 >i
1096 853 1118 908 1.
1135 852 1218 920 Ecce,
1232 850 1282 924 qui
1305 867 1340 909 ex
1365 847 1549 907 institutione
1571 847 1672 904 divina
1695 851 1742 905 eet
1755 851 1885 905 centrum

220 946 337 1013 Totum,
353 944 430 1017 quod
454 943 501 1000 hic
525 946 692 1001 enarratum
716 942 780 1015 tuit,
806 941 879 998 milii
894 940 1008 998 ridetur
1061 940 1195 1008 unitatis,
1209 939 1374 996 declaratur
1396 942 1430 995 ut
1448 938 1599 996 abscissus
1623 937 1661 995 ab
1686 937 1814 1010 unitate,
1830 939 1886 994 ira·

183 1034 329 1103 ilctitium,
346 1045 412 1106 post
425 1031 696 1107 temporebusebii,
713 1030 890 1105 literonymi,
906 1029 966 1088 imo
976 1030 1006 1087 S.
1060 1029 1155 1086 tribus
1170 1046 1220 1102 per
1235 1029 1334 1086 omnia
1353 1027 1477 1099 alienus,
1499 1031 1601 1084 contra
1622 1033 1849 1085 sacramentum
1863 1032 1888 1084 et

180 1122 336 1196 Augustini
353 1122 560 1195 excogitatum.
577 1121 683 1178 Notum
699 1120 1008 1194 estquodbouatietaa
1061 1119 1149 1176 fidem
1178 1123 1345 1187 contumax,
1376 1116 1566 1186 furibundus,
1598 1116 1726 1184 discors,
1763 1115 1886 1183 rebellis,

181 1212 306 1268 Africani
323 1211 451 1283 plurima
468 1209 622 1267 mendacia
635 1210 665 1266 in
688 1212 843 1268 Historiam
855 1210 1006 1267 Ecclesiae·
1061 1207 1202 1277 lubricus,
1219 1206 1347 1279 mobilis,
1372 1205 1514 1278 incertus,
1537 1209 1567 1262 et
1590 1221 1660 1262 aum
1681 1205 1746 1262 hee
1763 1205 1888 1262 convicia

177 1301 261 1356 ticam
276 1298 478 1372 insperserint,
494 1299 645 1373 signanter
665 1304 767 1357 contra
781 1299 934 1373 episcopos
950 1298 1006 1354 Ro·
1060 1296 1182 1354 sedulus
1210 1299 1408 1371 congesserat,
1435 1298 1464 1351 et
1492 1293 1592 1352 omnia
1618 1293 1772 1351 effutierat
1795 1299 1888 1350 conus

178 1404 292 1445 manos.
309 1389 453 1460 Tempore
468 1387 495 1442 S.
512 1387 668 1460 Augustini
687 1389 750 1459 jani
765 1387 926 1466 commenti
942 1386 1004 1443 lue·
1059 1385 1260 1459 Stephanum:
1283 1390 1353 1442 tune
1379 1385 1499 1442 demum
1524 1383 1656 1441 decernit
1680 1382 1886 1440 abstinendum

177 1481 253 1546 rant,
270 1477 348 1549 quod
363 1476 392 1532 S.
410 1474 596 1533 Marcellinus
610 1492 687 1549 papa
702 1475 757 1531 sub
773 1474 889 1532 initium
906 1472 1005 1531 seculi
1059 1490 1124 1532 esse
1138 1475 1175 1531 ab
1191 1473 1381 1531 ulterioribus
1391 1470 1541 1541 conviciis,
1552 1488 1586 1528 ae
1602 1470 1803 1544 quceuonen
1818 1472 1888 1544 prin·

178 1582 205 1621 ιν
224 1566 252 1620 in
280 1563 483 1637 persecutione
509 1563 678 1621 Diocletiani
704 1563 792 1620 idolis
813 1562 882 1620 thus
907 1562 1006 1620 adole·
1059 1563 1182 1637 cipalam
1199 1563 1296 1636 patius
1311 1561 1527 1620 discutiendam
1541 1577 1617 1618 esse.

177 1653 268 1709 visset
294 1653 360 1725 (22).
390 1652 494 1708 18⁰8
521 1653 621 1718 Quoad
645 1651 857 1724 rebaptizantes
885 1669 918 1709 eo
940 1653 1004 1724 jam
1094 1653 1130 1710 Il.
1146 1652 1217 1718 Cuia
1232 1651 1330 1709 credat
1344 1650 1420 1707 hanc
1435 1650 1527 1707 inisse
1541 1665 1643 1707 vocem
1655 1648 1788 1720 alicujus
1798 1649 1885 1705 sancti

178 1742 326 1814 progressi
342 1742 466 1811 suerent,
492 1747 526 1797 ut
548 1740 674 1798 dixerint
691 1742 831 1814 (enuere,
857 1741 901 1797 vel
917 1741 1002 1812 falso,
1058 1742 1185 1815 episcopi
1214 1743 1250 1798 de
1279 1745 1358 1814 Papa
1393 1757 1448 1798 sua
1476 1739 1627 1812 superiore
1655 1736 1886 1810 conquerentis?

179 1830 244 1886 nolo
261 1830 308 1886 hic
329 1829 505 1903 examinare)
529 1831 559 1887 S.
585 1831 760 1904 cyprianum
786 1830 1002 1903 rebaptizasse;
1057 1831 1214 1889 acerbiora
1228 1833 1400 1902 sequentur,
1416 1829 1521 1886 ’1400
1533 1840 1566 1884 n⁰
1579 1827 1624 1883 74.
1641 1856 1676 1868 -
1691 1825 1883 1897 Bestiusttl),

177 1919 370 1976 nihilominus
386 1919 417 1977 S.
437 1918 619 1992 Stephanum
640 1935 744 1990 papam
760 1919 856 1975 adhuc
871 1935 1002 1976 recense·
1057 1925 1090 1977 ut
1117 1919 1293 1994 persuadeat
1317 1935 1382 1976 ease
1404 1917 1553 1991 propriam
1580 1914 1752 1973 Firmiliani
1779 1931 1884 1986 vocem,

176 2007 247 2063 bant
263 2008 338 2064 inter
348 2024 397 2064 cae
411 2008 460 2080 qui
471 2007 654 2080 episopatum
665 2007 826 2081 gessissent
836 2006 1001 2078 illibatum,
1055 2010 1180 2068 aesarit:
1196 2032 1211 2060 e
1229 2008 1295 2065 Dari
1308 2005 1443 2080 exempla
1461 2009 1596 2064 sexcenta
1619 2004 1650 2063 in
1667 2004 1785 2078 quibus
1799 2004 1885 2061 amati

176 2114 244 2153 nam
260 2097 430 2170 episcopum
454 2096 621 2154 Romanum
640 2096 671 2152 in
693 2113 751 2170 quo
774 2112 826 2152 ceu
851 2101 1002 2169 peccatore
1056 2102 1157 2155 Patres
1173 2097 1215 2154 its
1230 2094 1565 2153 mutuocxeendueriut.

175 2186 321 2242 successio
336 2185 415 2242 Petri
425 2185 588 2254 deiecisset,
601 2185 729 2256 primum
741 2185 911 2241 statuebant
925 2186 1001 2243 Mar·
1091 2189 1142 2244 Ast
1155 2203 1208 2260 ego
1232 2202 1336 2242 censeo
1365 2184 1428 2241 dari
1450 2183 1565 2241 nullum
1592 2182 1773 2240 istiusmodi
1796 2198 1887 2240 exem·

173 2273 323 2330 cellinum.
352 2273 417 2330 lam
454 2275 616 2332 subaumo:
656 2273 681 2329 si
709 2272 760 2329 illo
788 2273 817 2329 S.
847 2274 1002 2347 Augustini
1055 2274 1149 2349 plum.
1165 2275 1280 2332 Bertiua
1294 2273 1425 2343 adducit,
1442 2274 1526 2341 duos,
1541 2270 1731 2346 Polycratem
1746 2276 1776 2329 et
1789 2275 1818 2327 S.
1832 2273 1885 2328 lic·

172 2366 303 2435 tempore
326 2361 456 2435 Epistola
480 2360 678 2419 Firmilianica
699 2361 785 2418 modo
813 2361 1000 2430 innotuisset,
1056 2381 1163 2437 ussum,
1179 2364 1230 2437 qui
1245 2363 1408 2437 pertinaces
1424 2362 1591 2420 restiterant
1611 2362 1644 2418 S.
1660 2362 1779 2419 Victori
1797 2378 1885 2434 pape.

172 2450 215 2506 vel
231 2451 255 2505 si
269 2448 434 2522 Stephanus
455 2450 607 2507 Africanos
627 2449 873 2522 rebaptizantium
889 2451 1001 2524 legatos
1091 2450 1379 2512 verumenimvero:
1396 2454 1425 2509 1⁰
1444 2451 1481 2509 Hi
1494 2453 1552 2509 duo
1575 2466 1634 2508 non
1656 2454 1736 2509 sunt
1751 2450 1886 2508 macenti

172 2539 325 2612 episcopos
341 2544 401 2596 tam
426 2539 570 2596 inurbane
590 2538 752 2606 habuisset,
778 2539 822 2596 vel
844 2539 869 2596 si
893 2539 923 2596 S.
945 2542 1001 2613 Cy·
1053 2543 1085 2599 2·
1112 2541 1158 2600 Illi
1180 2544 1238 2599 duo
1262 2542 1408 2616 pertinent
1435 2542 1472 2599 ad
1500 2557 1592 2598 unum
1619 2544 1650 2597 et
1676 2540 1760 2597 idem
1789 2556 1886 2597 exsin-

174 2627 275 2701 priano
291 2628 624 2685 excommunicationem
635 2627 787 2684 dumtaxat
800 2629 1000 2686 comminatus
1054 2631 1137 2706 plum
1165 2632 1367 2690 controversis
1406 2630 1484 2687 cirea
1519 2629 1635 2687 Pascha
1661 2628 1881 2686 celebrandum.

175 2715 297 2784 suisset3
313 2734 351 2773 an
374 2716 531 2774 mnatista
555 2716 584 2772 S.
607 2715 755 2788 Stephano
779 2733 861 2790 papie
883 2721 999 2774 tantum
1053 2721 1085 2778 3ο
1097 2721 1205 2778 Neuter
1218 2736 1319 2777 eorum
1335 2735 1451 2777 summo
1466 2718 1600 2775 Pontifici
1619 2718 1809 2776 conviciatus
1821 2717 1878 2774 init

174 2804 295 2862 honoris
310 2805 537 2879 permisissent?
560 2810 606 2861 Aa
628 2822 685 2861 non
708 2805 806 2877 potius
830 2806 933 2863 docere
948 2807 999 2864 de·
1054 2809 1083 2866 S.
1100 2812 1236 2865 ireneus
1248 2807 1666 2882 episcopusnaminelratrum
1677 2823 1735 2880 per
1748 2805 1879 2873 Gallim,

175 2894 311 2951 buisaent
324 2894 504 2967 Stephanum
521 2894 612 2950 luisse
626 2893 767 2967 primum,
784 2894 814 2949 in
829 2910 887 2966 quo
904 2900 1001 2952 aucto·
1054 2897 1162 2970 quibus
1177 2902 1309 2970 preerat,
1325 2896 1453 2970 scripsit,
1469 2901 1498 2953 et
1510 2895 1620 2968 Papam
1634 2896 1818 2968 deprecatus
1830 2898 1878 2964 est,

177 2985 250 3040 ritas
266 2984 340 3041 Petri
365 2984 454 3041 llnem
478 2983 652 3040 habuisset?
677 2983 752 3039 Sene
776 2982 868 3055 igitur
881 2985 1000 3057 prelata
1054 3003 1090 3043 ne
1104 2986 1232 3059 episcopi
1247 2985 1321 3042 Asis
1336 2985 1663 3043 excommunicarentur
1678 2985 1762 3057 (25).Ι

177 3072 298 3129 dicteria
312 3078 414 3130 eontra
428 3072 457 3129 S.
479 3071 661 3144 Stephanum
683 3071 796 3144 prolata
813 3071 932 3130 interim
947 3073 998 3130 ha·
1088 3079 1174 3131 Nunc
1196 3075 1384 3132 conviciando
1406 3076 1491 3147 qussi
1514 3073 1644 3131 lassatus
1669 3076 1703 3130 et
1723 3074 1880 3132 exhaustus

176 3145 1035 3236 bendasunttauquamputidameodacia,donecaliundeC
1054 3164 1149 3221 denuo
1164 3168 1290 3221 attentat
1304 3181 1389 3222 suam
1404 3162 1572 3221 hereticum
1596 3162 1775 3236 opinionem
1788 3180 1823 3219 ex
1837 3179 1879 3218 aa·

177 3267 264 3322 quam
280 3268 314 3308 ex
329 3250 622 3324 pseudo-Firmiliana
633 3250 803 3322 probentur.
820 3251 1000 3310 Testimonia
1055 3250 1112 3308 cris
1123 3250 1316 3325 scriptoribus
1331 3251 1474 3324 probare:
1493 3273 1504 3301 ι
1522 3250 1579 3308 Sed
1595 3249 1878 3323 quantamedillum

175 3337 294 3409 Fleurii,
323 3339 487 3410 Alexandri,
512 3337 643 3413 Dupinil,
669 3338 753 3395 Cavei
777 3339 850 3396 nihil
876 3341 999 3414 iuvant,
1054 3338 1256 3412 (Stephanum)
1284 3339 1420 3412 pertinet,
1449 3337 1675 3411 relinquamus:
1702 3339 1880 3396 excutiamus

176 3444 244 3483 nam
258 3445 359 3486 cinnes
384 3428 681 3503 pseudo-Firmiliano
706 3427 864 3486 credidere.
881 3433 1001 3489 Frustra
1054 3428 1152 3503 potius
1166 3430 1196 3487 id
1211 3429 1247 3486 dc
1261 3446 1318 3503 quo
1335 3427 1463 3486 maxima
1474 3435 1522 3485 est
1535 3428 1673 3501 queastio.
1691 3451 1707 3480 a

176 3514 348 3575 laborarunt
361 3518 515 3587 baronius,
540 3522 606 3588 etc,
622 3521 655 3573 ut
674 3516 856 3591 Stephanum
880 3536 1000 3576 excusa·
1090 3519 1173 3576 Tunc
1188 3519 1322 3591 sequenti
1338 3519 1432 3576 utitur
1453 3517 1561 3576 acute:
1580 3539 1595 3569 u
1610 3518 1707 3575 Nabis
1721 3521 1751 3575 et
1769 3518 1880 3575 hereti·

175 3611 260 3662 rent:
278 3624 345 3663 nain
363 3611 457 3663 totum
472 3611 517 3664 est
531 3606 678 3663 fictitium.
1053 3607 1096 3665 cis
1109 3624 1166 3664 nan
1177 3612 1392 3665 estunusDeue
1403 3611 1432 3664 et
1441 3605 1593 3679 Dominus,
1605 3613 1635 3663 et
1645 3607 1724 3665 fides
1736 3625 1744 3676 ;
1755 3605 1879 3680 alioquin

211 3695 306 3752 lroiiia
320 3697 396 3770 3(a),
412 3700 513 3754 contra
527 3712 679 3753 summum
693 3697 867 3755 Pontiltcem
883 3699 950 3770 (25).
1054 3713 1112 3753 non
1127 3695 1264 3766 haretici,
1280 3696 1332 3753 sed
1342 3695 1502 3753 Christiani
1513 3714 1522 3766 ;
1533 3710 1604 3769 ergo
1614 3711 1670 3752 nea
1685 3694 1766 3752 idem
1777 3695 1881 3768 Baptis

214 3785 300 3842 «Hoc
330 3790 375 3843 est
398 3801 529 3845 servasse
555 3786 745 3842 unitatem...
772 3787 953 3845 abscindere
968 3805 1000 3846 se
1053 3802 1140 3853 mus;
1158 3785 1278 3843 named
1302 3785 1488 3843 concordiam
1512 3785 1674 3842 exhortans
1699 3784 1877 3841 Paulusait:

175 3874 356 3946 acharitate,
381 3879 411 3932 et
439 3873 569 3931 alienum
596 3890 629 3931 se
655 3890 707 3947 per
732 3875 832 3932 omnia
859 3877 999 3935 tratribus
1055 3875 1129 3932 una
1153 3875 1296 3943 Dominus,
1324 3891 1383 3931 aaa
1418 3873 1494 3943 eda,
1521 3891 1611 3931 caum
1642 3875 1786 3947 baptisma
1811 3889 1879 3929 unes

174 3963 279 4032 lacere,
296 3969 325 4020 et
337 3968 666 4022 contraeaeramautum
678 3964 804 4020 attidem
816 3966 999 4024 contumacis
1052 3964 1133 4022 Deus.
1151 3986 1166 4015 >i

209 4106 265 4177 (22)
290 4104 319 4161 S.
349 4105 421 4177 bug.
448 4104 481 4160 de
505 4104 577 4161 ilait.
607 4105 687 4176 bapt.
712 4108 783 4161 aaut.
813 4106 995 4162 Petilianism.
1052 4106 1129 4163 diem
1143 4108 1179 4162 23
1203 4107 1294 4180 Sept,
1319 4111 1353 4163 ut
1376 4106 1489 4163 Bertius
1513 4103 1710 4163 Bollandistis
1725 4122 1875 4163 assensum

193 4220 200 4232 .
219 4178 261 4231 16.
277 4176 352 4242 Quid
368 4192 442 4248 opus
455 4179 502 4232 eet
516 4180 550 4230 ut
568 4175 770 4248 episcoporum
791 4175 926 4232 llocleeiee
941 4181 996 4232 lto-
1073 4179 1219 4234 rsebuerit.

174 4193 189 4233 ⁰
380 4250 384 4259 ,
481 4248 486 4258 ,
535 4249 539 4258 ,
743 4247 748 4258 ,
1052 4195 1070 4251 P

174 4265 278 4331 mana,
295 4247 1000 4332 quosinoradibilibuscalumniis-insectaturPe·
1087 4250 1144 4322 (23)
1160 4250 1192 4306 ln
1216 4250 1268 4322 Ep.
1297 4247 1537 4323 Cyprianicerum
1563 4249 1612 4316 69,
1636 4247 1807 4306 Florentius
1824 4252 1875 4304 Pu·

173 4319 466 4403 tilianustionstista,
478 4319 638 4402 obiectsab
647 4335 682 4403 eii
693 4317 999 4376 criminadiluamus‘l
1052 4319 1158 4394 planus
1173 4321 1329 4394 episcopus
1343 4320 1550 4385 introducitur,
1567 4319 1648 4394 quod
1664 4321 1817 4392 (Pseudo)
1828 4321 1876 4392 Cp·

174 4390 360 4473 Marcellinus
374 4396 417 4474 ,et
440 4389 601 4472 presbyteri
628 4406 692 4462 aius
737 4406 768 4445 ro
791 4394 872 4457 tunc,
896 4396 998 4464 postea
1052 4393 1189 4464 prienam
1219 4392 1363 4449 vocaverit
1385 4394 1564 4465 superbum,
1599 4389 1694 4447 i'tur
1717 4391 1876 4465 Cyprianus

173 4480 282 4546 summi
293 4463 462 4546 ,Pontifices
477 4461 653 4518 Melchiades
667 4467 696 4544 et
709 4407 853 4545 gylyester
865 4463 998 4546 traditio-
1052 4464 1167 4536 probat,
1183 4479 1215 4519 se
1225 4479 1289 4547 esse
1302 4479 1369 4548 vere
1379 4462 1534 4546 humilem,
1549 4466 1579 4519 et
1625 4462 1744 4519 orantia
1752 4462 1875 4547 regerit:

174 4551 219 4616 nis
236 4535 369 4589 codicum
384 4535 549 4590 divinorum
563 4538 592 4589 et
605 4533 832 4615 thurificationis
842 4534 878 4590 ab
889 4550 923 4590 eo
937 4551 995 4591 cri·
1011 4512 1036 4578 D
1050 4535 1091 4591 Aa
1107 4544 1136 4591 ia
1150 4535 1293 4608 (humilis)
1316 4552 1369 4609 qui
1383 4541 1412 4592 te
1435 4550 1605 4607 episcopum
1624 4534 1772 4608 episcopi,
1794 4534 1876 4605 etja-

174 4621 253 4660 mine
268 4609 443 4687 arguuntur:
457 4606 513 4661 Sed
528 4605 662 4687 nunquid
682 4604 747 4662 ideo
770 4609 857 4661 etiam
873 4606 996 4688 conuin-
1050 4606 1143 4690 dicem
1156 4607 1299 4678 judicias
1322 4613 1386 4689 beo·
1400 4606 1478 4688 docti
1501 4605 1671 4673 constituis,
1694 4605 1874 4690 cum'Dami·

173 4682 291 4801 cuntutr,
303 4681 352 4802 uiti
363 4675 486 4803 cgnlvictl
497 4675 846 4803 aliguadtocumtentorulm
857 4677 996 4803 firmitate
1049 4695 1106 4734 nus
1120 4695 1161 4763 ,¹¹².
1184 4683 1406 4805 Deutegonomio
1430 4678 1527 4734 diust:
1546 4676 1701 4803 uEdtigosiia,
1726 4692 1875 4805 ww

172 4764 262 4875 itit
275 4764 898 4946 tf.li...titttt‘tittttttitti
913 4765 995 4877 itt?
1044 4756 1180 4892 letti
1194 4759 1474 4903 ’ἕιὲζιωίἴίίῖἒι
1491 4764 1752 4891 Stadii,
1779 4755 1874 4875 ..ti

173 4909 232 4946 reni
251 4908 301 4962 pro
324 4907 373 4947 are
387 4891 587 4947 defensionem
611 4906 719 4961 meam,
734 4906 801 4946 cum
823 4890 872 4946 ille
887 4895 994 4949 necte·
1048 4898 1097 4948 tur
1111 4893 1191 4948 bama
1206 4893 1265 4947 atie.
1290 4893 1312 4947 ll
1336 4891 1453 4948 ducitur
1475 4890 1505 4946 S.
1529 4889 1648 4957 Paulus,
1675 4891 1727 4962 qui
1749 4890 1780 4946 in
1798 4889 1873 4945 taleis

172 4964 271 5019 nuitor
294 4962 417 5089 probare
439 4967 561 5019 conatus
585 4962 624 5018 sit
647 4963 863 5018 accusationem
884 4961 994 5020 suami
1048 4968 1078 5020 et
1101 4962 1233 5035 spoliatis
1261 4963 1465 5019 sacerdotibus
1489 4963 1625 5017 umbram
1651 4966 1753 5018 tamen
1783 4962 1871 5033 ipssm

172 5035 202 5090 Si
218 5041 262 5090 cst
276 5052 293 5089 u
308 5035 336 5090 la
351 5035 520 5090 humanitas
535 5035 564 5089 iu
580 5033 667 5089 rebus
688 5032 838 5101 humanis,
855 5039 924 5104 puto
940 5050 994 5090 nos
1048 5035 1167 5090 inanem
1190 5034 1380 5090 sacerdotalis
1403 5032 1532 5090 nominis
1556 5039 1717 5090 veneratus
1741 5032 1868 5089 dixerat:

168 5108 280 5176 justius
293 5122 379 5179 posse
395 5105 577 5178 reprehendi,
594 5105 618 5159 ei
635 5105 748 5177 ignotos
763 5104 907 5173 homines,
919 5122 994 5178 quos
1047 5105 1344 5176 essecestram,
1365 5107 1432 5177 qaia
1451 5105 1580 5176 peciisse:
1602 5111 1701 5165 estse
1739 5106 1870 5159 'tamesi

171 5175 994 5248 criminanturinimici,neceorumcrimauullatestitl·
1047 5179 1122 5233 enim
1134 5193 1144 5237 :
1161 5178 1319 5247 Principem
1351 5178 1427 5248 apati
1440 5178 1483 5232 ιιιιΙ
1496 5190 1552 5231 nasi
1567 5173 1727 5231 maledices.
1771 5174 1870 5230 scuda-

170 5252 282 5306 catione
295 5251 509 5318 demonstrant,
533 5253 670 5304 nocentes
685 5247 783 5318 potius
803 5263 892 5318 quam
907 5249 992 5303 inno·
1046 5248 1235 5304 Firmiiianue
1248 5194 1417 5320 seJ'uJicem
1427 5245 1868 5304 summiPontillciseanstituit.

169 5332 267 5376 centes
282 5320 502 5377 crediderimus.
524 5324 567 5376 tta
588 5319 617 5374 S.
640 5333 716 5400 nug.
731 5318 750 5373 l.
773 5318 823 5373 cit.
848 5318 899 5390 qui
922 5318 993 5374 l.11i
1095 5320 1130 5373 24
1157 5319 1188 5374 i..
1204 5335 1281 5384 xxxi,
1298 5336 1323 5376 c.
1340 5320 1384 5387 13,
1401 5337 1431 5375 n.
1445 5320 1474 5374 5.

169 5401 240 5446 cciii.
259 5392 389 5449 Crescca.
405 5393 496 5449 multa
515 5390 573 5447 alia
587 5390 663 5446 iacta
677 5388 818 5445 historica
830 5393 961 5446 recenset
975 5407 993 5448 a
1092 5391 1128 5444 25
1155 5390 1309 5455 Eusebius,
1324 5407 1351 5447 u.
1367 5390 1419 5446 lib.
1434 5405 1462 5446 e.
1481 5389 1528 5444 26.
1544 5419 1579 5430 -
1593 5391 1659 5444 lma
1673 5393 1704 5444 et
1726 5386 1781 5444 illa
1793 5386 1869 5459 Poly·

169 5463 329 5519 Donatistis
357 5470 460 5520 contra
486 5463 637 5537 episcopos
665 5459 828 5518 Catholicae
856 5462 990 5519 condeta.
1046 5462 1135 5517 cratis
1149 5467 1179 5519 et
1194 5462 1292 5517 lrensi
1308 5461 1383 5519 facta
1401 5478 1460 5518 non
1475 5463 1546 5517 sunt
1567 5460 1692 5516 omnino
1707 5465 1808 5527 eerts3
1822 5475 1868 5515 su·

168 5533 249 5598 Cuod
273 5531 373 5605 lapsus
396 5535 504 5593 Liberti
525 5551 607 5609 papa
632 5532 769 5591 similiter
788 5533 824 5590 ab
847 5532 991 5591 hereticis
1045 5533 1144 5604 spicer
1157 5533 1316 5590 Eusebium
1332 5535 1423 5590 tuisse
1433 5529 1646 5604 interpolatum
1659 5535 1724 5588 tam
1738 5536 1772 5586 in
1785 5544 1868 5590 asan

169 5603 258 5675 tuerit
273 5605 426 5687 conflatus,
440 5606 482 5665 ita
501 5606 741 5668 demonstrarunt
753 5603 991 5687 bollandistaed
1045 5603 1403 5681 QuartoDeaimauarum,
1418 5619 1509 5684 quain
1521 5601 1800 5682 mabspiisterum.

116 5654 166 5736 k
