3900 6112
134 274 194 337 ur
899 274 1070 340 aorrrrs.
1773 294 1837 361 ua
1896 252 1900 261 '

131 410 196 484 lpse
210 410 334 483 eiusque
348 424 437 483 opera
449 406 579 481 episcopi
598 408 705 481 ceteri,
719 430 734 459 a
750 408 859 481 quibus
882 408 955 466 scri·
969 410 996 477 Α
1011 409 1106 466 tentia
1120 412 1209 469 etiam
1225 418 1288 470 tum
1304 412 1449 475 lavabant.
1465 418 1544 476 Duos
1566 437 1681 495 queque
1702 423 1777 483 alias
1797 428 1835 484 ad

132 501 211 570 bars,
238 503 267 557 et
294 498 409 556 litteras
434 504 537 554 mutuo
565 514 582 553 a
610 498 719 571 quibus
748 513 799 555 eos
825 498 955 571 accipere
1010 498 1158 573 hosipses
1173 501 1315 575 epistolas
1334 504 1414 563 misit
1437 512 1537 581 postea
1559 525 1648 583 quam
1674 512 1711 569 ad
1736 514 1836 573 Docte.
1914 506 1917 511 '

130 592 296 664 operteret;
314 610 329 639 a
358 589 489 661 adeoque
518 587 544 643 si
573 588 639 661 quis
668 588 795 645 scribere
823 589 954 659 auderet,
1009 588 1083 644 siam
1114 590 1281 649 rediissent.
1308 612 1320 644 a
1351 596 1464 661 ouibus
1490 613 1526 655 cx
1554 600 1650 658 verbis
1678 602 1835 679 coniicitur·

130 680 216 751 aulus
243 694 351 735 noman
380 678 410 733 in
440 677 493 733 hae
527 674 650 749 epistola
677 677 857 745 reticeretur,
887 692 954 733 aum
1009 677 1236 751 primoquidem
1255 682 1384 755 Dionysii
1413 686 1449 743 ad
1479 688 1644 747 Cornelium
1668 691 1835 767 epistolam,
1942 746 1945 751 .

129 774 279 827 nossent«
295 765 340 824 vel
351 766 450 824 libello
463 764 509 822 vel
524 766 668 823 sacrillcin
682 782 747 824 esse
762 766 953 839 maculatum,
1008 764 1038 822 ia
1055 784 1113 840 qua
1128 768 1184 841 ipsi
1200 770 1280 826 l'abii
1297 772 1408 831 obitum
1431 778 1558 845 nuntiat,
1579 779 1704 837 Cornelii
1720 783 1834 857 scripto

127 860 173 916 vel
188 875 280 915 unum
309 856 555 914 deherstiam.»
581 856 676 912 simili
701 856 835 913 cautione
850 854 953 912 Cerne-
1008 856 1043 911 ad
1070 856 1229 929 ipsummet
1251 860 1373 919 Fabium
1396 879 1462 921 essa
1487 867 1702 940 posteriorem
1726 870 1833 931 deinde

125 948 186 1006 lius
200 946 333 1004 scribens
348 946 384 1003 ad
399 946 522 1002 Fabium
538 944 753 1001 Antiochenam
768 944 953 1026 episcopum,
1006 961 1073 1002 rere
1088 946 1248 1006 Eusebium
1271 949 1300 1006 in
1325 968 1394 1009 rana
1407 954 1494 1012 dictis
1510 956 1639 1031 Dionysii
1655 958 1759 1018 litteris
1784 976 1831 1019 re·

127 1034 851 1109 nominaepiscoporumqniNovatiauumsivein
868 1050 953 1107 syno-
1007 1036 1161 1093 censendis
1187 1038 1320 1097 ordinem
1350 1047 1516 1115 temporum
1544 1046 1667 1105 minime
1686 1064 1829 1111 servasse.

128 1128 166 1183 do
182 1126 324 1193 Romana,
340 1124 400 1181 siva
413 1140 465 1197 par
487 1123 599 1180 litteras
623 1125 899 1187 condemnaverant,
915 1122 951 1180 ad
1006 1123 1179 1195 Cnnjectura
1207 1129 1316 1203 suippe
1342 1137 1387 1188 est
1411 1132 1485 1190 duas
1514 1134 1626 1208 primas
1653 1136 1793 1210 epistolas
1810 1156 1830 1197 a

129 1214 239 1271 calcem
268 1213 395 1286 epistolae
430 1230 490 1268 aus
526 1215 697 1281 attenuarat,
727 1216 760 1269 ut
795 1210 951 1281 Eusebius,
1006 1212 1142 1288 Dionysio
1171 1216 1297 1291 scriptus
1321 1218 1423 1287 luisse,
1451 1238 1519 1280 cum
1548 1242 1565 1281 a
1593 1230 1687 1283 morte
1708 1226 1828 1285 Eabianl
1937 1254 1940 1261 ·

127 1303 180 1360 lib.
191 1319 222 1363 ιι
238 1304 322 1374 llist.,
339 1319 364 1360 c.
380 1304 425 1371 te,
441 1300 540 1358 tradit.
1006 1300 1104 1359 Roma
1130 1304 1214 1361 sedes
1237 1312 1363 1379 uacaret,
1388 1310 1505 1369 tertiam
1545 1328 1612 1370 cnm
1644 1316 1828 1375 confessores

1005 1390 1165 1448 Macarium
1192 1397 1405 1470 presbytorum,
1428 1398 1589 1470 Urbanum,
1616 1404 1769 1463 Sidonium
1799 1410 1828 1463 st

513 1452 559 1510 Vl·
1004 1480 1168 1539 Celerinum
1197 1483 1355 1543 Neratiane
1397 1488 1492 1546 lavere
1534 1490 1646 1561 didicit,
1681 1497 1828 1566 postremo

161 1574 207 1629 ll.
224 1572 346 1629 Cornelii
362 1571 397 1628 nd
413 1569 590 1643 cyprianum
610 1565 736 1641 epistola
765 1582 816 1640 per
842 1566 949 1623 Primi·
1004 1576 1139 1643 quartam
1167 1578 1196 1629 et
1224 1575 1359 1647 quintam
1383 1594 1444 1634 una
1470 1595 1538 1635 cum
1562 1596 1713 1655 ea,quam
1730 1584 1828 1656 priore

122 1664 218 1721 tivum
234 1664 436 1735 presbyterum
453 1658 577 1732 perlata,
590 1674 649 1730 qua
672 1674 704 1713 se
726 1662 839 1713 motum
855 1656 948 1729 signi-
1003 1658 1066 1716 leco
1082 1662 1118 1717 ad
1134 1662 1299 1719 Cornelium
1316 1665 1432 1724 misisse
1450 1667 1577 1738 dicitur;
1602 1686 1670 1727 cum
1685 1672 1827 1731 nimirum

123 1753 242 1818 thabat,
256 1751 334 1824 qaod
346 1766 413 1805 cnm
424 1749 460 1805 da
471 1746 663 1804 Adrumetina
674 1746 787 1803 colonia
797 1744 946 1818 Polycarpi
1002 1751 1188 1807 consessores
1203 1753 1319 1810 eosdem
1335 1756 1372 1811 ad
1387 1755 1547 1813 Ecclesiam
1576 1774 1724 1831 regressos
1739 1760 1825 1835 ipsis,

122 1842 255 1915 ejusdem
270 1840 390 1896 coloni-e
404 1837 533 1911 episcopi
549 1836 667 1892 nomine
683 1836 718 1891 ad
735 1852 766 1892 sa
784 1834 886 1891 litters
901 1835 946 1890 di·
1002 1838 1030 1893 ni
1048 1838 1187 1913 fallimur,
1202 1839 1327 1898 Cornelii
1356 1842 1463 1901 litteris
1489 1847 1661 1921 accepisset.
1678 1850 1825 1917 Quemad·
1935 1910 1940 1919 ,

123 1932 297 2005 rigerenlur,
312 1928 476 2002 Cyprianus
491 1932 520 1983 et
536 1924 678 1982 Liberalis
701 1923 770 1981 illuc
784 1924 944 1993 venientes,
1000 1929 1121 1985 modum
1136 1929 1214 1985 enim
1228 1931 1379 1988 Cornelius
1394 1936 1594 1992 confessorum
1608 1938 1644 1993 ad
1664 1938 1824 1997 Ecclesiam

123 2027 156 2077 ut
169 2036 228 2077 non
244 2019 279 2075 ad
296 2016 474 2083 Cornelium,
491 2015 541 2071 sed
572 2014 811 2086 adpresbytaros
834 2013 945 2070 scdia·
1000 2018 1127 2075 raditum
1151 2020 1179 2075 in
1204 2021 1445 2079 suaadFabium
1460 2025 1676 2083 Antiochorum
1691 2027 1824 2101 Epistola
1936 2053 1941 2061 ·

120 2125 211 2167 conos
241 2108 387 2164 Romanos
416 2105 620 2177 dirigerentur,
648 2106 782 2159 auctores
810 2102 944 2170 luissent,
999 2107 1152 2181 nuntiavit,⁴
1168 2108 1252 2165 itaet
1266 2111 1404 2184 augurari
1432 2110 1501 2170 licat
1527 2131 1595 2171 aum
1614 2114 1643 2171 id
1659 2115 1758 2189 ipsum
1772 2132 1822 2175 eo·

121 2200 329 2273 quasianceps
358 2200 436 2251 esset
462 2193 557 2267 ipsius
582 2191 738 2248 ordinatio.
761 2190 819 2249 Cur
846 2196 944 2249 autem
998 2196 1065 2253 dem
1080 2201 1211 2270 tempere
1230 2198 1367 2273 Dionysio
1395 2200 1598 2260 Alexandrinas
1626 2204 1756 2263 ecclesias
1771 2222 1822 2265 an·
1938 2258 1942 2263 .

121 2279 945 2356 idaseatuucaLiberalilactumsit,Cyprianua,supra
998 2285 1207 2343 tistitilitteris
1234 2288 1313 2345 datis
1342 2288 1535 2362 significasse,
1552 2291 1822 2367 huncquenonits
1904 2352 1907 2357 .

121 2375 245 2449 epistola
260 2391 297 2443 rr,
309 2373 444 2446 explicat.
999 2374 1091 2432 multe
1107 2380 1174 2449 post
1189 2393 1223 2433 ea
1238 2394 1302 2449 qua
1324 2378 1468 2436 Eusebius
1496 2382 1644 2440 memorias
1659 2382 1821 2455 mandarit,
1934 2402 1938 2429 t

500 2515 562 2570 VH·
1000 2464 1036 2520 ad
1051 2462 1216 2522 Cornelium
1232 2466 1429 2541 rescripsisse.

153 2632 531 2710 saepecommonitis
554 2632 732 2705 cyprianum
755 2646 807 2703 per
824 2632 942 2706 Augen·
1396 2630 1430 2686 ll.

116 2726 188 2783 dnm
204 2726 399 2783 consessorem
425 2721 526 2785 missu,
544 2738 603 2793 qua
624 2720 832 2787 Nicostratum,
848 2719 941 2776 Nova·
1114 2771 1120 2783 ,
1363 2773 1370 2786 ,
1562 2776 1568 2789 Ι
1644 2778 1652 2791 ·

117 2818 192 2877 lum,
208 2812 385 2877 Eraristum,
401 2810 532 2865 Primum
560 2813 589 2864 et
612 2808 781 2881 Dionysiam
805 2808 941 2864 Novatia·
1033 2773 1075 2827 18·
1093 2771 1204 2828 mmm
1220 2772 1372 2829 F⁰iiu¹¹²¹i¹
1396 2775 1664 2851 P⁸⁰¹¹d⁰·⁰ll¹⁸⁰⁰l)h
1679 2778 1820 2855 pollest-

114 2904 144 2958 ni
169 2907 324 2959 sectatores
341 2900 370 2955 in
397 2898 524 2954 Africam
544 2896 696 2971 navigasse
715 2897 940 2970 cyprianusad-
995 2859 1227 2933 t⁰⁸ip⁸i¹¹⁸¹q⁰i
1258 2876 1317 2917 ⁰¹¹³
1345 2878 1411 2962 Ψ
1440 2862 1619 2966 ῨΘῙὶθῑθῆῑῐΠθ
1649 2866 1820 2971 Βῡῑῐῑῢωξθ

115 2995 299 3052 monebatur·
994 2949 1193 3019 contulerunt,
1209 2949 1244 3005 ad
1259 2949 1424 3007 Cornelium
1439 2955 1631 3011 transmisse.
1658 2956 1698 3012 De
1713 2955 1817 3029 legatis

442 3106 519 3163 ⁰⁰⁰
534 3104 608 3160 Vffl·
952 3129 1114 3229 Cinsuper
1141 3128 1400 3202 pseudo-episcopo
1429 3129 1486 3187 sibi
1515 3131 1551 3188 ab
1580 3131 1724 3191 hereticis
1745 3150 1815 3193 con·

151 3228 195 3283 le.
212 3224 336 3284 Cornelii
352 3225 389 3281 ad
405 3222 578 3295 Dionysium
588 3218 817 3277 Alexandrinum
828 3218 938 3293 episco-
993 3218 1106 3289 alibuta,
1122 3216 1258 3291 navigare
1285 3219 1394 3274 audent
1422 3226 1449 3275 et
1477 3218 1513 3274 ad
1543 3220 1617 3278 Petri
1644 3222 1814 3281 cathedram

116 3310 678 3389 pumlittereadversusllovalianum.
994 3309 1082 3381 alqne
1110 3307 1147 3363 ad
1176 3305 1336 3363 Ecclesiam
1375 3306 1576 3381 principalem,
1607 3311 1684 3368 unde
1717 3311 1816 3369 unitas

994 3396 1184 3453 sacerdotalis
1211 3400 1310 3452 exorta
1337 3400 1393 3467 ast,
1423 3414 1440 3453 a
1473 3397 1670 3456 schismaticis
1695 3404 1726 3457 et
1751 3416 1818 3473 pre·

994 3484 1070 3541 lania
1098 3484 1212 3540 litteras
1254 3485 1391 3556 perterre,
1420 3500 1473 3542 nec
1500 3486 1627 3560 cogitare
1663 3504 1714 3545 eos
1751 3503 1817 3547 cass

153 3575 197 3631 17.
214 3572 342 3647 Dionysii
368 3570 554 3629 Alexandrini
582 3567 705 3641 epistola
728 3568 764 3625 nd
784 3569 939 3641 predictas
994 3573 1152 3642 ltomanos,
1190 3590 1316 3646 quorum
1347 3574 1420 3631 fides
1462 3576 1600 3649 Apostole
1641 3578 1818 3649 predicante

112 3661 229 3719 litteras
245 3661 396 3733 rescripta,
412 3661 448 3715 de
477 3675 536 3731 qua
563 3657 623 3712 haec
649 3656 793 3713 Eusebius
808 3672 938 3712 summu·
993 3663 1067 3718 097
1085 3662 1205 3719 laudata
1232 3666 1287 3732 est,
1318 3664 1353 3718 ad
1381 3679 1455 3736 quos
1479 3664 1601 3737 pertidia
1630 3664 1737 3723 babere
1760 3682 1818 3725 nen

112 3751 166 3808 tim
183 3750 376 3825 perstringit:
394 3772 408 3799 n
425 3748 530 3805 Scribit
544 3747 703 3820 Dionysius
718 3747 753 3803 ad
771 3746 937 3804 Cornelium
993 3750 1087 3825 pessit
1102 3768 1264 3809 accessum.
1283 3774 1298 3801 »
1313 3751 1441 3809 Rursum
1466 3757 1532 3825 post
1555 3770 1649 3827 pauca
1664 3755 1701 3811 de
1714 3753 1820 3813 iisdem

502 3454 550 3509 iX.

993 3038 1052 3095 illis
1075 3038 1137 3095 heo
1158 3038 1262 3095 scribit
1289 3039 1469 3113 Cyprianus:
1501 3064 1515 3093 «
1532 3042 1600 3101 Post
1628 3044 1695 3113 ists,
1719 3044 1816 3105 adhuc
1926 3054 1936 3115 [-

110 3840 253 3897 Romsnrc
268 3840 349 3895 urbis
363 3838 544 3911 episcopum,
561 3838 648 3908 cnjus
669 3835 782 3893 litteras
798 3837 938 3892 adversus
993 3841 1035 3898 ita
1047 3840 1198 3914 loquitur:
1217 3862 1231 3891 «
1247 3841 1287 3898 Dc
1302 3841 1368 3897 istis
1382 3858 1449 3899 vero
1465 3842 1535 3915 quid
1551 3844 1657 3910 dicam,
1674 3844 1725 3916 qui
1740 3860 1820 3903 nuno
1933 3841 1939 3853 “

109 3934 255 3985 Neretum
273 3926 736 4001 (luchrntiannm)acceperat.
753 3926 784 3982 ln
801 3924 937 3997 quaqui·
994 3932 1030 3986 ad
1047 3936 1156 3988 tecum
1172 3928 1504 3987 Felicissimoomnium
1533 3929 1820 3989 criminumreona·

108 4018 177 4075 dem
193 4018 319 4093 epistola
334 4018 480 4089 significat
495 4033 526 4072 sa
550 4016 586 4071 ab
611 4015 718 4072 Heleno
732 4015 814 4071 Tarsi
831 4014 936 4071 Ciliciae
991 4016 1818 4094 rigaverunt,legatiaFortunatepseudo-episcopomissl,

109 4108 452 4181 episcopoctacatcris
476 4106 526 4179 qni
556 4121 622 4160 cum
652 4105 702 4161 illo
730 4112 935 4181 convenerant,
991 4114 1052 4165 lam
1068 4108 1158 4165 falsas
1173 4108 1209 4165 ad
1227 4112 1256 4165 le
1271 4107 1384 4164 litteras
1408 4109 1573 4176 all‘crentas,
1602 4124 1689 4180 quam
1717 4111 1762 4165 ast
1788 4112 1818 4166 et
1921 4142 1926 4149 ·

109 4195 283 4253 Firmiliano
299 4196 411 4253 scilicet
424 4194 611 4267 Cappnd0ciaa
632 4199 661 4250 et
686 4194 854 4252 Theoctiste
881 4196 935 4253 Pa·
991 4198 1065 4271 ipse,
1081 4198 1167 4269 cujus
1181 4196 1295 4253 litteras
1310 4196 1416 4269 lerunt,
1441 4197 1559 4254 lalana?
1575 4219 1590 4248 »
1618 4196 1699 4253 llane
1718 4202 1818 4255 autern

107 4284 231 4342 lectiae
246 4285 400 4359 provincia
429 4284 586 4356 episcopis,
609 4283 762 4340 invitatum
785 4284 886 4353 luisse,
904 4288 937 4340 ut
992 4286 1157 4344 litterarum
1169 4285 1285 4343 illarum
1301 4286 1457 4343 salsitatem
1473 4286 1503 4341 in
1516 4286 1572 4343 hec
1581 4286 1708 4359 positam
1722 4290 1815 4359 nomi,

108 4374 150 4430 ad
164 4374 306 4445 synodum
322 4372 533 4430 Antiochenam
557 4378 732 4439 occurreret,
750 4373 779 4428 in
797 4389 856 4446 qna
870 4372 934 4445 qui·
990 4378 1068 4449 quod
1084 4377 1114 4433 in
1129 4376 1172 4433 eia
1188 4377 1366 4432 Fortunatus
1394 4374 1499 4447 viginti
1517 4375 1649 4447 quinque
1663 4373 1816 4449 episcopos

107 4462 179 4519 dam
193 4464 295 4521 Nerati
310 4463 441 4521 schisma
455 4462 631 4519 confirmare
650 4463 811 4519 tentabant.
826 4464 935 4521 Scribit
989 4466 1253 4521 ordinationibus
1296 4464 1416 4521 alluisse
1453 4465 1612 4535 Jactitaret,
1651 4480 1718 4523 cum
1746 4480 1815 4523 eum

106 4552 197 4611 etiarn
215 4553 271 4610 sibi
285 4554 454 4610 nuntiatum
470 4552 572 4618 luisse,
588 4551 665 4621 quod
691 4550 798 4608 Fabius
814 4554 933 4625 quidem
950 4532 973 4598 Ῑ)
993 4553 1150 4627 «quinque
1162 4552 1233 4609 salis
1244 4552 1485 4610 convenientibus
1496 4554 1686 4629 naufragiset
1697 4556 1815 4613 absten-

105 4642 186 4699 diem
201 4648 364 4701 extremum
380 4641 513 4710 obiisset,
528 4639 813 4696 Demetrianusrcro
828 4642 857 4697 in
869 4644 934 4714 elus
988 4643 1058 4700 tis»
1074 4642 1241 4699 ordinatum
1270 4657 1335 4699 esse
1368 4647 1534 4712 constarst;
1563 4644 1674 4702 Privato
1703 4643 1816 4703 scillcet

104 4731 205 4788 lacum
229 4732 384 4806 episcopus
404 4729 589 4786 Antiocheae
615 4727 750 4784 Ecclesiae
771 4734 849 4785 esset
864 4747 934 4787 con·
987 4732 1234 4789 vetcrclrerctico
1257 4730 1325 4787 olim
1342 4730 1504 4805 nonaginta
1525 4732 1812 4808 cpiscoporumsen·
1886 4792 1891 4799 ,

105 4818 240 4876 stitutus.
256 4822 311 4877 Sed
327 4825 355 4877 el
370 4820 406 4875 do
422 4817 833 4889 llierosolymorumopiscopo
850 4836 933 4875 men·
987 4822 1079 4878 tentia
1107 4822 1310 4891 condemnate,
1341 4820 1434 4877 Felice
1458 4838 1544 4895 quam
1574 4822 1707 4880 Privatus
1731 4826 1813 4881 extre

105 4908 218 4966 tionem
231 4910 356 4967 iacitlris
367 4910 482 4966 verbis:
500 4908 579 4973 Quod
591 4907 670 4962 caim
685 4907 720 4962 ad
736 4906 931 4966 Alexandrum
987 4909 1145 4967 Ecclesiam
1162 4910 1273 4982 pseudo
1289 4910 1459 4983 episcopum
1486 4914 1688 4983 constituerat,
1707 4910 1810 4968 lorino

104 5001 229 5071 spectat,
253 5000 280 5055 is
303 4999 332 5055 in
348 5014 494 5055 carcerem
514 4996 674 5066 conJcctus,
690 4995 774 5051 beato
788 4996 866 5052 exitu
882 4997 932 5053 de·
986 5006 1016 5057 et
1030 4999 1156 5055 Maxime
1173 5015 1301 5072 primum
1318 4999 1465 5057 sententia
1480 5017 1583 5057 novem
1604 5000 1810 5071 episcoporum

104 5088 228 5145 functus
242 5093 296 5145 eat.
312 5110 327 5138 a
341 5089 453 5153 Quibus
469 5086 573 5143 deinde
588 5084 688 5140 subdit
702 5084 738 5139 de
753 5084 853 5141 eodem
868 5086 933 5142 Dio·
987 5088 1315 5158 damnatis‚aadeinda
1339 5085 1810 5162 iteratoapluribusinconcilio
1867 5080 1871 5087 ’

105 5175 191 5249 nysio
206 5176 367 5235 Eusebius:
387 5197 399 5226 s
416 5176 555 5249 Sequitur
570 5173 675 5230 deindo
690 5173 783 5230 altera
797 5175 930 5246 ejusdem
986 5176 1141 5248 abstentis,
1157 5180 1186 5233 et
1201 5176 1326 5249 lleposlc
1342 5175 1557 5249 Suturniccnsi,
1580 5175 1631 5248 qui
1659 5176 1689 5233 in
1716 5192 1811 5249 perse-

104 5265 247 5340 Dionysio
262 5268 384 5341 epistola
399 5268 435 5324 ad
451 5266 565 5323 Fratres
586 5268 683 5321 Damae
705 5264 880 5322 constitutos
896 5266 932 5322 de
985 5264 1100 5323 cutione
1115 5282 1172 5321 non
1197 5268 1313 5322 tuntum
1341 5266 1404 5337 ipse
1433 5264 1588 5336 ceciderat,
1605 5263 1656 5321 sed
1671 5269 1700 5321 at
1715 5264 1809 5323 maxt-

103 5352 219 5412 diacaai
248 5358 344 5415 allicio
372 5374 424 5431 per
453 5353 642 5429 llippolytum
671 5353 773 5411 missa.
802 5354 930 5412 Alteram
985 5372 1064 5411 mam
1080 5353 1172 5427 plebis
1188 5370 1249 5409 sus
1264 5359 1377 5425 partam
1392 5352 1536 5426 sacrilega
1556 5353 1748 5427 persuasione
1763 5355 1811 5412 ds·

101 5442 176 5502 item
191 5448 227 5504 ad
242 5450 360 5505 eosdem
374 5447 527 5522 epistolum
540 5445 641 5501 scribit
656 5446 691 5501 dc
706 5450 790 5513 l'acc,
807 5464 860 5503 ncc
872 5464 928 5504 nen
981 5447 1108 5519 jecerat:
1125 5466 1139 5493 n
1156 5442 1345 5515 illustrique,
1362 5443 1427 5499 iniit
1441 5442 1614 5515 Cyprianus,
1627 5460 1693 5501 cum
1707 5442 1810 5517 paucis

100 5532 141 5591 de
153 5536 337 5595 Paenitentia.
355 5540 469 5595 lturans
493 5535 581 5592 aliam
610 5535 647 5591 ad
670 5535 859 5593 Gonlessoras
875 5536 929 5593 ibi·
983 5536 1027 5592 val
1044 5531 1226 5604 sacrificatis,
1240 5529 1285 5585 vcl
1300 5531 1376 5589 male
1390 5532 1448 5589 sibi
1463 5532 1599 5605 consciis,
1613 5535 1811 5594 Fortunatum

100 5626 170 5693 dem
184 5630 371 5707 constitutos,
388 5630 437 5707 qui
452 5629 552 5687 Novati
578 5627 645 5705 (lag.
673 5626 838 5709 Noratieni)
862 5646 929 5689 aen·
983 5622 1040 5685 sibi
1050 5621 1352 5701 pseudo-episcopum
1366 5626 1549 5703 cooptarunt.
1561 5644 1576 5673 r
1588 5622 1651 5691 Hes
1661 5622 1813 5687 Fortunati
