3900 6112
115 298 176 365 809
793 308 834 371 tta
856 308 890 371 E.
912 308 1141 377 contumuit
1765 308 1824 375 '¹02

150 432 277 491 Faventa
303 434 384 493 Decii
413 436 554 508 absentia,
583 440 630 497 dia
667 442 802 499 mercurii
835 447 940 515 quoda
952 448 980 515 Α
998 445 1085 502 mitae
1100 445 1187 503 ssdeil
1205 446 1349 519 qnadncs
1365 444 1493 520 simplici
1507 444 1636 502 cordeat
1658 442 1824 516 perspicere

114 521 194 582 lunii
208 524 273 593 251,
289 526 439 582 communi
455 528 574 585 Romani
591 528 660 586 cleri
675 548 821 589 consensu
833 532 941 591 Corna-
995 534 1124 607 penitus,
1139 538 1169 592 et
1182 534 1304 591 laudare
1327 534 1481 603 debemus,
1504 532 1617 592 sedisse
1641 530 1821 606 intrepidum

113 610 174 671 lius
189 612 299 671 electus
312 617 367 681 est,
383 618 418 671 de
433 618 518 689 cujus
533 620 716 677 ordinatione
741 622 800 679 haec
822 624 940 696 cypria·
995 623 1094 680 Rama
1109 624 1138 679 in
1164 623 1338 682 sacerdotali
1361 623 1510 690 cathedra,
1536 638 1570 679 aa
1594 626 1738 694 tempore,
1757 636 1822 677 cum

113 720 172 762 nus
186 705 222 761 ad
239 706 446 779 Antonianum,
462 726 496 765 ex
510 710 661 768 Novatiani
680 713 812 786 epistolis
830 714 941 789 aliqna-
994 716 1136 786 tyrannus
1158 714 1284 771 infestus
1312 714 1364 770 Dei
1393 712 1594 770 sacerdotibus
1622 710 1714 768 landa
1738 714 1821 783 atquc

116 796 203 851 tanus
216 794 251 849 de
266 795 368 851 cadem
384 798 546 855 anxiumac
565 800 739 859 titubantem
750 804 789 875 (3)
801 823 808 859 :
820 828 834 855 a
849 803 941 861 Venia
995 803 1121 859 nefanda
1139 803 1377 871 comminaretur,
1402 818 1469 859 cum
1494 800 1588 857 multo
1611 798 1776 873 patientius
1797 804 1820 857 cl

112 880 377 955 jamnunc,iratcr
397 886 629 956 charissimam
647 908 800 963 personam
816 892 941 949 Cornelii
996 890 1179 948 tolerabilius
1208 892 1332 961 audiret,
1364 891 1609 948 levariadvorena
1631 904 1665 945 ee
1685 887 1817 943 emulum

115 970 231 1046 college
248 973 350 1043 nostri,
368 980 399 1029 ut
414 974 577 1032 Cornelium
595 979 746 1037 nobiscum
766 982 864 1037 verius
888 999 940 1039 no·
996 981 1168 1054 principem,
1181 998 1270 1055 quam
1284 981 1529 1038 constituiliama
1540 978 1592 1036 Dei
1602 978 1817 1035 sacerdotem·

114 1060 204 1129 veria,
220 1077 277 1117 non
293 1061 329 1117 de
345 1063 540 1135 malignorum
550 1072 579 1122 et
590 1068 805 1125 detrahentium
818 1072 939 1127 urenda·
995 1087 1084 1142 quem
1100 1071 1164 1127 ideo
1179 1076 1248 1127 ante
1259 1071 1431 1143 martyrium
1439 1076 1597 1142 martyrem
1607 1065 1763 1124 voluntate
1772 1082 1818 1123 sna

44 1192 47 1197 .
114 1147 172 1215 aio,
184 1150 234 1205 sad
248 1150 284 1206 de
294 1150 410 1207 Domini
421 1153 470 1209 Dei
485 1155 608 1225 judicia,
620 1156 670 1229 qui
681 1160 852 1231 episcopum
862 1161 939 1232 fecit,
995 1160 1087 1216 luisse
1102 1160 1249 1232 predicat.

114 1242 144 1295 at
170 1238 401 1311 espiscoporum
431 1244 610 1313 testimonio,
644 1264 770 1319 quarum
799 1266 940 1305 nurnerus
1032 1250 1067 1305 ll.
1083 1248 1250 1305 Cornelium
1267 1248 1384 1305 natione
1404 1247 1583 1314 Romanum,
1605 1262 1640 1302 ex
1668 1247 1752 1317 patra
1770 1242 1818 1299 Ga·

113 1328 442 1400 universusparmtum
458 1335 601 1389 mundum
630 1338 764 1393 concordi
793 1338 940 1394 unanimi·
995 1338 1193 1394 etinanatum
1211 1354 1276 1394 esee
1304 1336 1407 1393 scribit
1435 1337 1605 1392 Anastasius
1633 1332 1817 1390 Bibliotheca-

113 1418 175 1473 tata
190 1417 348 1473 consensit.
364 1419 437 1475 Nam
452 1421 530 1493 quod
546 1423 710 1481 Cornelium
731 1425 940 1483 charissimum
995 1428 1057 1484 rius
1072 1426 1127 1494 vel,
1145 1428 1282 1500 quisquis
1297 1426 1338 1482 illi
1356 1426 1483 1499 praeivit;
1500 1426 1545 1481 cui
1568 1424 1658 1481 etiam
1683 1422 1822 1480 nonnulla

115 1510 251 1562 nostrum
268 1510 326 1563 oea
355 1513 383 1564 et
409 1510 534 1583 Christo,
559 1518 588 1568 et
613 1514 745 1571 Ecclesia
767 1517 841 1587 ejus,
869 1517 940 1573 item
994 1520 1133 1575 Actorum
1157 1517 1338 1592 apographa,
1358 1521 1387 1573 et
1411 1517 1489 1590 quad
1510 1516 1673 1572 Romanam
1700 1512 1821 1587 patriam

1 1602 4 1609 '
115 1596 374 1653 consacerdotibus
402 1600 515 1655 cunctis
555 1603 695 1659 laudabili
736 1606 941 1677 predicatione
995 1608 1083 1664 etiam
1112 1607 1267 1680 catalogus
1289 1612 1487 1664 Romanarum
1513 1604 1821 1671 Pontificum,esera·

114 1684 312 1757 commendat,
330 1687 940 1766 nonisteadepiscopatumsubitoperve-
995 1696 1125 1753 nissimae
1141 1698 1258 1769 Reginae
1286 1696 1392 1752 Succiae
1421 1693 1599 1751 bibliotheca
1626 1698 1697 1749 anto
1722 1694 1821 1747 tam.1

113 1773 234 1845 nit,sed
251 1777 417 1846 peremnia
435 1777 633 1837 ecclesiastica
651 1782 746 1838 cilicia
776 1790 939 1857 promotus,
996 1784 1097 1858 aprilis
1113 1788 1149 1843 ab
1164 1786 1348 1842 Henschenia
1377 1783 1484 1853 editus,
1513 1782 1714 1839 consentiant.
1744 1780 1821 1837 Eorta

115 1862 188 1919 etin
218 1862 324 1921 divinis
352 1866 659 1927 administrationibus
678 1871 834 1928 Dominum
864 1888 941 1946 saepo
994 1874 1083 1949 igitur
1098 1874 1418 1931 luoritecelabcrrima
1434 1872 1484 1929 illa
1506 1872 1582 1929 inter
1608 1871 1760 1928 Romanas
1782 1869 1821 1926 ia·

115 1952 941 2034 promeritus‚edsacerdatiisublimatastigiumcunctis
995 1964 1093 2021 miliae
1109 1968 1196 2035 gente
1222 1961 1355 2020 Cornelia
1381 1962 1563 2036 progenitus,
1592 1966 1625 2017 ut
1648 1957 1821 2016 Franciscas

115 2040 264 2115 religionis
275 2043 416 2115 gradibus
431 2047 571 2102 ascendit.
588 2050 664 2105 Tum
675 2051 940 2125 deindeepiscopa·
994 2053 1355 2124 Blanchinuscensuitlex
1379 2051 1500 2108 Cornelii
1515 2051 1641 2107 arbitror
1659 2046 1822 2117 vocabula),

115 2134 179 2187 tum
192 2130 317 2204 necipse
328 2133 485 2204 postulavit
499 2152 552 2191 nec
576 2135 677 2205 voluit,
700 2156 754 2195 neo
778 2145 809 2195 ut
833 2141 939 2209 ceteri,
994 2143 1025 2199 in
1040 2142 1123 2200 Natis
1137 2141 1285 2198 historicis
1301 2141 1336 2197 ad
1353 2140 1505 2196 laudatum
1521 2137 1790 2195 bibliothecarium.

118 2236 193 2293 quas
208 2222 380 2293 arrogantia
395 2228 424 2278 et
438 2226 584 2296 superbiae
598 2230 697 2285 tumor
711 2228 806 2296 inflet,
817 2229 939 2297 invasit,
1032 2231 1117 2287 lllum
1132 2246 1184 2303 per
1198 2246 1300 2287 amnes
1315 2228 1530 2287 ecclesiasticas
1545 2226 1664 2284 ordinas
1681 2224 1823 2299 insignia·

5 2364 31 2380 ,,
116 2310 310 2383 sedquictus,
326 2314 531 2384 atmodeetus,
547 2318 940 2391 etqualesesscconsuove·
995 2320 1097 2395 quain
1115 2319 1271 2376 Ecclesiam
1292 2320 1397 2375 merita
1419 2318 1456 2374 ad
1476 2316 1607 2391 supremi
1633 2314 1826 2388 pontificatus

116 2404 198 2469 runt,
213 2400 264 2474 qui
280 2402 317 2457 ad
333 2402 412 2460 hrrnc
425 2403 521 2461 locum
534 2407 677 2466 divinitus
704 2409 863 2483 eliguntur,
889 2425 941 2483 pra
995 2410 1107 2482 spicam
1124 2409 1302 2477 escendisse,
1318 2406 1529 2481 irrefragabilis
1543 2405 1626 2462 testis
1650 2408 1698 2462 est
1717 2406 1747 2461 S.
1775 2404 1827 2475 Cy·

36 2488 43 2501 '
116 2488 942 2572 pudorevirginaliscanscientiaesues,etprohumilitata
996 2500 1119 2573 prianus
1135 2500 1163 2553 in
1179 2499 1289 2571 sapius
1299 2499 1362 2570 Jam
1383 2497 1504 2552 laudata
1518 2493 1646 2566 Epistola
1676 2492 1713 2548 ad
1741 2496 1827 2547 Anto·

115 2576 254 2652 ingenita
270 2580 326 2636 sibi
342 2585 370 2638 et
384 2584 535 2639 custodite
548 2588 738 2659 verecundie,
755 2605 813 2644 non
829 2593 862 2644 ut
876 2588 941 2662 qui·
996 2590 1130 2645 nianum.
1145 2589 1180 2643 m
1194 2588 1327 2658 ejusdem
1343 2592 1427 2659 gesta
1441 2602 1458 2641 a
1473 2584 1591 2641 neurius
1615 2581 1763 2639 recensita
1788 2596 1827 2635 ra·

118 2666 187 2724 dam
202 2667 261 2723 vim
275 2668 353 2739 lecit,
369 2676 403 2726 ut
429 2672 584 2747 episcopus
609 2676 699 2743 derat,
725 2679 776 2734 sed
796 2678 859 2751 ipsa
882 2678 942 2735 vim
997 2679 1137 2753 perinsus.
1154 2678 1287 2733 Attamen
1299 2671 1619 2733 cumaliomanaclero
1634 2670 1735 2739 fuerit,
1752 2668 1824 2724 baud

14 2778 19 2785 ·
119 2762 346 2833 paesusest,ut
367 2760 568 2835 episcopatum
591 2770 709 2823 coactus
731 2767 883 2839 exciperet.
907 2768 943 2823 Et
997 2766 1461 2838 dubiaadipeumspectatpars
1479 2768 1508 2818 et
1538 2764 1597 2819 lore
1621 2778 1681 2818 non
1706 2760 1822 2815 minima

2 2882 4 2887 -
120 2846 434 2922 iactusestepiscapus
449 2852 742 2928 aplurimiecallegis
754 2858 873 2926 nastris,
892 2857 942 2930 qui
997 2872 1109 2923 earum,
1127 2871 1190 2926 que
1206 2852 1302 2910 clarus
1318 2852 1376 2921 illa,
1393 2852 1423 2909 S.
1440 2851 1516 2908 Petri
1532 2849 1675 2907 cathedra
1702 2866 1754 2922 per
1778 2848 1821 2905 Es·

119 2933 231 2991 tuncln
242 2934 313 2993 urbe
323 2937 416 2995 Rama
426 2941 556 3009 aderent,
573 2944 623 3015 qui
639 2945 675 3000 ad
692 2962 746 3001 nos
764 2943 876 3003 litteras
891 2946 943 3002 hc·
997 2944 1077 3002 biani
1093 2944 1263 3016 martyrium
1279 2947 1410 3008 vacante,
1425 2940 1455 2997 in
1471 2940 1646 2997 calamitosa
1660 2938 1713 2995 illa
1736 2936 1820 2994 Eccla

119 3023 267 3091 nauticas,
283 3029 312 3081 at
326 3025 499 3101 laudabiles,
515 3035 544 3087 at
558 3032 724 3089 testimonio
736 3052 795 3091 suas
806 3034 943 3107 predica·
999 3034 1048 3091 ele
1058 3010 1504 3106 tempestateogregieprsastitit.
1517 3030 1640 3086 Exstant
1649 3026 1737 3083 varias
1754 3026 1818 3082 inter

117 3110 207 3169 tionis
222 3111 945 3189 illustrosdaajusordinatianemieerunt.Factus
999 3123 1186 3197 Cyprianicae
1205 3120 1335 3194 epistolae
1360 3137 1394 3177 ex
1420 3120 1526 3193 quibus
1554 3118 1745 3191 perspicuum
1772 3118 1815 3181 osi,

117 3206 275 3259 astantem
298 3204 449 3263 Cornelius
472 3209 627 3283 episcopus
649 3213 684 3268 de
709 3213 755 3269 ttei
779 3218 808 3269 et
835 3192 981 3270 christri}
1001 3217 1109 3285 quanto
1123 3210 1185 3267 zela
1199 3209 1301 3267 Clarus
1316 3209 1365 3266 illa
1381 3225 1438 3265 nan
1461 3210 1548 3265 mado
1569 3206 1735 3264 Romanam
1759 3204 1815 3261 dia

122 3292 321 3365 ojusjadicia,
337 3296 373 3353 dc
389 3293 560 3355 clericorum
577 3316 650 3372 pone
665 3302 798 3359 amnium
815 3303 946 3361 testima-
1001 3300 1091 3365 casin,
1108 3300 1157 3357 sed
1173 3304 1201 3355 et
1219 3297 1500 3371 Carthaginiensem,
1512 3294 1811 3369 aliasquecurarityil.

124 3379 232 3447 nio,do
247 3380 352 3455 plebis,
369 3401 432 3456 qua
450 3390 519 3442 tunc
535 3388 638 3457 adluit,
654 3390 804 3463 suffragia,
821 3390 949 3447 atdesa·
1036 3388 1203 3446 Cornelium
1227 3392 1369 3460 tanquam
1396 3387 1467 3445 vitia
1497 3390 1630 3442 creatum
1660 3382 1813 3457 episcopan

122 3468 275 3529 cordatum
291 3472 490 3545 antiquarum,
508 3479 536 3531 et
551 3476 694 3534 bonorum
709 3479 836 3536 virorum
860 3478 947 3535 colte-
1002 3484 1166 3536 Romanum
1182 3475 1382 3533 calumniatus
1406 3479 1450 3532 est
1477 3474 1657 3531 Novatisnus
1680 3470 1811 3528 Romanor

121 3557 188 3631 gio;
202 3576 270 3617 curn
287 3578 372 3617 namo
388 3567 455 3620 ante
469 3582 500 3621 se
517 3566 609 3622 lactus
623 3574 712 3637 esset,
736 3586 804 3624 cum
830 3568 949 3625 Fabiani
1003 3572 1164 3642 presbyter,
1181 3566 1341 3639 instigante
1355 3565 1475 3636 Novato,
1492 3562 1662 3636 presbytero
1680 3554 1810 3631 munid-

119 3646 214 3715 loaus,
232 3648 332 3718 idest,
351 3650 433 3708 locus
450 3653 524 3709 Petri
544 3662 573 3710 et
595 3657 704 3729 gradus
733 3658 877 3714 cathedre
902 3674 948 3713 aa·
1002 3658 1109 3727 aiensi,
1125 3657 1213 3728 idque
1228 3659 1287 3711 tam
1304 3654 1384 3710 rutra
1399 3658 1429 3709 et
1443 3652 1601 3723 malitiose,
1617 3654 1651 3708 nt
1675 3644 1810 3707 nonnullas

120 3738 414 3797 cerdatalisvecaret.
428 3764 442 3793 a
455 3745 690 3817 HaoCyprisnus
706 3747 742 3803 de
753 3746 877 3803 cornelii
891 3746 948 3802 cle·
1003 3766 1038 3806 ea
1052 3745 1268 3805 confessoribus
1287 3743 1416 3799 traheret
1437 3742 1466 3797 in
1491 3745 1588 3813 partes
1613 3756 1699 3809 suas,
1723 3752 1756 3793 aa
1774 3746 1811 3807 ptr

121 3827 227 3900 ctione,
244 3830 292 3886 cui
307 3847 367 3887 una
377 3848 444 3889 cum
460 3832 701 3892 Romanaclerico
711 3836 839 3909 episcopi
851 3837 952 3894 sexde-
1002 3842 1062 3895 tres
1077 3835 1229 3909 episcopos
1239 3849 1297 3905 qua
1309 3833 1422 3898 lraude,
1434 3848 1492 3904 qua
1502 3830 1528 3887 vi
1538 3826 1808 3902 compulsaseptaac

122 3916 180 3975 cim
195 3936 230 3977 ax
245 3918 436 3977 vicinioribus
450 3923 607 3994 provinciis
621 3923 745 3997 collecti,
759 3942 793 3982 ac
808 3928 877 3994 dua,
898 3926 949 3999 qui
1004 3943 1060 4000 pus
1074 3926 1225 3982 Romanus
1240 3922 1315 3979 clam
1331 3920 1493 3989 ordinatus,
1510 3920 1641 3991 primum
1655 3918 1686 3974 in
1706 3908 1809 3973 Ecclas's

122 4022 157 4063 ex
170 4006 267 4065 Alrica
282 4008 309 4063 in
324 4007 429 4065 Urbem
446 4014 594 4075 venerant.
614 4014 767 4085 Pompeius
781 4014 894 4071 scilicet
922 4017 951 4073 et
1003 4015 1135 4071 Romana
1150 4012 1280 4069 schisma
1294 4010 1443 4067 excitarat.
1457 4009 1528 4065 Eam
1543 4008 1581 4065 ab
1597 4022 1661 4063 rem
1681 4000 1808 4063 cornelitt

124 4096 302 4169 Stephanus,
325 4104 547 4155 consenserunt.
578 4099 658 4157 Unde
681 4101 845 4176 Cyprianus
872 4103 950 4160 idem
1004 4103 1155 4177 sexaginta
1169 4101 1373 4174 episcoporum
1390 4097 1513 4155 concilio
1529 4097 1656 4154 Romam
1682 4110 1758 4152 anna
1773 4086 1806 4143 25¹

123 4185 160 4243 de
174 4186 378 4259 episcoporum
395 4189 725 4262 numera,qniCarnelii
736 4193 950 4250 ordinationem
1004 4196 1172 4259 convocata,
1192 4188 1394 4255 Novatisnum,
1423 4190 1547 4262 ejusque
1576 4188 1735 4244 sectatores
1763 4190 1810 4237 sot·

123 4276 327 4349 limbat'mssla
352 4278 389 4333 &d
404 4279 622 4335 Antonianum:
649 4304 663 4331 «
678 4280 741 4338 Nisi
763 4282 816 4339 tibi
839 4282 951 4355 opisca·
1004 4280 1303 4345 thematodamnarit‚
1315 4277 1550 4347 atcaniessaros,
1561 4274 1612 4349 qni
1623 4274 1699 4348 lapsi
1711 4268 1810 4331 manat

123 4380 180 4439 pus
194 4366 320 4436 videtur,
338 4367 388 4439 qui
403 4368 541 4441 episcopa
556 4369 586 4425 in
602 4369 730 4427 Ecclesia
749 4388 766 4428 a
784 4372 861 4427 m
885 4388 951 4428 saa·
1005 4372 1040 4429 ad
1065 4369 1329 4427 reconciliationem
1352 4372 1381 4424 et
1405 4364 1608 4439 paenitentiam
1638 4356 1812 4421 admittenda

124 4453 219 4511 decim
234 4455 416 4529 coepiscopis
435 4458 522 4525 sacta,
548 4458 662 4517 adulter
685 4465 772 4533 atque
796 4464 952 4518 extraneus
1005 4477 1069 4517 esse
1084 4459 1221 4516 decrerit.
1238 4457 1297 4515 Hoc
1312 4457 1342 4512 in
1358 4455 1482 4513 concilia
1499 4454 1651 4528 lapsarum
1666 4468 1756 4509 cansa
1778 4446 1814 4501 lt·

125 4542 188 4599 lieri
203 4560 221 4599 a
234 4544 432 4603 desertoribus
449 4548 561 4616 nititur,
573 4570 588 4600 a
605 4549 634 4604 id
645 4555 689 4607 est
699 4568 716 4607 a
726 4550 878 4608 Norotiani
889 4550 952 4606 lau·
966 4568 991 4632 Ι)
1006 4549 1128 4607 aratoria
1140 4547 1253 4619 jndicio
1269 4546 1352 4603 linita
1371 4550 1426 4617 eat,
1441 4548 1647 4616 statutumque
1663 4546 1698 4600 ut
1712 4530 1815 4614 lapaut

123 4631 239 4689 ‘0‘le
254 4634 303 4705 (⁴)-
1006 4638 1245 4697 cammunianom
1259 4636 1337 4693 08⁰
1353 4652 1410 4691 nan
1426 4634 1666 4699 admitterentur,
1687 4630 1746 4688 nisi
1771 4640 1818 4701 pct-

162 4720 293 4795 Egregiis
306 4739 375 4780 cum
404 4727 517 4782 maritis
539 4728 754 4802 virtutibusque
778 4733 951 4785 exornatum
1007 4734 1071 4787 acta
1093 4726 1264 4801 paenitentia
1290 4726 1431 4781 diuturna
1457 4729 1487 4780 at
1513 4722 1645 4797 integra:
1670 4720 1715 4777 lta
1741 4722 1821 4775 hmcn

125 4811 229 4879 tuisse,
245 4812 288 4869 vel
309 4812 376 4869 inde
390 4816 551 4888 Cyprianus
567 4817 673 4889 arguit,
690 4818 778 4890 quad,
796 4817 882 4875 Dacia
901 4834 951 4875 eu·
1007 4824 1040 4876 nt
1055 4816 1127 4890 ipsis
1141 4816 1171 4872 in
1187 4830 1325 4888 supremo
1341 4814 1405 4869 vite
1421 4811 1592 4869 discrimine
1622 4808 1823 4871 subveniretur.

124 4901 258 4977 perstita,
274 4902 436 4960 liamanam
448 4904 607 4961 Ecclesiam
619 4907 840 4977 gubernandam
855 4924 953 4964 susce·
1007 4923 1102 4980 neque
1117 4905 1261 4963 absolutio
1276 4909 1304 4961 et
1319 4902 1487 4959 communia
1505 4905 1675 4975 negaretur.

126 4992 211 5067 parit.
231 4992 375 5048 «Etenim
390 4997 457 5066 past
473 4994 675 5065 episcopatum
692 5012 748 5052 non
760 4997 951 5061 exambitum.
1043 4997 1188 5052 Eumdem
1211 4994 1378 5067 pontificem
1403 5008 1419 5047 e
1443 4988 1626 5049 catacumbis
1645 4984 1829 5046 transtulisse

126 5098 185 5139 non
198 5086 355 5147 extortum,
371 5083 421 5137 sed
438 5082 473 5137 da
486 5081 549 5145 Dei.
563 5083 612 5154 qui
629 5086 795 5141 sacerdotes
811 5085 890 5152 lacit,
905 5102 953 5142 vo·
1007 5100 1129 5156 corpora
1148 5087 1316 5138 sanctarum
1344 5080 1421 5137 Petri
1449 5083 1478 5136 et
1501 5077 1583 5133 Pauli
1610 5080 1715 5133 narrat
1740 5080 1830 5133 auctor

124 5170 240 5229 luntate
255 5176 435 5243 susceptum,
451 5176 560 5243 quanta
575 5170 677 5245 inipso
690 5180 827 5247 suscepto
839 5175 951 5247 apisca·
1007 5174 1074 5230 libri
1091 5169 1334 5243 Pontificalis(6):
1360 5168 1520 5241 subditque
1542 5167 1578 5224 ad
1604 5172 1770 5225 extremum
1792 5180 1834 5221 as·

126 5266 196 5335 patu
212 5278 266 5318 sua
282 5262 395 5317 virtus!
412 5266 557 5333 qnantum
570 5262 659 5318 robur
673 5264 763 5321 animi
776 5264 783 5319 l
795 5263 892 5335 qualis
904 5263 952 5320 dr·
1008 5262 1121 5321 sulasse
1135 5259 1353 5327 centumcellis,
1368 5262 1397 5315 et
1411 5257 1573 5332 plumbatis
1587 5273 1622 5315 cs
1653 5256 1722 5328 ejrrs
1743 5258 1836 5313 canta·

163 5440 193 5511 (3
218 5439 352 5513 cyprian.
369 5441 458 5513 Epist.
477 5458 608 5517 crapag.
627 5444 678 5499 165
692 5447 721 5499 et
735 5458 817 5515 seqq.
1043 5440 1081 5514 (θ)
1108 5440 1173 5495 Hac
1202 5437 1355 5494 translatio
1396 5436 1509 5492 incerta
1549 5436 1595 5492 est
1634 5433 1764 5493 liaronia
1803 5432 1837 5489 all

164 5512 192 5582 (l
219 5512 351 5641 Cypriam
369 5513 415 5597 loa
441 5515 489 5600 cit.
526 5587 531 5599 .
1007 5530 1076 5597 anri.
1092 5510 1183 5595 E2l,§
1198 5512 1225 5595 il,
1243 5510 1328 5583 Pugio
1352 5508 1388 5565 ad
1412 5508 1511 5593 camd.
1538 5506 1730 5593 annumfluet
1752 5505 1837 5563 Elan-

126 5584 192 5714 mtb
219 5584 250 5641 vr
271 5602 287 5643 e
315 5584 452 5659 cyprian
481 5586 638 5660 Epistulas,
666 5602 749 5644 nam.
778 5602 844 5656 ιιι,
873 5602 952 5654 mr,
1007 5584 1145 5730 21:130sz
1146 5584 1229 5715 lictis
1242 5583 1280 5641 ad
1296 5584 1468 5641 matascone
1482 5576 1745 5649 clamabamus»,
1764 5582 1789 5636 t.
1801 5574 1838 5649 ll,
