3900 6112
63 210 143 273 idffl

487 201 681 266 epistota
700 199 734 261 S.
756 195 1017 262 cusarsaton
1039 193 1072 256 S.
1095 191 1349 256 srupflauuat.

1691 190 1771 253 1030

60 335 177 394 melate
185 332 394 393 consistentem
409 337 470 391 ate
484 332 604 414 littera,
631 333 743 407 quibus
758 330 893 389 abstento
907 333 936 399 Α
950 330 994 384 tes
1017 325 1054 381 ad
1070 323 1142 382 elios
1157 323 1305 398 proximos
1320 326 1423 396 portus
1439 337 1527 378 neves
1546 337 1616 378 suas
1639 320 1771 393 dirigunt

60 424 209 482 Marciano
223 422 299 479 nlius
312 423 343 478 in
358 421 457 480 locum
472 423 537 494 ejus
551 422 762 489 substituatur,
778 423 806 475 ct
820 434 890 492 grex

60 514 179 581 Christi,
188 512 239 586 qui
248 512 279 568 in
287 511 463 570 hodiernum
473 512 509 568 ab
520 511 570 568 illo
581 510 779 585 dissipatuset
790 506 890 563 vulne-

60 609 144 661 ratus
157 601 234 660 9θῦ
251 601 459 674 contemnitur,
480 602 644 675 colligatur.
658 599 802 668 Sulssciat,
813 594 891 653 mul-

60 699 107 751 tos
121 691 181 750 illie
196 709 231 748 ex
245 691 386 748 fratribus
402 691 511 748 nostris
531 691 616 748 annis
639 689 705 747 istis
731 684 891 760 superiori·

62 784 120 839 bus
136 781 190 851 (tut
206 781 367 838 excessisse
383 781 446 839 siue
461 797 552 855 pace:
578 779 622 836 vel
645 778 759 836 ceteris
786 776 891 833 subve-

60 871 162 930 niatur
175 870 227 943 qui
243 874 414 943 supersunt,
429 875 458 926 et
469 871 574 927 diebus
589 870 600 904 ⁸
616 885 648 926 ac
660 866 797 926 noctibus
808 864 891 938 inge-

949 415 1000 471 ubi
1015 413 1053 472 sit
1067 418 1149 471 tutus
1165 417 1194 470 st
1207 412 1345 470 salutaris
1356 409 1495 468 introitus
1510 407 1633 467 etstatio
1645 409 1770 464 secura?

944 508 996 560 aut
1005 503 1031 560 si
1044 503 1074 558 in
1082 503 1129 558 via
1139 501 1289 559 stabulum
1300 500 1419 573 aliquod
1432 498 1560 557 obsideri
1571 502 1599 555 et
1609 497 1702 554 teneri
1714 495 1771 568 (20)

945 611 963 650 a
977 593 1142 650 latronibus
1161 591 1292 663 coeperit,
1309 595 1342 647 ιιι
1358 589 1494 663 quisquis
1505 587 1657 662 ingressus
1672 583 1770 652 luerit,

945 681 1152 739 insidiantium
1180 680 1240 736 illic
1269 678 1454 736 infestatione
1501 677 1646 750 capiatur,
1673 691 1769 731 nonne

945 774 1156 839 commeantes,
1173 768 1228 823 hac
1243 767 1381 840 opinione
1396 770 1555 838 comperta,
1572 762 1689 821 stabula
1714 762 1771 819 alia

948 861 980 917 in
991 859 1097 916 itinere
1125 860 1268 931 appetunt
1282 855 1400 928 tutiora,
1417 855 1468 911 ubi
1482 853 1541 912 sint
1556 853 1616 909 ssda
1643 852 1772 925 hospitia

62 960 204 1026 miscunt,
215 965 244 1016 et
258 959 389 1016 divinam
409 976 443 1015 ac
472 965 627 1031 paternam
657 953 889 1014 misericordiam
946 953 975 1006 et
989 946 1176 1021 receptacula
1204 944 1438 1002 commeantibus
1464 940 1555 999 tutet
1584 941 1666 1006 Quod
1692 956 1771 996 nuuc

63 1051 267 1123 deprecantes,
307 1048 448 1106 solatium
479 1052 586 1105 nostre
621 1044 822 1121 opitulationis
844 1059 892 1098 ex·
945 1053 1010 1095 esse
1022 1037 1099 1111 apud
1116 1051 1170 1091 uos
1186 1034 1282 1102 dehet,
1297 1034 1386 1088 freter
1400 1029 1585 1102 charissime,
1611 1034 1643 1085 ut
1667 1028 1772 1086 iratres

61 1143 198 1212 poscunt
214 1138 325 1194 idcirco
337 1139 427 1207 enim,
437 1137 526 1195 irater
536 1137 722 1207 charissime,
734 1133 889 1206 copiosum
946 1131 1075 1192 nostros,
1090 1123 1140 1196 qui
1154 1122 1254 1180 vitetis
1281 1120 1337 1196 (21)
1352 1118 1491 1177 Marciani
1510 1118 1640 1192 scopulis
1670 1121 1774 1191 petunt

62 1225 617 1300 corpuseatseoerdotum,eoncordia
642 1227 751 1280 mutua
779 1219 892 1294 glutino
945 1214 1080 1273 Ecclesia
1103 1216 1206 1285 portua
1243 1209 1398 1281 salutares,
1427 1208 1625 1282 suspiciamus
1650 1206 1686 1264 ad
1716 1223 1769 1263 nos

63 1323 155 1390 atque
170 1315 297 1372 unitatis
309 1315 425 1371 vinculo
436 1315 619 1387 copulatum,
630 1319 663 1371 ut
674 1312 699 1369 si
711 1310 778 1384 quis
787 1325 823 1365 ex
836 1306 893 1364 col·
947 1308 1082 1379 prompte
1096 1306 1126 1358 et
1140 1300 1268 1373 benigna
1279 1299 1474 1370 humanitate,
1490 1301 1519 1354 et
1531 1293 1682 1354 stabulum
1696 1312 1774 1352 com·

66 1404 144 1480 lsgio
165 1414 263 1462 nostro
291 1405 427 1461 heresim
459 1405 555 1461 iacere
581 1408 609 1460 et
637 1416 756 1476 gregem
784 1396 892 1454 Christi
947 1391 1114 1451 meantibus
1129 1391 1311 1464 praebeamus
1327 1387 1384 1444 tale
1398 1386 1540 1459 qualeest
1559 1385 1590 1441 in
1606 1380 1773 1459 Evangelio,

62 1494 191 1552 lacerare
207 1497 358 1551 otvastsre
371 1492 537 1562 tentaverit,
553 1492 730 1549 subveniant
742 1487 849 1555 calari,
864 1488 893 1542 et
947 1499 1004 1557 quo
1021 1498 1038 1537 a
1051 1478 1215 1537 latronibus
1230 1477 1355 1534 sauciati
1370 1482 1399 1533 et
1413 1473 1556 1532 vulnerati
1567 1475 1715 1548 suscipiet
1731 1474 1744 1528 i
1761 1504 1773 1515 ·

65 1583 151 1657 quasi
166 1588 299 1657 pastores
316 1583 402 1641 utiles
413 1583 423 1618 ⁰
436 1586 465 1638 el
480 1581 695 1646 misericordes,
711 1595 779 1636 oves
796 1573 893 1632 Domi·
946 1570 1006 1627 veri
1020 1574 1049 1626 et
1062 1567 1152 1625 tutari
1167 1568 1204 1623 ab
1219 1565 1379 1623 stabulario
1394 1564 1510 1639 possint
1523 1563 1616 1636 (cna
1629 1563 1672 1636 x).

66 1672 153 1729 nicea
173 1672 204 1728 in
219 1687 338 1746 gregem
353 1671 503 1743 colligant.
513 1670 588 1735 Ouid
603 1669 704 1726 enim?
718 1667 744 1724 si
758 1666 789 1722 in
817 1661 892 1721 mari
981 1659 1028 1716 lV.
1044 1661 1111 1724 Qun
1126 1653 1260 1713 ssteuim
1267 1655 1362 1727 major
1372 1657 1423 1709 eut
1433 1653 1537 1710 melior
1547 1670 1618 1709 cura
1632 1652 1770 1726 praepnsi-

63 1768 168 1835 portus
178 1759 286 1832 aliquis
298 1760 514 1818 munitionibus
525 1760 589 1816 suis
599 1757 694 1832 ruptis
707 1755 844 1824 iniustus,
860 1758 890 1809 et
945 1751 1067 1807 torum¹¹
1084 1762 1173 1819 quarn
1188 1744 1333 1817 dilligenti
1346 1741 1583 1799 sollicitudineet
1598 1741 1712 1799 medela
1727 1760 1772 1799 aa·

63 1849 247 1924 periculosus
257 1866 322 1908 esse
334 1849 458 1906 navibus
465 1848 739 1922 10ιιιιιριιιιιιιιοιιιιιι
748 1844 887 1917 navigan·
943 1837 1021 1894 lubri
1036 1835 1168 1893 fovendis
1183 1832 1241 1907 (22)
1256 1836 1285 1890 et
1313 1831 1521 1890 conservandis
1548 1830 1653 1888 ovibus
1675 1831 1772 1905 provi·

786 1959 890 2024 Variae
906 1954 1066 2018 lectiones.

102 2063 400 2136 ¹Supersuntquest
430 2062 535 2120 diebus
564 2066 658 2121 Onon.
709 2059 807 2125 ¹Qua
831 2058 964 2129 pastores
986 2049 1073 2107 utiles
1090 2053 1154 2106 Ver.
1206 2049 1228 2083 ¹⁰
1267 2045 1475 2119 Netigantibus
1506 2046 1564 2102 Ver.
1619 2047 1640 2082 ¹¹
1665 2045 1769 2117 Maior.

68 2140 223 2209 pastorum
237 2136 297 2191 l'er.
313 2137 385 2192 Fun.

688 2243 689 2246 ¹
787 2216 953 2280 variorum
981 2215 1075 2272 notre.

67 2329 184 2412 flumin
214 2329 376 2412 ⁰0¹¹i¹⁸¹i¹1⁸
410 2332 508 2413 Hirtii
536 2342 612 2410 ⁸01³?
650 2323 893 2407 dfldllssiisl'iffae
947 2327 1774 2456 stituatunadeoquenihillecissecensendussitStepha·

67 2417 146 2458 Μ
165 2405 241 2467 timi·
258 2407 290 2457 ¹1¹
305 2400 373 2457 tllbi
402 2406 451 2486 ati·
470 2401 548 2483 [dem
576 2405 685 2467 ⁶1⁰0¹02
713 2398 893 2477 weitaim
947 2418 1181 2476 nusquamque
1213 2403 1430 2471 jusaueerata
1447 2402 1665 2475 cyprianuste
1693 2404 1773 2460 enim

68 2482 186 2556 nonum,
200 2477 227 2528 ti
241 2488 301 2544 tw
316 2473 410 2529 ”Olmii
423 2487 466 2554 ⁸²?
480 2475 632 2540 ¹¹²¹th
647 2477 678 2526 ¹¹1
693 2484 741 2550 θα,
754 2480 894 2548 mimi
949 2493 1002 2533 nos
1017 2473 1197 2548 explicamus
1211 2489 1277 2544 quae
1291 2473 1340 2529 hio
1355 2472 1439 2529 valde
1456 2475 1580 2531 obscure
1595 2478 1625 2531 et
1640 2475 1775 2533 intricate

70 2560 133 2669 quoe
148 2542 280 2627 otmar.
297 2542 378 2626 Quod
407 2543 473 2599 istic
499 2542 602 2598 evenit·
633 2539 782 2623 Psmqllut
814 2553 893 2619 euim
949 2545 1143 2620 scriptasunt
1171 2560 1224 2600 nec
1255 2561 1318 2601 vere
1347 2544 1384 2600 ah
1412 2545 1549 2619 episcopo
1579 2549 1771 2620 protestante.

98 2615 144 2697 inc
158 2615 274 2698 collegit
288 2614 407 2696 licuisse
429 2615 494 2695 jam
509 2612 580 2669 olim
592 2610 740 2694 episceprs
755 2614 895 2692 Romanis
949 2617 1088 2685 Quamvis
1103 2616 1180 2672 enim
1197 2632 1274 2671 unus
1291 2615 1330 2671 sit
1343 2615 1530 2688 episcopatus
1554 2617 1640 2688 cujus
1670 2635 1737 2691 pars
1758 2637 1774 2675 a

69 2692 325 2766 episcoposrustrs
340 2686 376 2769 de
392 2701 489 2742 causta
500 2697 762 2766 exoommunrpern
777 2696 838 2736 uno
848 2680 896 2735 de-
950 2687 1077 2762 stngnlie
1088 2688 1118 2743 in
1130 2684 1256 2743 solidum
1266 2691 1392 2754 tenetur,
1403 2687 1775 2762 quamviscaeteriepiscopi

71 2762 205 2826 statuere,
220 2763 249 2813 et
264 2774 353 2814 novos
362 2774 394 2812 ιιι
408 2752 895 2834 eorumlocosubst1tuere30uam
950 2761 1108 2818 ,ubvenire
1122 2758 1258 2823 debeant,
1273 2760 1299 2814 η·
1309 2763 1370 2828 qne,
1381 2773 1416 2814 η
1430 2774 1531 2814 eorum
1544 2758 1659 2830 00110950
1688 2761 1775 2817 hm.

72 2828 313 2911 consequentiam
325 2833 443 2884 secutus
457 2845 522 2885 esse
534 2829 650 2883 videtur
660 2823 818 2882 cardinalis
829 2829 896 2878 Per·
950 2835 1004 2889 sim
1018 2834 1108 2902 facem
1121 2834 1147 2885 et
1162 2844 1269 2901 preqem
1284 2827 1388 2884 Christi
1408 2830 1531 2886 lacerare
1545 2839 1571 2887 σε
1593 2835 1700 2888 vastare
1715 2840 1773 2888 pn.

73 2916 176 2955 roaros
190 2899 220 2955 in
235 2900 343 2974 pagina
357 2899 392 2954 99
407 2917 465 2955 eus
481 2899 603 2972 Replioae
632 2897 771 2953 adversus
798 2909 897 2979 regem
952 2899 1774 2974 tuoent‚utaitinhaospiatolacyprinnus:indetamen

72 2975 184 3052 Magne
200 2972 364 3054 Britannias.
378 2970 521 3026 Batonius
537 2971 595 3025 ista
607 2968 697 3050 paulo
707 2966 897 3048 massntfloessj
953 2971 1772 3046 nnnsequiturRomanumepiscopumpraecipunspartes

72 3048 135 3098 trus
151 3044 299 3107 disseruit,
316 3058 397 3098 arena
411 3059 447 3098 ex
460 3043 508 3098 his
529 3042 664 3115 Cypriam
694 3039 790 3094 verbis
820 3053 899 3092 cerni
953 3043 1486 3116 ejusmodirerumprosuoprimatu
1512 3045 1774 3102 nonsustinuissc.

73 3120 139 3168 tum
155 3115 190 3169 ab
211 3114 274 3185 ipso
289 3113 442 3239 Caprium,
463 3119 526 3169 tum
541 3115 578 3168 ab
594 3111 659 3167 aliis
675 3109 820 3182 episcopis
849 3124 900 3163 σο·
954 3117 1012 3173 Gur
1027 3116 1107 3172 euim
1119 3113 1298 3186 Stephanum
1315 3120 1398 3186 rogat
1424 3114 1595 3240 Ggprienus,
1619 3120 1651 3170 ut
1678 3116 1777 3173 Gallos

73 3179 900 3268 gnilamsuissuomaniRontificisuuoiffllittvffledm
955 3187 1108 3272 episcopos
1119 3185 1293 3258 plenissimis
1308 3185 1441 3241 litterisa
1474 3187 1676 3258 deponendem
1698 3188 1777 3244 Mar-

75 3261 436 3338 rncosuemqursqueet
462 3274 492 3312 ιιι
517 3258 783 3334 communicatione
805 3255 900 3333 casleti
956 3257 1222 3316 ernaumetalium
1251 3260 1280 3312 et
1308 3257 1549 3314 substituendum
1576 3258 1689 3328 excitet,
1721 3259 1779 3314 nisi

73 3342 178 3383 omnes
193 3343 323 3409 episcopi
334 3344 418 3383 snam
429 3344 561 3399 ipsorum
571 3329 743 3407 potestatem
755 3322 902 3404 limitibus
959 3331 1029 3402 quia
1042 3328 1152 3385 sciebat
1166 3326 1365 3383 defensionem
1388 3344 1535 3385 canonum
1559 3333 1689 3384 Romano
1717 3332 1778 3403 epi·

73 3404 257 3455 coarctatam
289 3399 467 3461 intellexere.
494 3396 731 3469 qnandoquidem
760 3393 902 3450 Gallicani
919 3395 941 3462 c
958 3417 1046 3473 20090
1062 3400 1205 3472 praecipue
1220 3399 1410 3454 commissam
1425 3416 1489 3456 asso
1502 3400 1516 3454 'i
1530 3405 1626 3455 Brruz,

78 3470 209 3542 episcopi
222 3470 300 3525 haud
312 3475 426 3525 tanturn
438 3469 545 3552 virium
562 3474 612 3550 auct
641 3466 790 3550 tenuitatis
813 3463 844 3546 ln
871 3480 903 3520 se
997 3471 1053 3543 (18)
1069 3472 1154 3526 Annis
1174 3471 1233 3525 istis
1257 3471 1526 3542 superioribus.Haec
1553 3470 1691 3541 loquendi
1706 3470 1780 3527 ratio

75 3538 902 3684 {attributatilttlltttltllaltthll
956 3540 1779 3671 tatuitattitulantur?titillata

77 3684 301 3766 iulcjuslocum
327 3686 529 3756 subrogarent,
545 3683 596 3739 sed
612 3687 676 3764 tum
690 3679 731 3764 illi
759 3685 823 3762 tum
848 3678 902 3805 Cp·
956 3685 1122 3759 superiores
1137 3684 1212 3740 hanc
1226 3683 1331 3739 sectari
1347 3685 1469 3756 coepisse
1496 3685 1672 3750 sentiamus,
1703 3684 1777 3741 nihil

78 3772 202 3880 priscus
218 3757 254 3811 nd
269 3759 299 3840 id
310 3757 509 3828 peragendum
525 3755 786 3836 Romanieprsoopl
801 3766 901 3822 appe·
955 3758 1041 3829 cogit.
1060 3757 1133 3812 Cum
1150 3760 1249 3811 autem
1264 3754 1416 3812 Novatiani
1430 3755 1561 3812 schisma
1576 3772 1678 3812 mense
1693 3755 1779 3826 junio

92 3827 656 3908 arentauotorrtatem,quaMarcrauus
678 3821 901 3904 episcopusNo·
955 3829 1024 3884 anni
1038 3828 1088 3883 231
1105 3827 1236 3883 nondum
1252 3830 1386 3882 exortum
1414 3830 1551 3899 ponatur,
1581 3827 1716 3898 sequitur
1748 3832 1779 3883 ut

77 3903 213 3980 vatianus
228 3899 420 3971 deponeretur
443 3917 461 3954 a
474 3899 553 3979 sede,
568 3901 598 3954 et
611 3896 688 3953 nlius
698 3894 859 3951 cathotrcus
870 3910 901 3975 lp
955 3900 1121 3958 Marcianus
1146 3897 1297 3953 Novatiani
1314 3897 1417 3954 haeresi
1433 3915 1492 3955 non
1507 3899 1594 3970 longa
1608 3903 1676 3969 post
1694 3898 1779 3955 initia

76 3985 145 4039 eJus
156 3968 252 4052 locum
264 3972 473 4043 subrogaretur
483 3973 617 4025 antistes.
630 3966 900 4023 Contraadverssrn
954 3973 1020 4042 ejus
1035 3969 1200 4025 adheserit.
1217 3969 1375 4026 Consum.

78 4042 382 4098 nostrrinrenissese
398 4041 547 4114 putentia
564 4039 612 4095 his
640 4036 777 4110 Cypriani
803 4035 900 4092 verbis
990 4041 1048 4113 (19)
1065 4039 1178 4096 clarino
1198 4039 1323 4103 Quidam
1353 4039 1421 4096 libri
1446 4047 1556 4095 vetares
1590 4043 1619 4095 ot
1648 4039 1777 4111 antiqua

73 4112 235 4182 quemdam
251 4113 448 4184 equalitatem
460 4113 564 4168 intere
586 4111 720 4191 isoopum
735 4109 899 4164 homanum
954 4113 1097 4169 editiones
1113 4111 1223 4168 habent
1237 4111 1354 4180 platone.
1372 4111 1418 4167 Sic
1432 4111 1520 4167 etiam
1536 4108 1563 4166 le
1584 4110 1650 4165 ebat
1661 4109 1780 4166 Veneri-

75 4188 106 4238 et
116 4182 379 4265 Carthagininsem,
391 4184 461 4257 quin
475 4128 723 4266 sicuttitomnsrc
737 4184 767 4263 et
780 4178 899 4235 Cartha·
954 4200 1006 4240 cus
1021 4201 1036 4240 e
1059 4183 1177 4255 isoopus
1194 4181 1387 4238 vercellensis
1397 4181 1510 4238 inlibro
1521 4183 1554 4238 de
1564 4126 1779 4238 initoteEncle·

75 4269 124 4324 go,
140 4270 184 4310 arc
198 4260 295 4312 tamen
307 4261 339 4312 ut
354 4257 446 4338 Roma
457 4272 508 4327 pro
523 4270 570 4310 sur
582 4252 785 4326 magnitudine
784 4266 899 4380 erace-
952 4257 1013 4314 siae.
1031 4201 1158 4327 [iusque
1173 4253 1407 4323 lectiobonagat.
1419 4255 1513 4325 Atque
1527 4254 1564 4310 ob
1582 4265 1778 4309 eamcausam

75 4325 146 4380 dere
161 4326 265 4383 debent
276 4327 491 4400 Carthaginem,
508 4341 603 4396 neque
617 4338 775 4398 agnoscere
797 4327 900 4395 'yprra-
954 4332 1070 4384 mutare
1088 4324 1249 4382 noluimus.
1268 4325 1367 4380 hanua.

75 4412 149 4452 num
164 4397 194 4452 iu
211 4414 285 4471 pepe
300 4399 448 4470 Stephano
465 4400 516 4469 jus
530 4401 560 4453 et
579 4396 783 4452 auctoritatem
807 4394 897 4466 depo-

76 4468 166 4523 nendi
181 4469 373 4535 Marcianum,
388 4470 440 4526 sed
452 4475 572 4526 tantum
602 4465 781 4525 facultatem.
802 4464 898 4521 decla·
989 4399 1044 4481 (wi
1061 4396 1182 4454 omn
1200 4404 1227 4452 α
1240 4404 1337 4452 ‘mm'
1353 4401 1386 4450 ln
1401 4394 1539 4467 vulgum*
1555 4410 1580 4450 ⁸¹
1594 4393 1665 4450 ‘'di‘'
1685 4394 1778 4451 ⁰¹⁰⁰·

154 4540 176 4550 ..
795 4535 800 4547 ‚
952 4469 1090 4541 excipias,
1106 4467 1227 4524 obtineri
1236 4475 1263 4522 et
1276 4468 1384 4523 unsri:
1401 4483 1482 4524 mera
1495 4464 1776 4539 teulologin.Exms.

75 4539 159 4594 randi
170 4538 660 4612 illumessedepouendum.Verum
668 4535 899 4593 Marcaarthanc
952 4539 1035 4597 Gorb.
1053 4540 1083 4594 in
1097 4539 1168 4595 edit.
1183 4537 1274 4594 Oron.
1285 4537 1774 4595 restitutumestobtinm‘cttenm.

75 4613 296 4692 responsionem
311 4628 375 4669 esse
392 4612 513 4678 futilem,
525 4610 568 4666 uti
579 4612 737 4678 reveraest,
749 4605 897 4688 conceptis
951 4612 984 4668 Ιιι
999 4609 1078 4667 Cnlb.
1093 4607 1220 4680 legimus
1234 4608 1354 4664 obtineri
1367 4617 1393 4664 nt
1408 4609 1539 4666 obtueri.
1556 4607 1713 4666 Cauarum.

75 4683 265 4764 euurmuverbis
276 4684 452 4756 cyprianum
466 4683 579 4755 exigere
594 4697 612 4737 a
626 4679 774 4751 Stephano
787 4682 820 4734 ιιι
834 4693 897 4735 suis
986 4679 1044 4766 (21)
1062 4681 1170 4737 Vitatis.
1188 4679 1279 4736 Aliter
1290 4679 1387 4735 Belua.
1402 4682 1525 4736 tncmtu.
1549 4681 1592 4736 lta
1607 4697 1659 4736 nos
1689 4696 1776 4752 repo·

75 4751 182 4835 litteris
196 4754 373 4812 Marcianum
389 4757 507 4811 damnet
522 4758 609 4825 atque
622 4752 692 4808 adeo
707 4751 800 4808 alium
823 4750 896 4805 sub·
949 4768 1064 4810 surmus
1078 4768 1131 4822 pro
1144 4767 1179 4807 so
1192 4751 1269 4822 quod
1286 4750 1436 4808 Manutius
1455 4756 1483 4807 et
1497 4752 1536 4808 ali
1550 4757 1698 4823 postcom
1713 4751 1776 4806 edi·

73 4827 262 4905 statuendum
273 4828 417 4883 decernat.
429 4831 523 4898 Atque
534 4830 566 4881 ut
577 4823 685 4888 videas,
697 4822 796 4891 lector,
806 4837 895 4893 quam
950 4824 1067 4891 derunt,
1083 4823 1188 4880 vitatis.
1202 4821 1577 4878 Emendationemuostram
1591 4823 1778 4878 conlirmauit

75 4896 191 4976 diversa
206 4899 265 4954 sint
279 4899 430 4954 hominum
447 4897 571 4971 judicia,
601 4911 749 4969 quamque
776 4892 896 4950 diverses
951 4899 1063 4953 veteres
1078 4894 1221 4950 editiones
1235 4896 1264 4949 et
1289 4897 1415 4964 quatuor
1434 4893 1501 4949 libri
1528 4900 1649 4950 veteres.
1670 4894 1776 4948 Bsauz.

75 4969 138 5021 sint
151 4983 251 5025 eorum
265 4971 455 5054 cogitationes
470 4974 498 5025 et
517 4965 679 5040 opiniones,
707 4982 774 5022 cum
805 4965 900 5020 ldurcn
989 4966 1225 5038 (22)ltesoocndie.
1247 4964 1359 5020 Manat.
1379 4965 1554 5036 reponendis.
1576 4963 1684 5021 Pamel.
1700 4979 1777 5019 reuo-

74 5038 168 5119 exhis
180 5042 314 5112 Cypriam
326 5042 420 5098 verbis
434 5040 599 5112 collegisset
610 5053 747 5109 magnam
756 5037 818 5109 jem
834 5039 899 5090 tum
953 5036 1047 5093 condis
1057 5055 1066 5091 :
1076 5035 1434 5106 quoddeinderetentum.
1444 5036 1699 5093 Concinniusmss
1708 5032 1777 5090 colb

75 5110 168 5165 luisse
183 5111 305 5168 Romani
321 5112 466 5183 pontificis
481 5110 695 5178 auctoritatem,
712 5109 749 5164 iis
763 5107 899 5164 contrain
953 5109 1038 5165 Gorb.
1054 5113 1120 5179 etc,
1136 5107 1300 5182 refovendis.
1316 5107 1362 5162 Sic
1377 5102 1536 5174 intramocs
1547 5105 1777 5163 universaecolln·

75 5180 235 5262 perniciem
250 5200 335 5240 suom
347 5186 428 5267 abuti
454 5184 653 5267 Romanenses
662 5195 754 5262 eaque
760 5177 899 5251 jugulum
953 5196 1016 5308 gere
1031 5189 1056 5235 et
1070 5178 1297 5261 soveredebcnsua
1321 5178 1474 5261 Coosraur.
1491 5209 1524 5219 -
1536 5174 1704 5260 Re[ovcndia.
1734 5180 1778 5232 lta

74 5250 901 5400 3litlsslstllll{titllltltltlttlttt„till
956 5248 1779 5395 altitudinibustitillantthat:

76 5398 406 5456 contrarioseusuelioi
452 5414 517 5454 osse
546 5410 702 5451 romanum
729 5394 899 5465 episcopum
956 5390 1531 5462 renensissecutusscripsitrcvocundia,
1549 5392 1676 5448 aiensse
1701 5390 1778 5445 hanc

76 5465 168 5522 luisse
189 5470 354 5540 sthectum
365 5417 609 5551 Carthaginiensi,
622 5464 862 5549 quandoquidem
875 5463 901 5519 is
954 5466 1111 5523 lectionem
1128 5463 1262 5535 praelerre
1277 5464 1391 5520 excusis
1407 5463 1553 5532 omnibus,
1567 5463 1598 5519 in
1613 5461 1722 5546 quibus
1732 5466 1777 5517 et-

74 5536 900 5666 btephanumpapam'ubetdrrrffiare‚litterasrnprovrm
955 5536 1013 5610 legi
1028 5534 1191 5607 reponendis
1221 5533 1534 5608 Inquolapsushaud
1563 5533 1778 5590 dubiememo·

73 5615 203 5680 cremat,
216 5611 350 5670 abstento
391 5613 519 5681 arclano,
559 5608 606 5666 ius
615 5625 645 5665 ιιι
660 5606 824 5678 locumeJus
833 5607 902 5664 sub·
958 5609 1008 5668 rin
1026 5607 1081 5664 luit
1106 5602 1304 5687 iudamelio.
1315 5603 1392 5665 Nam
1417 5621 1519 5663 omnes
1541 5605 1640 5663 excusi
1668 5609 1780 5664 vetems

944 5792 970 5823 *s

939 5844 979 5917 ζ.
