3892 6104
113 298 171 365 ecl
860 294 1075 358 EPISTOLAE.
1474 354 1479 367 ,
1755 298 1815 360 802

110 433 203 493 armis
218 439 247 490 et
261 431 338 490 ballo
354 430 543 505 postmodnm
559 429 669 488 victum
684 430 751 503 (25),
781 429 860 503 prior
887 446 933 485 so·
949 430 975 497 Α
991 427 1042 484 esd
1058 441 1152 499 neque
1169 427 1241 483 iii
1252 444 1320 484 cum
1336 423 1490 501 episcopis,
1506 427 1555 500 qui
1565 427 1813 498 sacrificaverunt,

110 523 239 582 cerdotio
254 521 397 580 suevicit.
988 516 1285 573 communicationem
1299 516 1323 552 ⁸⁸
1334 518 1390 588 (27)
1400 516 1571 589 sacrilegam
1588 518 1813 586 miscuisee;sed

147 617 182 669 X.
199 611 280 679 Quod
297 615 397 668 autem
411 611 545 682 quisdam
560 609 597 666 de
616 608 666 665 illo
677 608 833 665 inhonesta
847 607 935 680 (umet
988 620 1038 660 eos
1053 605 1184 672 demum,
1199 621 1325 677 quorum
1353 621 1444 662 causa
1471 606 1572 661 audita
1593 610 1622 661 et
1648 607 1815 664 innocentie

109 702 242 775 maligna
251 701 413 772 luctantur,
424 698 613 756 noiomiroris
628 713 711 755 :cum
723 697 799 754 scies
809 695 935 752 hocesse
988 693 1178 766 comprobate
1193 693 1241 760 sit,
1258 694 1447 765 conjunxisse
1462 694 1627 751 nobiscum.

108 806 186 864 opus
200 804 316 860 semper
327 786 446 857 diaboli,
459 791 491 843 ut
506 802 604 843 servos
629 785 681 842 Dei
700 783 851 842 mendacio
862 783 936 840 tace·
1024 780 1070 836 Xl.
1086 781 1160 837 Nam
1179 786 1209 838 et
1223 782 1383 854 Trophimo
1398 783 1467 853 (28),
1484 782 1588 854 dequo
1600 782 1652 838 tihi
1668 783 1756 839 scribi
1764 784 1814 842 de·

108 882 165 947 ret,
181 881 210 934 et
222 873 669 949 opinionibustalsisgloriosnm
680 873 934 940 nomeninlamet;
989 869 1137 937 siderasti‚
1154 886 1211 926 oon
1228 871 1270 926 ita
1280 885 1326 926 ree
1341 874 1387 926 est
1402 871 1481 926 utsd
1497 875 1525 925 te
1536 871 1655 942 pertulit
1671 889 1772 928 rumor
1786 878 1816 929 et

109 972 145 1025 ut
154 966 206 1040 qni
216 964 401 1022 conscientiis
416 981 476 1021 sure
490 961 555 1020 luce
575 961 750 1035 clarescunt,
767 961 871 1018 alienis
886 977 934 1015 rii·
990 957 1177 1015 mendacium
1194 958 1401 1032 malignorum.
1418 959 1503 1027 Nam,
1520 960 1596 1015 sicut
1615 966 1814 1020 antecessores

110 1056 245 1114 moribus
259 1053 457 1111 sordidentur.
481 1051 655 1125 Explorasse
683 1054 783 1107 autem
809 1049 937 1120 collegas
991 1048 1171 1119 nostrisaepe
1186 1048 1326 1116 lecerunt,
1352 1047 1525 1120 colligendis
1551 1049 1690 1107 iratribus
1706 1053 1814 1109 nostris

111 1150 231 1203 nostros
245 1142 332 1211 scias,
347 1140 532 1198 etverissime
544 1136 936 1212 comperisse‚nullaillum³⁷
991 1136 1185 1192 charissimus
1201 1137 1289 1193 irater
1300 1143 1399 1193 noster
1409 1137 1466 1207 (28)
1483 1137 1633 1194 Cornelius
1648 1141 1816 1196 necessitati

109 1231 213 1301 libelli,
230 1230 392 1302 etquidem
403 1229 553 1302 J'aotitant,
567 1227 633 1286 labe
652 1227 832 1285 maculatum
847 1240 935 1282 esse:
992 1223 1149 1282 succubuit
1163 1225 1231 1296 (30).
1257 1225 1292 1279 Et
1306 1224 1443 1295 qnoniam
1474 1240 1540 1281 com
1562 1226 1730 1298 Trophimo,
1747 1245 1815 1302 pars

827 1331 930 1395 Varie
953 1331 1114 1393 lectiones.

145 1428 169 1464 ⁸³
184 1425 341 1499 Nullajem
356 1424 441 1482 illum
455 1425 533 1482 bam.
545 1423 611 1481 eoa.
634 1423 663 1478 2.
679 1422 701 1458 ⁸⁸
715 1420 961 1479 communionem
975 1418 1148 1492 sacrilegam
1163 1421 1244 1478 tem.
1260 1419 1409 1477 Ebordid.
1426 1421 1455 1478 t.

818 1527 984 1590 Variomm
999 1531 1094 1589 notae.

108 1630 305 1688 instructione
319 1629 354 1684 48
369 1645 376 1683 :
393 1629 481 1687 diutia
495 1636 560 1684 sunt
573 1629 711 1698 mampsis
724 1640 787 1699 quse
799 1634 866 1681 sunt
877 1627 938 1681 sine
992 1638 1061 1679 oens
1077 1624 1181 1679 luisset
1195 1623 1412 1695 comprobatus,
1429 1628 1481 1680 aut
1492 1624 1626 1682 Ecclesia
1646 1627 1760 1698 judicio
1776 1631 1813 1686 sd

107 1705 248 1775 sanquine
258 1703 332 1775 suso.
353 1701 480 1758 Sanctus
514 1698 653 1756 Paulinus
683 1701 816 1772 poemate
837 1698 878 1765 tl,
903 1697 938 1752 de
953 1734 977 1799 B
992 1695 1228 1777 communionem
1244 1696 1493 1752 adinissuseseet.
1510 1702 1553 1753 lto
1567 1704 1597 1754 et
1611 1700 1754 1781 quidquid
1762 1718 1814 1773 pro

108 1779 217 1832 ,moto
229 1773 343 1829 pelice:
992 1766 1058 1821 lidei
1076 1766 1257 1822 confessione
1273 1783 1378 1837 passus
1393 1771 1447 1833 est,
1463 1784 1530 1823 eum
1547 1785 1564 1824 s
1588 1771 1676 1840 priori
1690 1772 1813 1830 crimine

993 1838 1120 1893 alienum
1136 1838 1286 1893 evidenter
1305 1838 1498 1895 domonstrat.
1513 1840 1672 1897 Consanus.

176 1896 318 1948 Cffl¹0⁸²⁰m
332 1899 426 1945 ”mm
441 1895 498 1968 ΨΜ
521 1895 653 1958 ⁵⁸⁰ss¹¹i¹¹⁰
667 1896 770 1958 martyr
796 1892 937 1942 mrem·
1029 1909 1262 1964 Ccinmunionem.
1283 1909 1420 1972 Quamvis
1437 1911 1528 1965 sciam
1556 1911 1710 1968 lectionem
1736 1930 1813 1970 nuuc

175 1962 242 2011 ΝΜ
257 1957 473 2018 ⁰⁰⁰s⁰⁸⁸⁰f⁰b¹⁸t
488 1970 583 2020 ΨΜ
610 1970 665 2006 ¹¹⁰⁰
696 1960 792 2020 ῬΜ
809 1954 937 2006 mmm·
993 1985 1139 2052 receptam
1155 1981 1259 2034 habere
1277 1982 1563 2051 communicationem,
1579 1984 1812 2056 eamquelectio·

111 2068 147 2125 ut
157 2064 247 2139 poulo
257 2067 345 2138 post:
993 2067 1059 2106 nem
1074 2051 1254 2107 essebonum
1271 2049 1410 2123 illamque
1424 2055 1580 2124 repererim
1598 2054 1627 2109 in
1643 2071 1694 2111 sax
1707 2056 1813 2112 codici·

160 2171 319 2235 Martyrium
333 2170 390 2220 sine
405 2167 477 2219 cede
494 2168 581 2233 placet
604 2168 627 2218 si
646 2172 770 2233 prompta
785 2166 889 2218 terendi
994 2123 1049 2250 ξω
1065 2121 1333 2203 antiqni⁸2praet¹¹li
1344 2127 1442 2204 Pam-⁸¹¹
1457 2139 1521 2180 mm
1538 2141 1626 2196 quam
1642 2128 1813 2210 ⁰t¹¹⁰⁰⁵⁰di'

160 2234 292 2308 nemque
306 2232 424 2296 fidosque
442 2233 495 2282 ⁰00
512 2205 607 2281 emt·
624 2233 734 2281 Pmm
752 2230 876 2280 „omnm
1007 2210 1088 2249 iones
1107 2192 1276 2249 Manutiane
1294 2199 1473 2265 antiquiores
1494 2199 1523 2251 et
1551 2197 1703 2253 duodecim
1717 2203 1814 2255 vetera

160 2296 265 2349 Sollloit
278 2296 303 2346 ei
317 2308 421 2344 summa
437 2297 477 2344 est
490 2294 578 2343 meriti
594 2295 699 2344 testatio
715 2294 798 2344 vocis.
993 2264 1170 2337 emplum
1184 2264 1331 2347 “hibent'
1346 2263 1450 2320 Bm·
1632 2338 1637 2349 .

1028 2333 1084 2407 (28)
1100 2336 1137 2391 De
1152 2335 1304 2406 Trophimo.
1326 2339 1405 2391 lotor
1428 2334 1562 2420 exempla
1588 2338 1697 2419 quibus
1722 2339 1813 2397 Nova-

113 2411 166 2471 sai
191 2411 261 2467 itius
271 2410 392 2466 Severus
406 2407 435 2463 in
452 2423 468 2463 e
488 2406 576 2464 istola
597 2408 633 2464 ad
649 2406 800 2464 Aurelium
817 2407 852 2462 de
867 2423 937 2463 san·
992 2406 1065 2463 tiani
1080 2404 1221 2463 satellites
1235 2407 1399 2463 Cornelium
1415 2423 1482 2463 cnm
1502 2424 1548 2474 iis,
1565 2424 1614 2480 qui
1631 2410 1815 2467 sacrificave-

113 2489 161 2541 oto
203 2481 299 2537 artico
316 2497 322 2535 :
340 2425 802 2550 Namticefeimtiotemporisnon
815 2479 938 2550 potuerit
992 2483 1068 2543 root,
1085 2476 1256 2547 sacrilegam
1274 2478 1569 2534 communicationem
1585 2481 1738 2537 miscuisse
1748 2498 1813 2554 pei·-

145 2551 525 2622 aestursmurtprium,pturic
539 2558 632 2606 tumen
641 2551 775 2622 martyrii
787 2565 843 2605 uon
858 2564 938 2604 ccre-
992 2551 1158 2615 suaderent,
1168 2549 1240 2604 illud
1251 2552 1435 2621 proterebant
1447 2550 1606 2622 Trophimi.
1625 2553 1703 2609 Unde
1713 2554 1811 2626 sequi-

113 2705 140 2754 ε
153 2621 938 2763 citt'’tltithtlttllidttl‘ddltlit
991 2623 1049 2746 lii
1063 2621 1810 2763 hihi“tibitibi-lilihildini·

113 2710 938 2909 i²licuitne“retinuerint
991 2733 1417 2906 silentiumne.
1444 2741 1813 2894 vinulenti

115 2904 937 2976 Lexovisnsisinepistolascriptaadsanctumeomsm
992 2905 1141 2960 admissus
1176 2907 1230 2975 est,
1268 2904 1346 2960 hunc
1370 2904 1562 2975 Tropliimum
1587 2907 1678 2963 inisse
1717 2912 1810 2981 putat.

114 2980 370 3051 archiepiscopum
385 2975 637 3043 (lentuarisneem,
667 2993 732 3048 quas
756 2976 937 3032 editaestin
991 2978 1150 3033 consinus.

135 3049 291 3123 aginaibl
305 3048 377 3104 tomi
405 3048 526 3104 secundi
556 3047 702 3120 Spicilegii
722 3047 890 3103 Dacberiani
909 3052 938 3103 et
1027 3047 1084 3118 (29)
1095 3044 1276 3102 charissimus
1302 3046 1390 3114 [vater
1407 3049 1510 3101 nester.
1540 3046 1688 3105 Editiooes
1712 3050 1813 3122 vulge-

115 3069 197 3181 Ynter
209 3119 351 3193 epistolas
363 3118 456 3175 sancti
472 3119 590 3174 Thomu
601 3118 651 3175 lib.
669 3119 722 3185 1,ss
744 3119 790 3175 ist.
815 3119 851 3174 85
866 3135 873 3174 :
889 3094 974 3173 tic
993 3120 1039 3186 ia,
1055 3133 1119 3188 que
1147 3124 1317 3188 acceperunt
1339 3133 1376 3200 ex
1403 3116 1561 3188 Erasmioe,
1585 3119 1697 3176 addunt
1712 3120 1814 3178 Corne-

116 3196 158 3251 cet
171 3193 248 3249 enini
262 3190 382 3247 nondum
397 3205 480 3260 usque
492 3189 708 3262 adsanpuiniac
729 3192 940 3245 usioaemcousa
993 3188 1057 3244 tius.
1076 3188 1131 3246 Sed
1147 3203 1215 3244 cum
1235 3187 1357 3243 Cornelii
1384 3203 1489 3244 nomen
1514 3206 1572 3245 non
1599 3190 1758 3248 invenerim
1783 3193 1813 3249 io

177 3264 285 3333 caeru,
300 3261 408 3334 supplet
423 3265 514 3317 tamen
528 3260 771 3318 incitamentum
792 3261 939 3332 passionis.
993 3261 1125 3332 antiquie
1139 3257 1326 3326 editionibus,
1336 3258 1412 3339 desit
1421 3266 1518 3315 autem
1531 3260 1655 3316 etiamid
1667 3263 1814 3320 sexdecim

115 3280 226 3393 muz.
994 3331 1144 3387 codicibus
1172 3329 1231 3386 enti
1255 3329 1311 3399 uis,
1340 3330 1502 3385 existimavi
1536 3333 1738 3390 auctoritatem
1771 3339 1815 3392 tot

152 3407 212 3477 (¹25)
235 3402 412 3459 Postmodum
434 3403 545 3458 cutum.
577 3402 693 3459 Decium
721 3402 939 3474 imperatorem,
993 3347 1348 3482 veterumexempqarium
1372 3400 1525 3472 prevalere
1549 3404 1653 3471 debere
1673 3407 1813 3463 adversus

117 3477 170 3550 qni
181 3491 259 3533 anno
273 3474 310 3531 25
339 3473 451 3530 interiit
464 3489 532 3530 cum
547 3472 607 3529 illio
622 3474 652 3528 in
662 3471 737 3530 bello
752 3475 829 3546 quod
844 3474 941 3529 adver·
993 3489 1133 3530 errorem.
1148 3472 1272 3528 Cornelii
1289 3489 1358 3544 quip
1380 3489 1508 3528 enomeo
1526 3491 1581 3530 non
1598 3475 1694 3531 inveni
1706 3477 1735 3533 in
1751 3477 1813 3535 ullo

117 3565 170 3605 ens
181 3548 286 3605 Persas
295 3547 424 3618 gerebat,
447 3549 481 3601 ut
507 3544 610 3601 scribit
635 3544 750 3627 Papius,
780 3545 830 3618 qui
851 3550 938 3600 Baro·
993 3543 1170 3601 veterilibro
1186 3543 1319 3616 quamin
1344 3490 1485 3615 effipiam.
1516 3545 1615 3619 ltaque
1634 3546 1705 3604 illud
1745 3565 1813 3605 cuin

116 3621 202 3677 oium
218 3615 939 3698 redarguitscribeotemideveniseecumpogna-
993 3615 1324 3697 nondnbintem‘esssex
1352 3614 1538 3687 glossemate,
1568 3617 1686 3675 sustuli.
1711 3592 1814 3678 luisse
1884 3623 1890 3635 ⁹

116 3696 161 3749 ret
176 3691 333 3746 adversm
347 3687 457 3745 Gothos
482 3687 615 3744 Moesiam
634 3691 664 3744 et
686 3687 839 3744 Thraciam
866 3690 938 3744 inle-
994 3692 1093 3743 autem
1109 3685 1668 3762 Trophimumexclsrohomanoliquet
1683 3690 1815 3750 exibitio

116 3767 241 3820 stantes.
253 3760 353 3816 Banna.
992 3757 1081 3814 istius
1095 3774 1110 3813 ε
1133 3757 1356 3829 {stolamque
1371 3757 1536 3816 necessario
1551 3761 1740 3834 consequitur
1757 3762 1816 3820 ista

149 3827 466 3906 (wlouaedumdeitto
489 3828 640 3884 inhonesto.
656 3828 702 3883 Sic
731 3828 817 3901 vulgo
841 3828 937 3884 solut:
993 3775 1461 3910 reserengaesseadtlornelium,
1477 3832 1611 3902 quamvis
1632 3835 1815 3905 nomeoejus

115 3902 275 3985 sampeiin
290 3901 437 3958 discordie
464 3916 523 3955 nne
546 3915 613 3970 pars
640 3899 767 3971 imputat
784 3900 940 3956 inhonesto
994 3917 1051 3956 non
1068 3905 1258 3973 exprimetur.
1279 3899 1383 3956 Baauz.
1407 3931 1436 3940 .-
1454 3901 1600 3960 erravisse
1625 3904 1712 3960 simul
1728 3904 1814 3962 Vale·

116 3979 193 4049 parti
208 3973 346 4037 adversas,
358 3977 390 4028 ot
401 3975 479 4044 patet
493 3970 580 4027 etiam
594 3986 629 4026 ei
656 3970 788 4042 epistolis
807 3987 896 4026 «aviii
911 3975 940 4027 et
992 3972 1071 4028 sinin
1086 3976 1115 4027 et
1130 3970 1287 4039 Beluzium,
1318 3988 1385 4027 cuin
1410 3977 1557 4030 tantorum
1581 3974 1712 4031 vivorum
1733 3992 1814 4059 pace,

116 4062 184 4102 xcix
197 4043 325 4100 sanctii}
346 4042 439 4115 priani
452 4043 591 4098 adversus
605 4042 746 4098 Novatum
762 4048 791 4098 et
804 4042 938 4098 Novatia·
993 4043 1164 4102 dixerimus.
1189 4043 1261 4098 dum
1285 4043 1315 4097 iu
1340 4044 1469 4098 diverses
1497 4045 1636 4101 abeuntes
1652 4046 1722 4117 vias,
1738 4063 1768 4102 in
1781 4064 1814 4104 eo

118 4123 309 4173 numetexc
340 4131 371 4170 ce
394 4112 707 4187 epistotaiirmiliani,
732 4114 939 4185 inquaanno·
993 4115 1181 4171 convenerint
1196 4118 1229 4169 nt
1247 4113 1323 4169 clero
1353 4114 1483 4169 Romano
1506 4114 1697 4187 Trophimum
1726 4117 1815 4175 escri-

118 4191 214 4245 utam
235 4190 280 4243 est
292 4185 468 4258 cyprianum
492 4201 510 4241 a
530 4200 607 4257 pape
634 4183 781 4256 Stephano
804 4190 939 4242 vocatum
993 4186 1116 4263 pserint.
1132 4184 1258 4241 Atlantis
1269 4184 1346 4240 enim
1363 4186 1391 4241 S.
1409 4184 1545 4257 Cypriani
1560 4185 1691 4259 epistolis
1702 4192 1765 4245 tum
1777 4190 1814 4246 ad

119 4255 939 4330 inissepseudochristumetspseudoapostolumetdo·
995 4258 1206 4322 Antonianum,
1231 4259 1295 4312 tum
1324 4255 1359 4310 od
1387 4256 1564 4326 Stephanum
1594 4260 1816 4333 popamlipi'st.

118 4328 214 4386 losum
226 4327 401 4399 operarium.
417 4327 941 4399 innumerasubtexemplaistiusmo·
995 4344 1081 4393 cxvii,
1092 4327 1134 4383 ec.
1151 4326 1273 4397 Batus),
1290 4327 1415 4383 asseruit
1432 4342 1465 4381 eo
1488 4326 1577 4398 probe
1597 4328 1697 4385 dooult
1726 4331 1755 4386 in
1770 4348 1816 4388 re·

118 4400 149 4456 di
163 4402 194 4457 in
210 4399 404 4473 scriptoribus
422 4399 624 4454 historiarum.
637 4398 684 4454 Sic
712 4399 741 4454 io
770 4399 862 4455 tibettc
885 4399 940 4454 Pie
995 4399 1069 4455 ceoti
1097 4396 1302 4454 dissertatione
1329 4397 1462 4452 eruditus
1489 4398 1606 4469 quidam
1640 4399 1815 4471 hodiernus,

117 4486 182 4529 eum
194 4471 349 4527 Hurcettini
360 4479 386 4526 et
400 4471 528 4526 Faustini
541 4470 681 4526 adversus
709 4486 815 4541 papam
835 4470 940 4526 Dama·
956 4460 979 4525 ll
995 4469 1073 4526 haud
1090 4469 1184 4525 ultiiiii
1201 4466 1334 4524 subsellii
1345 4468 1399 4535 vir,
1415 4467 1560 4539 duplicem
1576 4471 1817 4546 distinguendum

119 4540 416 4615 sometinepistole
443 4540 557 4597 concilii
585 4539 781 4611 Aquileiensis
801 4542 941 4597 adversus
995 4540 1268 4612 esse‘lropbimum
1307 4538 1514 4612 Arelatensem,
1544 4559 1634 4599 unum
1659 4546 1818 4617 Apostolis,

119 4612 425 4680 usinumemulum
436 4611 941 4684 camasinpudOptaiumlegimus
995 4611 1121 4668 alterum
1148 4611 1178 4667 S.
1217 4609 1358 4682 cypriano
1398 4626 1538 4680 noevum,
1573 4616 1819 4687 posterioremque

121 4700 226 4741 causas
239 4685 452 4741 confictesesse
463 4682 755 4739 contracecilianom
770 4683 942 4755 episcopum
997 4683 1133 4740 eumdem
1157 4682 1256 4754 ipsum
1271 4697 1335 4737 esse
1350 4681 1385 4737 do
1399 4697 1457 4753 quo
1468 4682 1565 4754 spritui·
1577 4686 1637 4743 sive
1653 4688 1682 4744 in
1697 4689 1752 4746 hac
1764 4691 1817 4764 (ty-

120 4754 381 4828 flsrtbaginensem
397 4754 539 4810 ntvitiosa
553 4754 617 4824 ejus
631 4753 776 4810 ordinatio
787 4755 941 4810 diceretur.
996 4753 1091 4828 prieni
1106 4752 1197 4825 Epist.
1215 4769 1263 4823 nii,
1275 4751 1335 4808 sive
1359 4751 1480 4823 inaxvii,
1507 4755 1541 4810 ad
1565 4756 1744 4830 Stephanum
1765 4778 1818 4835 pa·

123 4825 244 4883 Necesse
259 4843 316 4882 nou
332 4830 376 4883 est
388 4825 428 4882 ire
439 4842 491 4898 per
506 4823 642 4880 historias
668 4827 853 4897 sequentium
868 4831 940 4881 tem-
998 4842 1075 4897 pam.
1091 4825 1134 4880 ct.
1150 4825 1289 4880 llcnroircs
1304 4839 1374 4895 pour
1392 4826 1512 4880 seriiirc
1542 4824 1625 4882 t'liist.
1649 4831 1682 4886 de
1710 4832 1819 4889 t'i'ntrc·

124 4912 236 4969 porum.
252 4897 432 4955 Vidatamen
448 4900 537 4952 Notas
548 4897 791 4952 nostrasodvitos
800 4913 943 4970 paparum
997 4896 1059 4953 duc.
1077 4897 1118 4951 du
1134 4897 1232 4952 Christ.
1245 4896 1312 4950 daos
1327 4896 1367 4951 tes
1382 4894 1490 4959 Gautes,
1507 4913 1560 4968 par
1583 4898 1621 4953 Μ.
1647 4902 1672 4957 ln
1688 4903 1819 4976 marquis

124 4968 378 5035 dvenioneusium,
395 4983 461 5040 pag.
477 4968 541 5036 702,
558 4967 635 5022 1239.
653 4967 756 5023 Binuz.
997 4969 1033 5023 de
1049 4968 1145 5023 Fiirtia
1160 4967 1286 5024 d'Urban
1305 4966 1416 5038 ςΡεείε,
1437 4966 1513 5035 1838,
1560 4985 1606 5051 og,
1622 4972 1654 5025 31
1679 4974 1771 5042 et3ti;
1809 5004 1821 5015 -

157 5039 214 5113 (ci)
231 5039 520 5096 communicationem.
550 5038 621 5093 Tres
646 5053 718 5094 mss.
734 5037 812 5110 angl.
827 5054 945 5094 eommu-
998 5039 1237 5110 Gregorsluron.
1254 5053 1314 5109 opp.
1330 5037 1396 5093 edit.
1425 4985 1621 5110 nouossaris,
1655 5043 1819 5106 t837,t0m.

124 5111 242 5168 simam
258 5111 401 5185 Cypriane
417 5109 592 5192 familiarius
613 5113 659 5164 eet
682 5110 945 5192 communicationis
999 5109 1047 5176 lV,
1064 5124 1130 5182 pag.
1143 5109 1195 5165 337
1211 5127 1218 5178 ;
1235 5108 1355 5165 Annales
1371 5108 1409 5163 du
1423 5111 1559 5175 Hainaut,
1584 5113 1655 5167 tom.
1679 5111 1740 5183 vll,
1773 5133 1790 5172 a
1813 5159 1819 5171 .

126 5181 379 5250 sarliumtluaeds
391 5179 523 5239 Cornelio
538 5179 682 5236 inhonesta
701 5184 728 5236 et
755 5181 879 5252 niatipna
902 5182 946 5252 ja·
998 5181 1034 5236 ei
1051 5197 1058 5248 ;
1074 5180 1194 5236 Annales
1222 5179 1256 5235 de
1269 5179 1439 5252 philosophie
1464 5180 1621 5236 chritianus
1644 5187 1716 5241 tom.
1734 5132 1820 5256 M,

132 5252 269 5311 dadmox
282 5253 464 5319 dicebantur,
485 5252 576 5308 inhac
594 5249 704 5324 duplici
719 5250 947 5308 videnturaccu·
999 5267 1066 5377 papa.
1081 5252 1177 5307 7·ll9.
1194 5250 1265 5306 Son.

128 5324 236 5381 sitione
250 5325 358 5396 posita,
373 5325 452 5398 quod
469 5323 608 5379 nimirum
619 5328 646 5377 et
661 5321 752 5378 libelli
767 5322 832 5379 labe
846 5339 947 5378 macu-
1035 5326 1045 5392 (
1065 5323 1093 5392 0)
1108 5323 1267 5379 Necessitati
1280 5320 1433 5377 succubuit.
1459 5318 1489 5374 Iii
1508 5335 1579 5376 mss.
1596 5321 1680 5383 Corb.
1698 5331 1727 5383 et
1740 5328 1821 5387 Colb.

127 5392 200 5452 istus
214 5399 301 5461 esset,
318 5401 425 5452 etcum
447 5394 484 5450 iia
499 5393 550 5466 qui
565 5394 800 5450 sacrificaverant
814 5410 947 5451 commu·
1000 5398 1034 5449 ut
1048 5394 1076 5448 in
1093 5394 1198 5459 priscis
1208 5392 1278 5448 edit.
1299 5392 1467 5446 necessitate.
1492 5389 1559 5446 Jam
1583 5396 1755 5472 cyprianus,
1771 5420 1821 5458 su·

127 5466 262 5523 nicasset.
286 5465 441 5522 Postremae
461 5470 559 5521 antem
585 5465 765 5520 accusationi
789 5465 858 5520 hinc
881 5470 948 5521 data
1000 5480 1095 5536 pren.
1110 5466 1137 5529 6,
1154 5480 1186 5519 ea
1200 5463 1264 5534 ipse
1290 5463 1445 5517 necessitati
1468 5462 1622 5533 temporum
1648 5471 1823 5530 succubuisse

127 5533 177 5593 tait
191 5537 317 5603 omacio,
334 5538 413 5608 quod
429 5553 495 5594 cum
508 5535 658 5591 nonnullis
668 5551 769 5592 eorum
789 5536 839 5608 qni
857 5537 946 5592 sacri·
1002 5534 1085 5592 dixit.
1099 5534 1258 5606 Utrobique
1272 5537 1369 5590 autem
1385 5531 1535 5602 succubuit,
1547 5534 1574 5588 id
1588 5540 1632 5592 cat
1645 5542 1721 5611 qnod
1739 5544 1823 5601 obse·

127 5606 228 5665 deesse
242 5608 417 5665 dicebantur
430 5606 668 5664 communicaret.
682 5607 738 5664 Sed
758 5608 794 5663 ab
810 5607 864 5663 boc
879 5623 947 5663 eum
1003 5605 1149 5674 enodavit,
1165 5603 1298 5661 nonnihil
1311 5604 1373 5661 scil.
1390 5622 1406 5659 e
1422 5605 1516 5676 rigore
1538 5606 1698 5681 discipline
1723 5617 1822 5671 remit·

127 5679 245 5738 crimine
254 5683 360 5753 purgat
374 5679 545 5764 Cyprianus,
556 5678 628 5735 dum
652 5694 721 5735 eum
735 5694 794 5736 noo
809 5694 873 5735 oum
881 5694 947 5734 mu·
1001 5677 1101 5742 tendo,
1117 5680 1205 5809 prout
1220 5675 1382 5750 coltipendae
1394 5675 1583 5752 froumitatis
1605 5683 1714 5741 utititas
1727 5689 1824 5757 eaiqe·

128 5750 223 5835 ntosrs
236 5750 378 5836 ostendit,
392 5749 451 5811 nist
465 5765 533 5812 oum
547 5765 581 5813 eo
591 5748 643 5831 qni
656 5749 759 5817 audita
771 5748 949 5819 musulano-
1002 5748 1058 5826 tat,
1073 5750 1107 5816 ut
1131 5746 1284 5813 ulsudsto
1297 5763 1426 5834 numero
1440 5749 1461 5811 d
1473 5747 1659 5838 dederatqu-
1668 5754 1856 5851 incussum„
