3892 6104
142 285 200 348 227
801 283 843 349 M.
866 278 1056 349 MINUCIUS
1078 278 1205 346 uutlx.
1793 277 1852 344 228

144 434 257 487 camus,
273 417 386 475 civilem
398 422 427 475 st
441 415 668 476 ecclesiasticam
683 419 761 476 bonu
776 419 832 475 fide
848 418 962 491 judicio
977 423 1005 491 Α
1020 417 1185 481 observent,
1203 431 1259 471 non
1275 413 1372 471 solum
1388 412 1458 487 quid
1473 416 1583 471 veteres
1599 411 1846 490 Christiani,tem·

146 524 203 579 que
217 507 294 562 hono
308 507 375 563 inde
391 508 480 580 repeti
505 508 620 565 debere.
657 510 772 566 Interea
794 524 871 579 vere,
898 507 968 580 quia
1022 522 1091 579 pore
1106 503 1236 568 Minucii,
1255 504 1394 571 iacerent,
1419 520 1486 560 cum
1511 502 1590 560 aliud
1618 520 1675 561 non
1702 508 1843 576 possent:

144 596 223 650 varie
236 599 265 653 et
279 595 441 669 periculose
454 596 502 653 hic
516 596 606 653 errari
622 614 709 670 posse
730 595 834 668 sentio,
859 597 966 653 iterum
1021 595 1071 651 sed
1087 594 1201 666 etquid
1218 597 1365 666 optarent,
1390 597 1419 650 et
1448 593 1498 650 ubi
1527 598 1649 665 possent
1676 592 1845 651 faciendum

141 683 310 756 iterumque
325 686 703 743 obtestabercmnesbenos
714 686 968 757 etcordatos,uta
1020 698 1085 739 esse
1099 685 1281 738 statuerent:
1298 685 1328 737 et
1341 698 1417 752 vero,
1432 682 1502 754 quid
1517 684 1639 750 tantem,
1666 698 1732 737 cum
1757 681 1848 741 liberi

142 772 319 830 factionibus
334 774 439 847 eversi,
455 780 485 831 et
499 775 623 832 astudio
637 775 765 848 partium
791 774 889 838 alieni,
906 773 965 847 pri·
1020 772 1149 839 luerunt,
1166 770 1296 841 iecerint,
1313 775 1346 827 ut
1360 774 1389 827 et
1403 769 1614 844 rempublicam
1636 774 1665 826 et
1688 770 1845 829 ecclesiam

142 877 225 917 mum
237 862 376 920 vetustati
386 866 501 919 tantum
517 864 698 921 auctoritatis
717 864 858 936 tribuant,
870 879 963 936 quan·
1019 864 1096 917 recte
1116 858 1339 916 constituerent.

139 956 207 1006 tum
235 949 277 1006 illi
308 950 451 1008 debetur:
483 951 588 1010 deinde
607 952 719 1026 placide
735 953 862 1026 cogitem
876 955 963 1025 atque

647 1289 700 1350 ab
723 1287 878 1349 uetusti
900 1284 1091 1348 ulubuuul
1113 1281 1330 1345 lentulouutt

348 1461 376 1556 J
379 1457 555 1556 OANN
558 1462 614 1557 IS
647 1460 929 1558 AUGUSTI
961 1456 1238 1555 ERNESTI
1270 1455 1627 1553 PRAEFATIO.

221 1781 297 1839 m
313 1783 393 1840 Docto
408 1787 434 1839 et
458 1785 608 1842 obsectione
634 1786 730 1842 tutori
749 1786 868 1843 saluum
971 1779 1501 1856 Bquasipermanustraditam,lldeli
1509 1779 1694 1853 possessione
1704 1780 1840 1840 adusum

170 1867 352 1927 iniustitutis
363 1881 475 1938 eorum,
489 1889 540 1946 per
551 1890 625 1948 quos
635 1874 780 1931 bonarum
791 1873 955 1930 litterarum
1012 1869 1165 1943 publicum
1190 1868 1299 1926 multos
1313 1885 1407 1925 annos
1426 1869 1583 1926 retinuisse
1597 1869 1663 1942 (18).
1674 1869 1734 1926 Nec
1749 1869 1788 1927 ab
1804 1885 1840 1928 ea

135 1958 269 2015 omnium
283 1959 491 2034 imprimisque
501 1979 662 2033 sacrarum,
675 1962 900 2037 intelligentiam
911 1966 955 2020 at·
1010 1958 1123 2016 ratione
1138 1958 1260 2015 recessit
1273 1957 1444 2015 loacbimus
1468 1959 1663 2030 Camerarius,
1677 1958 1784 2016 tertius
1799 1959 1837 2018 de

134 2062 192 2118 que
206 2046 358 2104 scientiam
373 2047 451 2105 Deus
467 2050 594 2106 reddidit
612 2051 711 2124 generi
733 2051 874 2120 humanu,
899 2050 955 2108 hoc
1011 2064 1133 2105 numero
1148 2064 1261 2116 eorum,
1278 2047 1328 2118 qui
1345 2045 1456 2103 litteras
1475 2047 1552 2120 apud
1577 2063 1631 2103 nos
1659 2047 1837 2118 fundarunt,

131 2135 244 2206 reperio
259 2135 360 2203 luisse,
378 2139 411 2191 ut
422 2141 450 2193 et
464 2136 521 2209 ipsi
537 2155 620 2194 sacra
634 2156 707 2195 cum
717 2139 856 2196 humanis
884 2156 954 2196 con·
1009 2153 1095 2208 quem
1111 2137 1242 2193 studiose
1263 2134 1477 2207 diligenterque
1505 2139 1647 2193 tractasse
1674 2135 1837 2211 scriptores

126 2222 295 2295 jungerent,
310 2240 363 2280 nec
380 2224 478 2282 minus
493 2226 616 2284 studiosi
640 2233 739 2285 essent
761 2228 953 2302 legendorum
1007 2224 1231 2292 ecclesiasticos,
1247 2224 1325 2281 Μ
1338 2227 1368 2280 et
1382 2222 1538 2296 disciplina
1554 2223 1704 2281 ttoselleui
1723 2223 1835 2299 arguit,

133 2310 241 2368 veteris
254 2311 398 2383 Ecclesia,
424 2312 527 2370 crees
560 2316 737 2390 Latineque,
762 2321 951 2394 scriptorum,
1007 2317 1036 2370 et
1050 2313 1127 2371 clare
1142 2313 1248 2370 docent
1263 2311 1431 2370 Notationes
1446 2313 1606 2386 figurarum
1616 2312 1764 2369 sermonis
1775 2313 1835 2370 llo·

130 2413 221 2469 quam
236 2414 300 2470 qua
310 2401 347 2456 ab
363 2399 580 2474 antiquioribus
590 2403 698 2462 Grecis
712 2410 742 2463 et
754 2407 893 2466 Romanis
903 2425 951 2465 ac·
1007 2402 1080 2457 mini
1094 2402 1110 2459 J
1115 2445 1122 2458 ·
1139 2404 1168 2458 C·
1183 2405 1210 2458 ci
1227 2399 1443 2474 Apostolorum,
1470 2405 1499 2456 ei
1523 2399 1571 2457 alli
1598 2400 1701 2466 libelli,
1713 2401 1750 2457 td
1768 2416 1832 2462 l*³11¹

129 2491 213 2558 cepta
226 2489 369 2558 tenerent,
385 2493 413 2545 et
428 2491 561 2561 ejusdem
576 2494 793 2566 conjunctionis
816 2501 950 2555 unctores
1005 2489 1234 2549 ecclesiasticam
1250 2490 1439 2563 pertinentes.
1451 2490 1525 2555 Quid
1537 2490 1632 2546 dicam
1647 2491 1683 2547 de
1693 2488 1743 2546 illc
1758 2493 1831 2547 Ger·

130 2579 949 2658 suasoresqueessentiis,quisuadeorumdiscipliuam
1005 2578 1477 2652 massiael’laesseltfflfephlllllffl?
1498 2593 1593 2650 quem·
1625 2578 1692 2651 (1⁰5⁸
1722 2577 1829 2648 ὓθθῦῑῑι

129 2665 391 2738 auctoritatemque
404 2668 949 2748 contulissentNeexemplaelongin-
1004 2685 1071 2725 cum
1087 2685 1223 2726 summus
1242 2672 1319 2724 esset
1330 2667 1436 2724 litteris
1456 2668 1486 2723 in
1505 2667 1613 2723 Grecis
1642 2667 1829 2740 Latinisque,

126 2770 183 2825 quo
198 2758 377 2827 repetamus,
394 2758 579 2831 externisque
593 2761 630 2817 de
645 2761 772 2834 populis,
796 2763 947 2832 Erasmus,
1003 2760 1099 2830 quoad
1115 2775 1130 2813 e
1146 2757 1250 2830 poetis,
1261 2756 1827 2830 oratoribus‚hist0rieisctpbilosophis

126 2858 214 2914 quem
227 2841 257 2897 in
271 2843 455 2917 principibus
475 2846 721 2908 instauraturibns
755 2852 948 2910 humanitatis
1003 2845 1249 2903 conchristianis
1264 2846 1428 2912 discuntur,
1445 2847 1581 2900 eumdem
1593 2844 1756 2916 principem
1769 2843 1831 2902 illis

126 2930 246 2987 eruditu
262 2938 420 2990 numerant
435 2952 547 3005 omncs,
564 2955 622 2994 uon
635 2939 734 2996 minus
744 2946 905 3012 curaverat,
916 2946 949 3000 ut
1002 2935 1184 3007 temporibus
1199 2935 1228 2990 in
1243 2933 1290 2990 his
1306 2933 1468 3006 presertim
1482 2933 1579 3003 terris,
1606 2932 1697 2989 fuisse
1713 2933 1828 2990 littera-

126 3018 156 3075 in
172 3019 289 3093 scriptis
303 3023 492 3094 antiquorum
506 3025 637 3083 Ecclesia
648 3028 807 3087 Doctorum
817 3036 948 3090 versatus
1002 3041 1068 3080 rum
1083 3023 1357 3091 ecclesitfliitissfflmr
1369 3023 1410 3078 iit
1424 3026 1572 3079 velillum
1583 3022 1611 3076 5¹¹
1627 3022 1707 3078 omni
1719 3038 1830 3096 80⁰⁰ss

125 3112 214 3176 esset,
229 3125 318 3181 quam
333 3111 363 3165 iu
377 3112 506 3183 prolenis
520 3112 685 3173 Gracorum
705 3121 734 3173 et
762 3119 944 3190 Latinorum,
1002 3112 1178 3184 scriptorum
1195 3112 1300 3169 veteris
1315 3109 1460 3178 Ecclesia,
1477 3114 1510 3167 ut
1524 3110 1596 3166 nibil
1608 3109 1761 3180 aliud,nisi
1772 3110 1829 3168 hos

124 3211 178 3251 neo
193 3195 382 3267 pluseidebet
393 3199 554 3272 antiquitas
564 3200 662 3259 Graes
672 3209 700 3261 et
711 3205 945 3280 Romaua‚quem
1001 3205 1141 3258 tractasse
1155 3201 1245 3257 videri
1261 3200 1384 3273 posset?
1399 3202 1492 3272 Atque
1507 3199 1585 3272 quod
1599 3197 1827 3271 nragiamirere,

124 3281 338 3355 aeclesiastica,
351 3292 384 3342 ut
399 3288 448 3361 qui
463 3288 543 3345 haud
568 3291 655 3363 paulo
681 3293 766 3364 plura
794 3296 946 3354 volumine
999 3290 1030 3346 in
1045 3307 1077 3348 eo
1092 3306 1197 3364 genere
1213 3306 1302 3363 prope
1325 3289 1421 3345 adbuc
1438 3287 1554 3359 juvenis
1583 3288 1625 3343 ita
1649 3287 1826 3361 proiecerat,

124 3369 257 3428 llcclesiae
279 3373 383 3430 veteris
398 3379 565 3448 Doctorum,
581 3397 668 3452 quam
686 3381 876 3440 classicorum
892 3402 944 3441 au·
999 3384 1032 3436 ut
1045 3381 1076 3435 in
1091 3378 1247 3452 colloquio,
1263 3377 1341 3451 quod
1357 3379 1387 3434 in
1404 3378 1458 3434 bac
1475 3379 1546 3433 urbe
1556 3377 1591 3432 de
1606 3375 1762 3450 religione,
1772 3393 1828 3434 au-

124 3462 249 3527 ctorum,
267 3461 302 3517 ad
319 3461 405 3518 iidem
426 3465 561 3523 codicum
591 3472 747 3543 recensuit,
778 3473 942 3546 castigavit,
998 3468 1223 3542 etnreceorgu,
1240 3468 1386 3534 duceau.
1402 3483 1495 3522 unxrx
1511 3466 1576 3534 luit,
1602 3465 1828 3538 disputantibus

123 3545 292 3604 illustravit.
313 3550 345 3605 lu
362 3553 579 3612 nostrisautem
596 3558 691 3627 terris,
708 3560 943 3634 primum,quiin
998 3574 1064 3614 cum
1099 3557 1181 3613 ticcio
1210 3555 1379 3630 theologis,
1405 3554 1604 3612 Carolestadio
1628 3560 1658 3611 et
1683 3554 1824 3624 Lutbero,

123 3632 178 3690 bac
195 3634 293 3708 Lipsia
304 3644 404 3695 nostra
416 3640 553 3698 fundator
567 3643 710 3702 bonarum
722 3646 883 3706 litterarum
895 3666 944 3708 ex·
998 3647 1088 3704 etiam
1103 3645 1166 3702 loca
1179 3646 1298 3701 Petrum
1314 3645 1471 3716 subjiceret
1491 3644 1567 3700 inter
1595 3643 1827 3715 disputandum,

123 3720 209 3791 stitit,
238 3724 313 3780 Pctr.
344 3726 529 3799 Mosellanus,
570 3733 611 3788 ita
646 3734 760 3793 Graecos
783 3741 943 3796 attatinos
998 3736 1106 3808 quibus
1122 3735 1164 3790 illi
1180 3735 1320 3791 adversus
1335 3734 1451 3790 [iccium
1469 3735 1629 3788 uterentur.
1652 3731 1691 3786 lla
1705 3747 1766 3804 quo
1782 3731 1828 3788 in·

125 3806 282 3879 scriptores
296 3810 503 3885 interpretatus
517 3821 572 3884 est,
588 3825 620 3874 ut
636 3822 746 3893 pariter
767 3825 802 3880 ad
834 3826 942 3883 intelli·
998 3824 1089 3898 telligi
1106 3828 1211 3897 potest,
1228 3823 1302 3879 banc
1323 3830 1385 3878 tum
1401 3820 1562 3894 disciplina
1574 3822 1696 3876 sormam
1708 3821 1739 3876 in
1751 3820 1825 3877 Ger·

119 3895 249 3968 gentiam
264 3898 455 3959 etlecticnem
471 3904 525 3960 PP.
543 3906 768 3982 interpretandis
784 3913 943 3987 Scripturis
998 3913 1103 3970 munias
1118 3914 1200 3980 locis,
1217 3929 1281 3984 quae
1295 3911 1380 3968 bonis
1395 3911 1499 3966 litteris
1522 3908 1681 3983 plurimum
1708 3909 1824 3966 tribue-

39 4073 40 4077 ,
120 3988 148 4042 S.
165 3989 194 4041 et
208 3987 399 4060 praelegendis
414 3994 507 4065 poclis
521 3997 734 4072 ecclesiasticis,
744 4001 942 4063 adolescentes
997 4006 1072 4074 rent,
1089 4002 1230 4072 luissent
1243 4007 1403 4072 utrumque
1415 4016 1509 4073 geuus
1519 3998 1714 4066 litterarum,u
1724 3998 1826 4070 prima

119 4073 292 4132 amulantes
306 4079 371 4150 ejus
386 4082 495 4151 studia,
513 4084 567 4141 boc
582 4091 637 4155 est,
654 4089 755 4145 iterem
767 4091 940 4166 juventutis,
997 4107 1086 4164 prope
1102 4090 1237 4163 pucritia,
1257 4091 1493 4162 conjungeretur.
1509 4088 1580 4159 EJus
1597 4102 1681 4158 porro
1693 4086 1827 4160 discipli·

120 4163 287 4221 adduceret.
304 4167 396 4232 Quam
414 4170 597 4245 disciplinam
615 4176 653 4232 ab
668 4194 702 4234 eo
716 4185 864 4253 acceptam
873 4183 941 4240 reti·
996 4197 1040 4236 11ae
1055 4180 1225 4252 diligentem
1242 4179 1392 4234 custodem
1408 4181 1435 4233 et
1451 4183 1599 4232 auctorem
1621 4191 1655 4231 ac
1669 4190 1827 4232 commen·

119 4251 184 4307 nuit
204 4257 233 4308 et
258 4255 321 4311 suis
353 4259 473 4314 tradidit
501 4264 646 4336 Casparus
675 4266 832 4336 Bornerus,
856 4253 943 4329 viret
996 4269 1128 4325 datorem
1145 4270 1240 4341 patria
1251 4265 1626 4337 nostrahabuitGeorgium
1643 4263 1826 4336 Fabricium,

119 4339 193 4411 ipse,
210 4345 242 4397 ut
252 4344 366 4415 judicat
379 4347 480 4404 Joach.
496 4353 681 4410 Camerarius
695 4355 738 4427 (in
754 4357 805 4413 Vit.
820 4359 871 4414 Pb.
879 4364 941 4418 Mc·
996 4363 1029 4414 ut
1044 4357 1093 4414 illa
1108 4357 1278 4430 ipsa,quam
1294 4361 1361 4412 aute
1376 4354 1682 4420 commemoravimus,
1692 4352 1829 4425 Epistola

123 4427 244 4486 lacebit·
260 4448 288 4502 p.
302 4432 348 4505 71)
370 4435 405 4491 ad
423 4436 593 4511 disciplinas
609 4440 882 4514 fundandasnutus,
893 4448 940 4506 cui
997 4445 1136 4513 declaret,
1153 4445 1184 4501 iu
1199 4461 1258 4516 qua
1273 4445 1401 4518 graviter
1415 4443 1547 4516 queritur
1558 4459 1618 4514 eos,
1643 4440 1693 4514 qui
1722 4440 1827 4500 latiare

120 4514 265 4615 tetherus
280 4524 309 4576 et
322 4522 528 4582 tteIancbthon
543 4531 658 4585 tantum
674 4530 704 4587 iu
721 4532 774 4589 bac
786 4535 945 4594 Academia
960 4521 983 4587 Ι)
998 4533 1149 4608 elegantia
1160 4533 1284 4591 studiosi
1298 4549 1363 4590 esse
1378 4548 1411 4589 ac
1425 4532 1515 4587 videri
1543 4531 1643 4596 velint,
1673 4529 1826 4604 negligere

123 4602 300 4702 fflbflflfflssb
315 4615 459 4680 quantum
475 4615 597 4673 nemini.
614 4618 705 4691 Cujus
729 4622 769 4679 rei
793 4629 942 4682 auctorem
998 4623 1172 4697 plerumque
1187 4621 1295 4694 scripta
1307 4621 1496 4693 antiquorum
1508 4616 1643 4676 aeclesis
1653 4620 1826 4675 Doctorum.

121 4690 417 4756 idoneumhabemus
445 4703 600 4776 Georgium
630 4707 807 4780 Fabricium,
837 4712 943 4770 schola
998 4710 1226 4786 quorumlectio
1258 4709 1406 4783 egregiam
1434 4708 1598 4765 doctrinam
1626 4705 1825 4778 llcclesissque

116 4777 303 4841 Borneriame
319 4787 483 4860 alumnum,
499 4795 550 4865 qui
564 4796 697 4853 eamdem
713 4799 750 4855 ab
765 4815 799 4856 co
815 4801 944 4876 discipli·
998 4799 1101 4859 utilem
1126 4798 1302 4872 suppeditet,
1334 4799 1530 4871 pietatemque
1557 4795 1625 4863 alat,
1638 4795 1726 4867 cujus
1741 4791 1823 4851 baud

121 4884 166 4924 na
182 4869 305 4930 turmam
316 4878 514 4951 accepit.Nam
526 4881 555 4938 in
570 4883 703 4957 epistola,
715 4903 773 4959 qna
785 4889 944 4951 Alexandro
998 4888 1085 4962 paulo
1101 4889 1195 4958 maior
1208 4902 1274 4944 esse
1293 4887 1408 4958 debeat,
1434 4902 1523 4959 quam
1549 4884 1711 4957 elegantis,
1742 4899 1825 4940 cure.

120 4954 379 5035 Murtisburgensis
405 4968 581 5040 presulatus
606 4972 838 5034 administratori
862 4997 944 5037 com·
997 4977 1097 5043 Quid‘l
1112 4976 1277 5045 Bartbium,
1295 4975 1477 5044 Reiuesium,
1494 4974 1641 5040 ltivinum,
1659 4972 1825 5029 Rittersbn-

116 5047 361 5125 mendatcorpus
378 5061 527 5127 poetarum
544 5058 786 5133 Christianorum,
803 5066 861 5124 uit:
878 5090 892 5119 n
909 5072 944 5126 Sa
997 5066 1075 5123 sium
1104 5068 1133 5121 et
1160 5064 1239 5121 haud
1270 5081 1379 5137 paucos
1410 5063 1495 5134 alios,
1521 5063 1572 5136 qui
1597 5060 1672 5118 satis
1691 5059 1826 5133 cognitos

114 5132 225 5208 Liil)⁸ae
242 5141 388 5201 audivit&
408 5146 492 5219 casp.
519 5147 690 5220 Bormum,
720 5153 843 5226 hymnos
872 5161 944 5213 Pru·
997 5155 1096 5222 babet,
1110 5153 1180 5227 quin
1197 5154 1280 5222 sciat,
1297 5169 1347 5209 eos
1364 5154 1392 5209 iu
1409 5155 1521 5223 estere,
1537 5151 1699 5207 latinarum
1718 5148 1828 5222 impri-

116 5221 209 5280 centii
224 5226 679 5303 interpretantemeruditissime
692 5257 699 5296 :
713 5242 945 5315 camquclectio-
999 5245 1056 5301 mis
1069 5243 1244 5309 litterarum,
1260 5243 1393 5313 scientia,
1408 5243 1497 5300 etiam
1511 5242 1566 5298 hoc
1586 5255 1680 5313 genus
1704 5236 1828 5311 diligen·

112 5325 180 5368 uem
196 5312 292 5387 illum,
309 5338 325 5375 a
340 5322 401 5379 viro
416 5322 582 5382 clarissimo
599 5326 683 5385 Petro
698 5329 856 5388 Mosellano
884 5333 942 5390 sibi
997 5333 1113 5391 tissime
1129 5335 1279 5400 tractasse,
1296 5331 1422 5388 coluisse
1445 5339 1532 5403 atque
1560 5326 1704 5388 ornasse?
1731 5328 1826 5393 Quam

122 5507 393 5661 cmittpbcgzniegiot
416 5520 504 5578 etiem
536 5506 721 5582 Prudentiori
750 5526 861 5586 editum
888 5546 952 5589 esse
971 5529 1076 5606 Lipsiu
1091 5529 1188 5588 discas
1215 5527 1283 5587 licet
1302 5533 1365 5587 eG.
1383 5527 1506 5586 Fabricii
1525 5527 1675 5585 Commeat.
1690 5524 1720 5581 iu
1750 5527 1827 5585 Post.
