3900 6112
64 298 141 363 1101
559 300 662 365 etas
683 300 723 364 ll.
738 334 778 349 -
792 298 1078 365 sectationum
1100 298 1320 395 excussus.
1692 302 1771 363 1101

64 435 193 493 ctoritate
205 437 362 491 contentum
376 450 442 493 essa
466 433 605 491 noluisse.
620 434 765 491 Audiatur
779 434 809 492 S.
831 435 891 492 Ste
904 434 932 504 Α
946 432 1044 507 inquit
1057 433 1150 493 illust.
1179 434 1216 492 da
1241 433 1356 503 seleon,
1385 432 1585 493 Rutbanensis
1605 431 1772 505 episcopus,

65 524 232 599 phanuslt.
249 523 381 581 Pontifex
402 524 431 580 in
447 541 502 581 suc
527 524 631 581 celebri
656 525 815 598 rescripto:
831 548 845 576 a
861 525 889 580 Si
945 525 1145 598 agnoscebant
1173 540 1205 582 se
1242 525 1395 598 antiquam
1424 526 1556 581 mutasse
1584 520 1771 579 consuetudi-

66 614 136 687 quis
150 631 168 670 a
182 629 357 686 quacunque
371 614 475 671 heresi
486 614 597 671 venerit
621 615 656 671 ad
677 632 741 682 nos,
756 614 829 671 nihil
844 615 891 672 in·
945 630 1013 669 nem
1029 615 1080 687 (7).

63 703 892 776 novetnrprseteridquodtraditumest.»Ncnlloma-
981 708 1028 770 At,
1054 704 1181 777 inquies,
1210 708 1329 760 sanctus
1365 702 1537 776 Cyprianus,
1567 701 1597 758 in
1619 700 1705 773 epist.
1735 699 1772 756 ud

63 807 135 849 nam
154 794 268 848 tantum
285 792 527 864 autquibusdarn
543 792 718 864 peculiarem
747 792 890 865 Cypriane
945 789 1640 862 Quintum,etadiubatae.,nitidcaftirmatjom
1656 788 1771 861 pridem

64 880 231 953 opponebat
242 880 441 953 traditionem,
458 882 508 937 sed
525 880 719 953 indellnitam,
739 898 772 937 ac
788 898 890 939 conse·
945 881 981 937 ab
999 880 1155 955 Agrippino
1180 882 1350 955 pluribusve
1374 880 1440 938 aliis
1463 879 1605 937 Africanis
1626 878 1772 952 episcopis

64 974 189 1043 quantor
203 969 432 1027 universalem«
448 970 478 1027 S.
495 970 672 1042 Stephanus,
688 970 785 1043 inquit
794 972 891 1028 defen·
945 972 1090 1026 statutum
1106 972 1208 1039 fnisse,
1219 976 1252 1028 ut
1266 971 1302 1026 ab
1317 970 1461 1028 hereticis
1477 969 1613 1043 baptizati
1629 968 1665 1025 ad
1677 966 1772 1025 Ecule-

64 1059 260 1115 scrlteclorat.
277 1061 346 1115 ctera·
369 1058 481 1131 Gallia,
497 1077 533 1116 an
555 1061 635 1126 1682,
651 1060 737 1134 vulgo
766 1061 890 1117 bossue·
945 1059 1020 1118 siam
1044 1062 1200 1118 redeuntes
1215 1062 1321 1119 iterum
1345 1059 1571 1132 baptizarentur,
1587 1057 1691 1116 exinde
1705 1074 1771 1115 vcro

64 1148 241 1221 tius,episc.
259 1147 479 1221 lleldensis(2),
500 1149 623 1222 urgebat
647 1151 888 1208 consuetudinem
944 1148 1039 1206 multa
1054 1149 1255 1207 hereticorum
1271 1148 1364 1207 millia
1390 1149 1419 1205 in
1449 1148 1595 1205 Africanis
1615 1146 1771 1220 provinciis

64 1236 270 1295 universalem.
287 1260 301 1288 a
322 1257 333 1287 ι
349 1241 376 1294 S.
403 1237 579 1310 Stephanus,
597 1239 694 1311 inquit
721 1240 829 1296 Habeat
843 1240 890 1295 dc·
940 1244 1028 1318 juxta
1041 1240 1096 1298 boc
1112 1245 1256 1297 statutum
1272 1239 1362 1296 fuisse
1377 1242 1522 1311 suscepta.
1538 1238 1612 1302 Quid
1626 1236 1772 1311 indetcy·

63 1330 128 1382 ctor
141 1326 318 1382 Scrbcnicus
333 1326 382 1399 (3),
399 1326 585 1383 traditionem
601 1332 630 1383 et
648 1328 889 1384 consuetudinem
945 1333 1067 1407 prianus
1082 1346 1150 1403 ergo
1167 1330 1268 1386 Africa
1276 1327 1519 1386 consuetudinem
1531 1327 1586 1385 sibi
1595 1326 1771 1384 contrariam

64 1412 201 1471 Ecclesia
216 1414 355 1487 ⁰ptl⁰8uil
368 1418 396 1470 S·
413 1414 576 1488 Cyprlsstwss
593 1438 608 1467 «
623 1415 653 1472 Si
669 1416 746 1490 quis,
759 1416 865 1489 lnquit,
875 1437 890 1467 a
945 1439 1003 1480 non
1019 1418 1149 1493 reperit?
1160 1419 1228 1477 Post
1251 1418 1446 1491 Agrippinum
1461 1416 1641 1474 consuetudo
1657 1415 1771 1473 bercti-

65 1507 121 1560 etc.
139 1526 153 1554 a
180 1502 314 1559 Ecclesia
338 1505 537 1573 traditionem,
555 1505 652 1577 inquit
666 1506 805 1574 Grandin,
822 1506 890 1562 doc·
944 1528 995 1568 cos
1011 1507 1211 1582 rebaptizandi
1227 1508 1257 1564 in
1272 1507 1369 1564 Africa
1391 1506 1603 1579 prevaluerat?
1618 1506 1773 1579 Haudqua-

62 1596 110 1649 tcr
125 1598 153 1649 et
168 1592 316 1665 professor
336 1593 460 1650 Scrbcn.
486 1595 536 1667 (1),
562 1594 699 1668 opposuit
712 1597 811 1652 tw
828 1600 890 1652 b'tc·
944 1616 1045 1674 quarn.
1062 1599 1155 1655 (litata
1169 1598 1248 1654 enim
1263 1596 1400 1670 Cypriani
1411 1596 1498 1653 verba
1512 1596 1637 1669 probant
1652 1596 1771 1668 quidem

65 1680 182 1754 phanus
196 1685 276 1754 Papa
298 1682 453 1739 Africanis.
479 1702 493 1735 ι
510 1715 544 1725 -
560 1706 575 1734 «
593 1686 632 1740 lle
647 1684 737 1742 totins
757 1684 890 1741 Ecclesia
944 1688 1139 1763 Agrippinum
1155 1686 1289 1760 pluresve
1305 1686 1455 1742 Africanos
1466 1684 1628 1759 episcopos,
1644 1683 1771 1757 rebapti-

65 1770 233 1840 traditicne,
262 1771 361 1844 inquit
387 1772 530 1829 llenricus
559 1790 576 1829 a
603 1774 630 1829 S.
660 1774 773 1847 ignatio
796 1774 845 1847 (5),
860 1778 889 1830 S.
945 1778 1089 1835 zationcm
1116 1777 1146 1833 in
1164 1776 1227 1833 suis
1255 1775 1392 1832 Ecclesiis
1420 1776 1629 1841 introduxisse,
1643 1790 1677 1831 ac
1706 1777 1773 1846 post

68 1860 235 1933 Stephanus
262 1860 340 1933 Papa
365 1860 569 1918 testimonium
599 1862 840 1935 perhibuit,dum
860 1865 890 1921 S.
947 1868 1141 1941 Agrippinum
1158 1862 1567 1938 nonnullcsepisccposillins
1583 1860 1771 1933 sententiam,

66 1949 210 2023 Cypriane
221 1949 276 2006 bac
291 1950 320 2005 in
332 1966 421 2007 causa
436 1950 554 2024 scripsit
565 1951 654 2009 :Nihil
670 1952 825 2009 innovetur
835 1951 892 2008 nisi
946 1962 975 2016 st
989 1956 1102 2031 praxim
1119 1956 1210 2011 fnisse
1222 1954 1455 2022 montosam
1470 1958 1500 2010 at
1514 1951 1683 2009 nullatenus
1694 1950 1773 2007 evin·

66 2040 144 2112 qnod
160 2040 303 2097 traditum
332 2044 386 2098 est.
417 2063 432 2091 ι
461 2042 628 2099 liittcalics
653 2044 764 2116 passim
794 2043 891 2101 Gallos
946 2050 1017 2103 cunt
1031 2044 1239 2118 pluralitatem,
1256 2048 1284 2099 ct
1299 2042 1546 2099 unlversalitatem
1566 2040 1771 2113 episcoporum

63 2126 216 2200 theologos
231 2129 268 2186 de
281 2128 428 2202 Stephano
444 2130 521 2187 idem
537 2135 686 2188 testantes.
944 2129 1771 2206 Africanorumpostdgrippinumrebaptizationifaviese,

98 2220 171 2275 2⁰8.
197 2219 357 2294 Cyprianus
385 2220 537 2292 obiectata
564 2222 768 2279 consuetudini
797 2221 891 2281 sclam
945 2224 1010 2297 ipsc
1024 2222 1111 2280 etiarn
1121 2221 1286 2295 Augustino
1299 2220 1520 2293 interpretandi
1536 2218 1773 2289 objectatumcy·

63 2306 185 2381 opponit
199 2309 360 2365 veritatem.
372 2308 481 2366 Varum
507 2310 533 2366 si
555 2311 752 2369 existimasset
772 2313 801 2369 S.
818 2314 890 2371 Doc-
946 2312 1041 2387 priani
1056 2316 1167 2368 textum
1183 2311 1224 2368 ita
1238 2308 1406 2382 explicat,ut
1422 2306 1773 2381 minimeimpediatquc-

64 2400 112 2453 tor
125 2397 202 2453 banc
217 2397 458 2455 consuetudinem
481 2398 559 2455 haud
579 2398 670 2458 fuisse
684 2400 890 2471 universalem,
946 2403 1046 2458 minus
1060 2400 1253 2467 consuetudo,
1268 2415 1325 2455 non
1341 2396 1538 2469 rebaptizandi
1560 2397 1597 2454 ab
1611 2394 1772 2469 Agrippino

65 2485 117 2543 sed
131 2485 310 2558 quibusdam
330 2490 445 2543 tontum
470 2486 602 2545 ecclesiis
627 2490 815 2562 peculiarem,
832 2507 890 2548 non
947 2490 1037 2547 ctiam
1054 2505 1148 2563 usque
1163 2489 1199 2544 ad
1212 2488 1389 2562 Cyprianum
1403 2487 1434 2543 in
1458 2485 1555 2542 Africa
1569 2484 1771 2557 prevaluerit:

67 2573 161 2631 solam
179 2576 307 2648 profecto
322 2576 484 2651 veritatem,
498 2594 588 2651 quam
612 2596 664 2652 pro
688 2595 720 2636 se
734 2580 799 2653 ipso
814 2584 892 2637 stare
946 2579 1127 2645 «Quomodo
1143 2582 1253 2646 autem,
1271 2576 1367 2649 inquit
1380 2575 1431 2631 lib.
1450 2592 1480 2631 ιιι
1495 2574 1528 2632 de
1547 2576 1626 2647 bapt.
1642 2591 1706 2647 cap.
1730 2576 1772 2643 te,

63 2663 213 2733 credebat,
229 2664 382 2721 sedetiam
399 2665 525 2724 aliarum
540 2667 597 2723 sibi
619 2667 778 2725 faventium
793 2668 891 2727 Eccle·
945 2668 1111 2741 Cyprianus
1134 2666 1214 2723 dicat
1238 2669 1325 2737 atque
1353 2664 1457 2720 exinde
1485 2664 1515 2719 in
1541 2663 1716 2719 hodiernum
1731 2666 1775 2720 tot

65 2754 180 2809 siarum
196 2754 436 2811 consuetudinem
461 2756 666 2828 opposuisset,
688 2756 811 2829 ideoque
825 2775 879 2815 con
947 2757 1040 2813 millis
1054 2754 1256 2812 hereticorum
1272 2754 1303 2809 in
1319 2753 1477 2826 provinciis
1501 2752 1660 2811 nostrised
1676 2750 1774 2809 Eccle-

64 2846 191 2899 testatus
202 2846 278 2899 esset
294 2860 363 2899 suos
378 2844 559 2903 adversarios
569 2850 598 2901 et
613 2850 714 2904 contra
727 2848 890 2916 veritatem,
947 2846 1022 2903 eiam
1038 2844 1169 2901 conversi
1186 2861 1244 2899 non
1260 2842 1408 2916 aspernati
1432 2847 1503 2898 sunt
1523 2856 1618 2913 nequa
1633 2840 1773 2910 cunctati,

65 2934 211 2987 etcontra
234 2932 476 2989 consuetudinem
509 2934 596 2990 ctiam
627 2934 812 2992 facerc:non
838 2953 893 2992 nc·
946 2934 1007 2991 imo
1022 2938 1051 2989 et
1065 2932 1275 2990 rationabiliter
1291 2936 1319 2988 et
1333 2929 1457 2986 libenter
1468 2929 1593 3002 amplexi
1609 2926 1774 2985 suntutla·

66 3023 161 3077 strum
178 3023 222 3076 est
234 3019 289 3076 boc
313 3020 509 3091 ratiocinium,
522 3022 573 3079 scd
597 3024 773 3097 Augustini:
789 3047 803 3075 a
824 3029 891 3097 Cur,
945 3023 1025 3081 vacri
1035 3021 1132 3079 vitalis
1143 3027 1172 3078 et
1184 3021 1322 3078 salutaris
1335 3019 1473 3092 baptismi
1484 3018 1607 3092 gratiam
1617 3032 1775 3088 conseque·

63 3107 162 3181 inquit
177 3108 227 3179 (6),
237 3113 281 3165 tot
295 3109 429 3182 Cypriani
443 3110 558 3184 college
574 3111 604 3166 in
619 3111 741 3169 concilio
757 3112 894 3169 dixerunt
947 3118 1059 3180 rentur,
1076 3129 1133 3168 non
1148 3110 1304 3179 video,nisi
1319 3112 1392 3166 forte
1407 3108 1462 3165 hoc
1476 3107 1670 3173 dicat,exinds
1680 3106 1710 3163 in
1721 3106 1773 3163 hc·

62 3196 209 3253 rationem
225 3202 254 3253 et
267 3198 418 3254 veritatem
432 3200 638 3256 consuetudini
653 3203 890 3273 praeponendam,
907 3185 930 3253 C
947 3203 1094 3269 diernum,
1111 3200 1180 3274 quia
1195 3198 1277 3256 nulla
1292 3201 1328 3256 de
1343 3198 1402 3254 illis
1417 3216 1451 3255 ex
1466 3214 1524 3271 quo
1539 3198 1569 3252 in
1584 3195 1713 3253 Ecclesia
1723 3211 1775 3268 par

62 3300 97 3342 ac
113 3302 171 3342 non
187 3286 286 3360 potius
301 3287 436 3344 dixerunt
450 3304 500 3345 eos
526 3289 597 3361 qnid
620 3289 699 3345 aliud
722 3291 816 3347 facere
833 3291 891 3347 vel·
944 3290 1099 3365 agrippini
1112 3288 1268 3346 concilium
1285 3287 1424 3360 baptizati
1446 3293 1527 3355 sunt,
1543 3284 1664 3359 questio
1679 3285 1774 3341 alion-

62 3373 126 3431 lent
139 3379 169 3432 ct
183 3380 286 3432 contra
299 3376 463 3446 veritatem,
479 3382 509 3434 at
533 3382 635 3435 contra
648 3381 891 3438 consuetudinem
942 3382 994 3455 jus
1010 3378 1321 3437 excommunicationis
1331 3381 1432 3434 exorta
1445 3380 1500 3433 est.
1516 3374 1657 3431 Ceterum
1672 3373 1698 3431 si
1712 3390 1777 3447 per·

61 3462 180 3521 facero?
197 3486 211 3515 ι
947 3470 1131 3528 manebatab
1142 3467 1302 3541 Agrippino
1313 3466 1454 3539 usquead
1465 3465 1642 3538 Cyprianum
1653 3478 1775 3521 consuc-

99 3552 130 3607 3⁰
144 3554 276 3619 Quonam
292 3558 376 3627 pacto
391 3555 893 3629 censuisscttlyprianusconsuetu·
946 3560 1018 3617 tudo
1047 3557 1213 3631 baptizandi
1243 3558 1278 3613 ab
1305 3555 1449 3613 hereticis
1475 3553 1635 3623 venientes,
1652 3556 1685 3611 ut
1703 3552 1774 3627 quid

64 3640 164 3699 dinem
179 3641 273 3701 'solius
288 3642 426 3699 Romane
441 3643 575 3701 Ecclesia
595 3645 640 3702 vel
668 3647 756 3703 etiam
770 3646 892 3704 alarice
946 3648 1026 3705 facta
1040 3651 1110 3705 sunt
1124 3664 1142 3702 a
1155 3646 1298 3719 Cypriane
1314 3646 1350 3701 de
1363 3644 1418 3701 hac
1438 3662 1469 3701 re
1492 3642 1637 3701 concilia?
1651 3642 1689 3701 Ut
1702 3642 1775 3715 qaid

65 3730 122 3789 sibi
140 3732 298 3803 adversari,
326 3731 501 3806 Cyprianus,
525 3733 657 3806 inquam,
672 3736 724 3809 qni
751 3742 780 3793 at
796 3737 892 3809 ipsam
947 3737 1041 3796 eidem
1055 3734 1200 3793 Jubaiano
1217 3736 1288 3792 dicit
1302 3752 1360 3793 non
1375 3751 1475 3792 seram
1493 3750 1597 3790 novam
1614 3732 1708 3790 facere
1724 3734 1775 3789 aut

63 3819 206 3877 Africaae
221 3821 349 3879 ecclesia
366 3824 609 3881 consuetudinem
634 3824 691 3881 sibi
716 3826 892 3883 contrariam
947 3826 1142 3900 repentinam,
1158 3826 1209 3882 sed
1236 3826 1272 3883 ab
1297 3824 1456 3897 Agrippino
1482 3822 1694 3879 constitutam?
1718 3821 1776 3878 Cur

63 3910 212 3967 fatebatur
223 3915 235 3968 i
245 3909 453 3968 Gloriabantur
466 3913 546 3969 enirn
562 3914 592 3970 S.
608 3914 770 3987 Cyprianus
785 3915 893 3987 aliique
947 3915 1026 3973 enim
1041 3914 1205 3971 lubaianus
1220 3915 1256 3970 de
1272 3913 1397 3969 novitate
1413 3912 1627 3981 turbaretur,ut
1641 3926 1709 3966 cunt
1724 3925 1776 3982 per

63 3996 96 4055 ln
108 3998 205 4056 Africa
216 3999 429 4072 rebaptizantes
446 4018 478 4057 se
502 4001 640 4058 africane
657 4002 791 4060 Ecclesia
809 4003 891 4061 dere·
947 4003 1151 4062 auctoritatem
1162 4002 1315 4079 agrippini
1327 4002 1425 4059 sanari
1436 3998 1617 4074 oporteret,si
1627 3998 1663 4055 ab
1674 3997 1776 4070 Agrip-

63 4087 189 4162 liquisse
204 4089 458 4158 consuetudinem,
469 4095 542 4147 teste
556 4092 726 4148 Eirmilianc
740 4092 771 4150 in
786 4109 840 4151 saa
856 4094 892 4150 ad
948 4093 1017 4168 pino
1032 4110 1126 4165 usque
1140 4092 1319 4166 cyprianum
1334 4090 1388 4148 boc
1410 4089 1528 4145 tenebat
1542 4086 1671 4144 Ecclesia
1681 4085 1722 4142 is
1740 4086 1775 4143 Et

64 4176 241 4251 cyprianum
257 4178 398 4249 epistola:
418 4200 433 4229 «
452 4181 532 4245 Quod
557 4185 665 4253 autem,
682 4180 788 4255 inquit,
805 4182 892 4255 perti·
947 4200 1011 4256 cap.
1028 4183 1193 4255 tejusdem
1208 4181 1272 4249 lib.,
1287 4183 1412 4237 testatur
1427 4180 1525 4252 plures
1538 4194 1573 4233 ex
1586 4176 1646 4233 illis
1662 4175 1773 4247 episco-

64 4266 166 4323 netad
181 4267 422 4324 consuetudinem
439 4269 634 4338 refutandam,
655 4288 743 4342 quam
757 4272 894 4328 videntur
948 4274 994 4346 pis
1008 4273 1060 4345 qui
1074 4288 1142 4327 cum
1157 4270 1318 4345 Agrippino
1334 4269 1490 4341 pristinam
1503 4284 1561 4322 non
1573 4263 1771 4337 rebaptizandi

63 4370 213 4429 opponere
227 4356 351 4425 veritati,
368 4356 434 4429 quie
463 4363 524 4414 tam
554 4376 647 4417 vanus
667 4360 706 4417 sit
733 4366 766 4417 ut
780 4362 894 4418 veritati
948 4364 1133 4417 mutaverant
1147 4358 1401 4423 consuetudinem,
1418 4357 1455 4413 ad
1469 4372 1535 4413 eam
1550 4352 1774 4419 realiisscdtaut

64 4444 311 4501 consuetudinem
322 4446 479 4517 preferat?
493 4451 544 4504 aut
568 4448 630 4521 qui,
647 4454 799 4522 perspecta
818 4449 892 4519 luce,
948 4450 1216 4523 postrtgrippinum
1228 4454 1311 4506 vetus
1320 4446 1455 4504 Ecclesia
1466 4444 1647 4501 consuetudo
1658 4442 1688 4498 in
1698 4440 1775 4498 atri-

63 4532 203 4589 tenebras
218 4549 276 4588 non
301 4533 439 4590 deserat?
451 4533 512 4591 Nisi
528 4536 551 4591 si
582 4541 611 4592 et
635 4538 751 4593 ludeos
779 4537 894 4595 Christo
908 4560 933 4625 Ι)
948 4554 983 4595 ca
997 4538 1128 4610 undique
1142 4537 1262 4609 vigeret.

66 4620 250 4690 adveniente,
263 4621 292 4677 id
308 4627 352 4678 eet
366 4622 496 4693 veritate,
517 4624 635 4698 adjuvet
657 4625 687 4682 in
703 4626 800 4699 aliquo
816 4628 893 4683 anti·
983 4628 1056 4683 llinc
1071 4632 1149 4700 patet
1163 4626 1332 4683 Firmilianc
1348 4627 1377 4681 et
1390 4621 1554 4695 Augustino
1573 4620 1774 4679 asserentibus

67 4708 215 4783 quissima
244 4713 435 4782 consuetudo,
452 4713 543 4785 quod,
558 4714 647 4771 relico
675 4732 748 4772 nova
763 4715 893 4774 veritatis
946 4716 1302 4773 Africeconsuetudinern
1313 4711 1479 4787 aCypriano
1490 4710 1659 4767 derelictam
1669 4709 1772 4778 fuisse,

65 4800 125 4867 vis,
141 4798 170 4853 in
186 4803 328 4857 vetustate
343 4802 650 4876 permanserint,qucd
663 4806 780 4877 quidem
795 4806 894 4863 adver·
947 4823 1005 4863 non
1021 4806 1124 4862 obesse
1139 4806 1217 4877 quod
1232 4804 1393 4877 Cyprianus
1408 4802 1546 4866 affirmat,
1562 4802 1598 4856 ab
1613 4798 1773 4871 Agrippino

66 4888 316 4962 susStapbanum
339 4907 389 4947 vos
414 4891 510 4948 dicere
539 4892 601 4948 Afri
629 4894 763 4966 potestis,
778 4895 895 4968 cognita
948 4893 1207 4951 scilicetadsuaru
1224 4896 1446 4965 usqueaetatem
1463 4886 1774 4945 multabrereticorum

65 4976 199 5050 veritate,
214 4994 343 5036 errorem
366 4996 416 5038 voe
443 4982 664 5040 consuetudinis
690 4983 856 5057 reliquisse.
876 5006 892 5037 ι
948 4983 1042 5040 millia
1057 4983 1161 5040 iterato
1175 4983 1323 5053 baptismo
1338 4982 1368 5035 in
1384 4974 1775 5048 stricarecaptasuisavtvo·

66 5064 111 5121 lta
125 5065 212 5138 plane
226 5068 389 5141 Cyprianus
404 5069 513 5143 aliique
527 5071 741 5144 rebaptizantes
751 5073 893 5144 Africani,
948 5089 1014 5130 rum
1029 5071 1109 5130 enim
1125 5068 1458 5144 utrumquecyprianus
1474 5067 1572 5123 Africa
1587 5061 1774 5121 consuetudi·

67 5281 483 5411 ο.(ξ)1ιι1)ι[ειιι.(ἰιοὶ.είενὲ
510 5284 607 5342 Gallia.
632 5293 709 5359 part.
734 5304 765 5357 ιι,
780 5286 832 5344 lib.
853 5304 894 5356 ιι,
948 5286 1196 5419 Le25AELfi'rsactwtfil’e
1221 5286 1356 5351 Sacram,
1380 5288 1452 5339 tom.
1478 5286 1528 5349 ltl,
1552 5295 1618 5352 pag.
1641 5278 1686 5350 12,
1702 5277 1773 5335 edit.

104 5425 143 5497 (3)
159 5429 190 5479 ln
207 5430 290 5482 tract.
305 5426 340 5482 de
354 5426 491 5497 Sacram,
507 5444 570 5501 cap.
597 5429 642 5498 fl,
673 5446 738 5502 pap.
761 5431 807 5504 89,
823 5430 893 5489 edit.
994 5434 1022 5501 6)
1039 5432 1100 5487 Lib.
1117 5445 1149 5485 ιιι
1163 5428 1196 5485 dc
1210 5430 1289 5500 liopt.
1305 5443 1369 5500 cap.
1384 5427 1428 5482 12.

68 5496 171 5563 l’aris,
191 5496 271 5552 1718.
994 5506 1023 5569 7)
1038 5504 1148 5567 flocum,
1165 5504 1257 5570 pastor
1270 5515 1355 5570 saper
1378 5499 1507 5555 Ecclesia
1533 5495 1707 5552 derisionum
1721 5508 1773 5548 ou·

105 5567 144 5641 (l)
157 5568 439 5627 TractdeSccrcm.
463 5575 566 5644 quest.
581 5572 609 5639 3,
638 5576 694 5628 art.
725 5574 752 5640 l,
780 5576 894 5647 secti,
948 5576 1087 5641 ctoritate,
1095 5576 1158 5646 jam
1175 5573 1305 5640 laudato,
1321 5573 1521 5646 partel‚pap.
1537 5570 1567 5625 ‘Et
1584 5574 1600 5625 l.

68 5643 180 5713 puncto
193 5640 234 5712 2⁰,
252 5656 318 5714 pag.
334 5642 379 5709 31,
395 5641 463 5697 edit.
482 5642 585 5711 Paria,
601 5645 680 5700 1710.
