3892 6104
859 276 1065 343 omittite.
1753 284 1816 349 ω,
1855 284 1858 289 ·
1888 268 1943 366 ’,(4.4

105 414 213 476 diuinis
225 412 487 491 predicationibus
501 410 723 487 prophetorum,
738 411 874 466 umbram
892 410 933 465 in·
948 411 974 477 ,t
990 408 1077 463 iicrre
1088 408 1240 481 repererit
1255 410 1341 467 Porro
1351 409 1502 468 4144441144
1512 417 1559 469 444
1570 412 1599 469 id
1609 414 1688 486 quod
1703 430 1762 471 uon
1775 416 1817 473 sit
1891 396 1923 495 [ᾗ

106 504 401 581 ts'speietsrveritetie
415 502 521 559 imiteti
537 503 606 557 ciet.
623 500 673 557 Sic
687 500 777 557 etiem
792 499 935 556 44444444-
991 497 1130 570 incipere,
1147 514 1237 571 quem
1254 500 1285 557 id
1303 506 1349 557 est
1368 501 1458 557 suerit
1471 501 1586 559 iterare.
1612 504 1655 559 Tu
1672 506 1766 577 perire
1788 510 1819 563 ct
1904 556 1917 567 ..

110 608 175 653 uem
187 592 373 663 4444444444,
389 590 568 665 cupientium
583 588 734 655 cieriorse,
750 586 938 661 Pythagoras
993 586 1049 643 ttso
1061 586 1166 657 credis,
1181 589 1220 644 sit
1241 588 1313 660 quid
1332 589 1425 645 ocutis
1450 590 1559 647 44444444
1574 590 1729 649 hebetibus
1743 594 1818 651 suh·
1914 590 1945 667 ἷῖ·

112 682 230 759 primus,
253 687 284 740 et
299 678 467 755 precipuus
482 678 571 747 Picto,
587 680 726 749 corrupte
741 680 770 733 ct
784 674 938 732 dimidiete
990 672 1141 731 trehitur‘i
1155 675 1267 749 Gcrpus
1283 692 1370 733 omne
1385 678 1453 749 (40),
1470 678 1530 735 4444
1544 680 1652 737 erescit
1665 680 1696 737 iu
1711 682 1815 754 peire-

116 772 177 840 1144,
189 770 398 827 tradiderunt:
415 768 680 840 nem,corporibus
692 764 937 832 dissolutis,soies
991 779 1053 820 rem
1076 765 1137 820 4444
1161 764 1192 821 44
1217 766 1370 822 hectorem
1405 765 1537 838 solvitur,
1565 769 1608 826 vel
1631 770 1662 827 in
1686 770 1815 829 cinerem

119 860 223 919 enimes
236 860 341 917 uolunt
354 864 384 915 et
399 862 539 932 perpetuo
562 872 692 925 menore,
708 860 738 911 st
760 854 791 910 iu
807 854 866 911 eiie
880 852 937 925 [51]
991 854 1208 927 comprimitur,
1224 853 1268 911 vel
1291 855 1320 910 in
1336 855 1469 913 nidorem
1485 860 1818 925 tenuetur,suhdncitut·
1861 872 1865 883 ·

124 942 939 1022 4444444444444444444444444.44444444414444114
992 941 1162 1013 uobis3sed
1180 941 1465 1001 Deoeiementorum
1487 947 1622 1003 custodie
1642 948 1699 1022 (44)
1724 964 1818 1006 44444-

126 1038 391 1110 eductorquendem
407 1038 464 1109 (36)
478 1034 640 1099 veritetem,
656 1034 685 1088 in
702 1033 839 1105 pecudes,
859 1048 937 1099 4444,
991 1034 1085 1086 vetur.
1101 1031 1170 1098 Nec,
1187 1036 1221 1087 ut
1233 1032 1364 1104 creditis,
1382 1032 1475 1090 ulium
1490 1035 1632 1091 damnum
1658 1036 1815 1108 sepulture

128 1128 235 1193 1411444,
258 1126 416 1183 hominum
439 1124 555 1182 enimes
571 1124 675 1179 redire.
692 1123 755 1179 Non
770 1120 938 1195 philosophi
991 1118 1141 1192 timemus,
1153 1120 1204 1177 scd
1220 1126 1344 1179 veterem
1361 1128 1392 1179 et
1407 1122 1555 1179 meliorem
1572 1126 1818 1185 consuetudinum
1898 1136 1918 1188 -ῐ

131 1232 185 1274 seno
198 1216 307 1285 studio,
323 1214 374 1270 sed
391 1214 509 1270 mimico
523 1211 593 1268 vitio
613 1210 702 1283 digne
723 1210 781 1265 iste
794 1208 939 1265 sententie
992 1208 1134 1265 burnendi
1151 1209 1383 1283 frequentemus.
1398 1210 1470 1267 Vide
1486 1214 1558 1269 edeo
1573 1229 1675 1286 quem,
1694 1214 1724 1269 in
1740 1214 1821 1272 soie·
1874 1260 1880 1267 .

133 1305 236 1377 eutitii).
251 1305 310 1361 Sed
322 1304 397 1359 w
412 1303 447 1358 44
464 1301 647 1375 propositum
660 1300 733 1355 setis
745 1303 790 1354 est
803 1299 891 1355 etiem
907 1298 938 1352 in
992 1296 1066 1355 tium
1082 1298 1185 1367 nostri,
1202 1300 1442 1356 resurrectionem
1454 1301 1584 1359 futurem
1599 1302 1697 1361 omnis
1712 1306 1822 1361 netues
1850 1354 1854 1364 .
1908 1351 1920 1373 ,

133 1394 172 1451 boo
182 1394 330 1466 sepientes
345 1386 939 1461 vestrosineliquemmodurnnohiscum
993 1386 1169 1443 meditetur!
1195 1386 1243 1443 Sol
1268 1389 1412 1461 demergit
1437 1389 1494 1461 (42)
1520 1394 1549 1447 44
1571 1392 1713 1459 nescitur,
1741 1396 1822 1449 estre
1893 1376 1923 1431 ''·'

135 1498 283 1539 4444444444.
298 1480 454 1546 Ceterum,
471 1478 538 1549 quis
555 1482 614 1533 tem
631 1474 742 1531 stuitus
762 1480 813 1531 sut
834 1475 940 1531 brutus
994 1474 1132 1531 intuuntur
1146 1480 1175 1531 et
1190 1463 1323 1542 redeunt,
1336 1476 1422 1533 tiores
1437 1478 1575 1535 occidunt
1588 1484 1617 1536 st
1631 1480 1820 1553 reviviscunt,
1876 1464 1904 1503 ”·
1925 1469 1945 1549 ’,’

135 1564 668 1641 ututeudeetrepugnerehominem
688 1582 705 1619 u
729 1563 796 1633 Deo,
825 1570 858 1618 ut
880 1562 940 1635 pri·
994 1570 1061 1638 post
1075 1563 1190 1621 senium
1205 1565 1326 1622 erhusto
1341 1566 1541 1637 frondescunt,
1558 1570 1672 1627 semine
1686 1586 1745 1626 nou
1761 1570 1822 1627 nisi
1883 1568 1886 1573 ’
1927 1564 1945 1641 4

136 1674 196 1715 uum
211 1658 344 1729 potuisse
368 1656 439 1729 tingi
464 1656 534 1728 (38),
556 1654 597 1709 ite
621 1669 707 1726 posse
729 1654 826 1709 denuo
849 1652 939 1707 rotor·
994 1658 1132 1725 corrupte
1147 1652 1328 1711 revirescunt
1344 1667 1351 1709 τ
1368 1655 1409 1712 ite
1423 1672 1530 1728 corpus
1546 1657 1575 1712 iu
1591 1658 1699 1715 seculo
1712 1658 1824 1731 (43),44
1913 1636 1939 1727 ‘·s}

136 1748 214 1805 neit
232 1744 307 1803 nihil
320 1761 386 1802 4444
400 1750 467 1817 post
487 1740 940 1813 obitum,etente0rtun1nihil
995 1741 1115 1797 erborcs
1130 1742 1159 1795 in
1180 1740 1301 1798 hiberno
1320 1742 1388 1815 (44),
1413 1744 1563 1801 occultent
1587 1746 1712 1803 virorem
1730 1746 1822 1804 eridi-

136 1836 207 1895 141444
216 1836 275 1907 (39)
288 1852 296 1904 ;
311 1834 389 1891 44444
404 1834 439 1890 44
451 1831 543 1888 nihilo
555 1830 636 1888 uesci
652 1830 746 1898 144444,
755 1828 797 1885 444
811 1830 847 1886 de
861 1830 943 1887 nesci
997 1835 1056 1887 tete
1076 1830 1199 1886 mentite
1221 1830 1289 1903 (45).
1314 1832 1390 1898 Quid
1401 1832 1533 1906 festines,
1556 1840 1588 1890 ut
1609 1835 1701 1892 crude
1723 1834 1822 1893 edbuc
1910 1814 1939 1886 ‘i‘

836 1952 1003 2016 Veriorum
1023 1958 1118 2016 notor.

157 2064 207 2137 (441)
221 2062 448 2136 detorquendam.
470 2062 502 2118 14
526 2065 572 2117 444
590 2059 801 2143 4444444444444,
816 2069 939 2116 44444444-
992 2061 1093 2117 4444444
1106 2059 1220 2129 diceret,
1242 2062 1363 2118 clamore
1384 2063 1559 2136 convicioque
1578 2065 1698 2137 jncurrc
1711 2066 1762 2122 444.
1787 2064 1824 2123 ut
1898 2062 1934 2141 ·3.

133 2136 189 2194 4444.
208 2136 464 2193 Resurrectionem
489 2132 668 2207 Pythegoree
691 2132 792 2195 trndrt,
808 2132 858 2187 444
879 2130 940 2186 eni·
994 2130 1045 2186 lib.
1071 2132 1131 2187 viu
1147 2132 1266 2188 Verrem
1292 2150 1298 2187 :
1322 2134 1409 2189 Erunt
1431 2135 1555 2192 conuiuio
1575 2150 1632 2191 nou
1654 2135 1704 2193 4144
1726 2136 1821 2193 titen-

133 2208 299 2276 nuseium,
328 2222 387 2262 non
415 2206 504 2261 etiem
530 2202 671 2276 corporis,
698 2203 828 2275 udeoquc
852 2202 939 2257 dimi·
994 2204 1030 2259 tio
1034 2242 1141 2259 .....
1158 2220 1247 2276 neque
1259 2220 1290 2261 44
1304 2205 1409 2275 purime
1411 2246 1540 2262 ......
1556 2206 1602 2263 444
1615 2222 1678 2263 cum
1692 2210 1820 2267 mecine

130 2280 195 2335 diste
207 2282 265 2335 tide
283 2296 291 2345 ;
317 2280 381 2341 444,
396 2282 430 2331 ut
444 2275 552 2333 recites
568 2274 662 2347 megin
676 2276 771 2331 edbuc
787 2282 940 2345 retorque·
992 2275 1111 2330 eternore
1138 2284 1218 2348 utque
1240 2278 1373 2333 conuicio.
1399 2276 1488 2333 Vides
1510 2276 1637 2335 Minucio
1664 2280 1820 2337 conuicium

129 2358 204 2419 retur,
228 2351 311 2405 44444
335 2350 449 2404 enimes
474 2346 627 2403 bominum
654 2346 746 2402 redire
771 2348 800 2402 in
813 2346 938 2418 pecudes,
993 2348 1074 2401 4444444
1098 2362 1154 2401 nou
1179 2347 1235 2402 4444
1260 2347 1352 2404 series
1376 2348 1583 2419 contumelias,
1613 2350 1664 2407 sed
1688 2352 1817 2408 insecte·
1885 2344 1944 2421 ··‘-'33

128 2438 182 2479 4444
203 2423 302 2478 dicere
325 2419 450 2475 debebat
473 2422 503 2474 in
529 2435 580 2474 ruo
599 2434 722 2489 corporo.
750 2416 941 2473 Hnunrennus
995 2418 1105 2475 tionem
1119 2424 1147 2471 et
1169 2418 1344 2489 irrisionem,
1370 2435 1476 2492 meguc
1513 2436 1580 2476 curn
1603 2420 1730 2479 ciemore
1755 2420 1820 2481 iteri

126 2492 278 2551 iiiuucium
302 2491 456 2565 scripsisse
481 2490 630 2546 existimet
645 2506 652 2544 :
670 2489 779 2545 Addunt
792 2490 817 2543 44
837 2492 874 2544 444
897 2505 940 2544 44·
995 2488 1121 2545 solitum.
1139 2490 1214 2545 rtudi
1238 2495 1267 2547 44
1288 2491 1468 2547 Luctantium
1489 2491 1626 2549 similiter
1648 2491 1820 2565 loquentem
1898 2492 1942 2551 ';.··.·

124 2566 294 2639 hrpeeudum
306 2566 447 2636 (4444444444
470 2563 501 2617 in
518 2563 645 2633 pecudes,
661 2576 733 2621 oues.
760 2561 877 2624 4444444,
893 2560 941 2615 44-
995 2559 1046 2615 lib.
1060 2576 1109 2623 44,
1125 2561 1167 2623 42,
1183 2562 1216 2617 34
1235 2578 1241 2617 ;
1257 2563 1323 2630 Quor
1343 2563 1481 2619 sententio
1503 2562 1589 2619 444444
1603 2564 1734 2631 hominis,
1747 2580 1819 2639 uuo·
1890 2621 1895 2629 ,

122 2641 224 2693 semum
238 2638 351 2693 enimus
369 2634 469 2689 reduc.
494 2640 531 2688 At
555 2634 768 2704 retorquendum
790 2634 940 2701 (4444444444,
994 2634 1072 2687 niorn
1087 2632 1211 2687 ridie-uio
1229 2641 1255 2688 et
1269 2635 1353 2690 mimo
1366 2634 1481 2702 44444444
1494 2651 1581 2706 qurum
1593 2634 1690 2693 4444444
1703 2637 1769 2710 ruit,
1782 2650 1821 2695 444
1915 2626 1939 2707 ’ἦζ

121 2708 224 2775 idest,
250 2716 281 2765 ut
309 2707 409 2779 [4444444
435 2704 472 2761 ed
497 2704 737 2760 mansuetudinem
769 2703 942 2771 traducetur,
994 2703 1089 2774 resciit
1104 2703 1302 2773 444444444444
1316 2704 1420 2761 debuit.
1435 2710 1534 2761 iteuu.
1893 2729 1897 2737 ·
1931 2760 1942 2775 „

121 2780 162 2839 uti
175 2780 276 2835 Cicero
300 2778 432 2843 loouitur
453 2777 482 2832 iu
505 2776 573 2831 Oret
595 2792 647 2848 pro
669 2776 775 2843 Sextio,
800 2790 864 2846 cep.
895 2775 940 2830 42.
1031 2774 1088 2845 (38)
1118 2774 1149 2831 tu
1174 2776 1298 2846 primum
1323 2778 1444 2849 potuim
1479 2777 1557 2848 firrpi.
1586 2776 1706 2833 Frustre
1732 2776 1820 2851 plene
1882 2790 1885 2795 ’
1917 2820 1920 2827 -

120 2852 257 2909 huense.
997 2848 1151 2901 chorus
1182 2846 1336 2903 substituit
1357 2853 1388 2903 ut
1408 2847 1535 2919 primum
1576 2848 1729 2921 otuitfinpi
1755 2866 1765 2905 .·
1788 2852 1823 2905 ut

151 2921 338 2995 (37)14444444
362 2917 430 2974 vitio
452 2918 542 2987 dipno
569 2918 624 2973 4444
654 2916 790 2972 4444444444
816 2923 866 2972 444.
896 2914 944 2970 Sic
993 2914 1141 2999 )44441444
1158 2917 1375 2974 observavimus
1402 2919 1432 2974 in
1457 2922 1529 2975 tect.
1585 2919 1690 2975 44444444.
1705 2918 1820 2978 Similis
1913 2940 1916 2955 ¹

118 2998 164 3051 444
185 2994 216 3049 iu
239 2989 409 3063 exempieri.
435 2990 541 3045 44444444
564 2990 642 3055 uitio,
668 2988 723 3043 hoc
743 2993 797 3052 444,
823 2987 942 3042 mimico
998 2988 1161 3043 4444444444
1176 2993 1221 3043 444
1235 2990 1322 3045 modo
1338 2990 1366 3043 in
1383 2989 1611 3060 precedentibus
1635 2992 1821 3063 4044444444·
1888 3042 1891 3047 ,
1913 2995 1934 3027 ’··

118 3080 211 3132 nore,
226 3080 295 3119 nem
317 3080 344 3129 4,
360 3062 437 3117 risus
462 3060 653 3130 undecunque
675 3058 825 3140 ceptendi.
846 3063 943 3114 tiunc·
996 3060 1218 3128 4444441444ιὶ444,
1243 3062 1409 3133 niunpurc,
1439 3060 1594 3118 desi-nere:
1618 3078 1670 3133 pro
1697 3062 1820 3135 ceperit,
1856 3092 1859 3097 ·

117 3152 151 3195 ce
165 3152 276 3192 morem
302 3134 448 3189 .iuucius
472 3132 641 3188 eustcritete
662 3130 824 3186 chrretiene
845 3131 980 3225 uitiurnc
999 3148 1062 3200 cap.
1089 3131 1124 3186 33
1149 3147 1156 3187 :
1181 3132 1223 3187 444
1243 3134 1324 3203 prius
1348 3148 1392 3189 444
1417 3133 1570 3189 4444444444
1596 3132 1820 3205 comprehendet,
1897 3164 1900 3169 ·
1930 3141 1943 3180 t

120 3210 247 3275 mcet‚ct
261 3204 382 3278 opponit
395 3204 539 3259 mimicum
554 3204 652 3259 uitium
666 3202 825 3281 philosophi
842 3200 942 3256 studio.
998 3218 1081 3275 ouem
1096 3218 1152 3258 4444
1164 3200 1285 3259 desertor
1299 3222 1309 3259 :
1324 3202 1352 3258 id
1377 3206 1431 3271 est,
1456 3220 1538 3276 quom
1551 3204 1653 3260 44444444·
1664 3206 1730 3261 siut.
1746 3204 1821 3263 Oro·

119 3280 201 3347 Quod
219 3279 249 3333 in
277 3276 456 3349 quibusdem
483 3273 662 3330 editionibus
690 3278 844 3343 reperitur,
866 3274 945 3327 mimi
998 3275 1061 3329 sius
1075 3276 1149 3345 111‚2
1165 3290 1172 3329 :
1190 3274 1349 3346 Quicunque
1362 3276 1458 3345 444444,
1474 3276 1552 3331 44444
1565 3276 1679 3347 populor
1693 3278 1732 3333 itu
1746 3290 1822 3333 nunc
1908 3276 1936 3338 ,¹³

119 3352 253 3415 4444444444,
281 3350 380 3419 eptius
409 3345 586 3419 respondere
615 3345 748 3400 videntur
776 3341 944 3416 philosophi
998 3347 1029 3401 in
1039 3352 1155 3401 44444444
1169 3361 1367 3411 consenescere,
1377 3348 1447 3401 sicut
1461 3353 1529 3403 tunc
1538 3348 1569 3402 in
1582 3348 1819 3405 444444444444444.

121 3421 222 3481 studio
244 3420 301 3477 Sed
317 3422 394 3475 recte
412 3417 453 3473 eit
474 3418 620 3473 Minucius
643 3415 818 3472 seutentiam
846 3415 943 3482 istem,
999 3416 1071 3472 Vide
1086 3416 1136 3470 tib.
1153 3433 1180 3482 4,
1196 3416 1223 3481 4,
1239 3421 1268 3472 44
1279 3417 1349 3473 olibi
1364 3434 1498 3499 pessum.
1514 3418 1616 3476 Wore.
1896 3430 1910 3481 ,.·
1928 3485 1932 3489 ¹

121 3492 237 3551 enimes
246 3490 402 3549 homiuum
414 3489 444 3545 in
457 3490 603 3561 pecudum
613 3491 643 3543 et
654 3488 811 3544 bestiarum
824 3502 946 3559 corpore
1034 3486 1091 3557 (39)
1112 3487 1159 3542 iiii
1182 3490 1438 3559 conspicientem,
1458 3530 1465 3544 .
1483 3528 1489 3543 .
1508 3530 1515 3544 .
1530 3492 1629 3560 [uires.
1645 3488 1712 3545 Huc
1728 3488 1820 3547 verbe
1905 3508 1916 3548 ,·.
1930 3498 1939 3511 ··

124 3556 946 3645 444444444448444444444444444444444444141444144
1000 3557 1079 3629 ejicit
1094 3557 1295 3622 Heuniennus.
1313 3567 1344 3615 ut
1365 3560 1477 3616 scilicet
1500 3564 1647 3617 nectorem
1672 3576 1770 3618 errore
1784 3559 1824 3617 li·
1872 3564 1941 3610 ·'r

126 3636 252 3692 mimicus
276 3638 349 3689 ertrs
387 3631 468 3698 44444,
495 3630 567 3686 illud
582 3634 627 3686 est
641 3646 712 3686 serre
727 3630 946 3702 turpissimum,
1000 3630 1091 3693 beret,
1111 3646 1197 3699 quem
1219 3646 1332 3686 erresso
1356 3630 1502 3704 Dupinius
1524 3632 1554 3687 in
1579 3632 1747 3689 Bibiiotirecu
1769 3647 1827 3689 sue
1916 3641 1938 3699 ¹,

125 3702 573 3844 tittttf’tti‘ttttittt
589 3700 947 3845 titiitttuitttt
999 3700 1825 3843 {tittitt‚tuitii”ett‘tt.{it²⁰tt¹⁰.t⁸ttf
1921 3715 1938 3813 ἒ·

126 3854 193 3923 jocis
215 3866 252 3906 eu
263 3850 318 3905 otio
343 3862 410 3919 opus
432 3846 495 3911 erit,
520 3846 546 3900 44
561 3845 673 3900 44444444
694 3844 730 3900 ed
751 3843 821 3898 nuuc
860 3852 948 3898 ortem
1000 3844 1118 3899 dicendi
1134 3849 1233 3899 Petrus
1257 3846 1293 3901 eh
1316 3846 1433 3901 errandi
1458 3844 1534 3913 iebc,
1554 3862 1621 3918 spes
1642 3849 1689 3901 est
1716 3846 1776 3901 iore
1792 3848 1825 3903 ut

130 3922 274 3978 4444444444.Ι
289 3920 350 3992 quis
366 3920 395 3973 in
410 3933 491 3989 quarn
506 3916 621 3972 44444444
634 3917 787 3985 reformari
800 3916 827 3970 44
845 3918 945 3970 eretur.
1001 3915 1130 3989 proxime
1146 3914 1244 3972 Petres
1259 3916 1296 3971 uh
1315 3917 1394 3972 44441
1418 3934 1516 3972 444444
1539 3917 1687 3973 immunes
1705 3932 1825 3989 compe·
1906 3931 1925 3965 .·

131 3990 244 4049 1444444.
271 4022 307 4032 -
332 3990 453 4045 Frustra
473 3986 586 4043 inheret
607 3985 752 4059 Rigeitius
796 3986 847 4058 qui
872 3986 948 4041 henc
1001 3992 1094 4043 reent.
1109 3985 1269 4042 Minucium
1284 3988 1320 4042 de
1334 4004 1454 4060 corporo
1464 3988 1525 4045 scio
1535 3986 1563 4045 lo
1587 3989 1616 4043 ui
1630 3986 1822 4044 menifestum

131 4062 280 4121 lectionem
296 4060 444 4117 vindicare
467 4058 593 4115 Minucio
609 4059 717 4113 studet.
762 4059 947 4113 ereomniuo
1001 4064 1054 4114 est
1081 4004 1822 4129 4441144444444444444444134444441444444·
1886 4112 1889 4118 ,
1937 4070 1940 4076 ·

131 4129 947 4263 44444444444444448414444444
1002 4129 1338 4257 ‘’ttiuttitttt
1361 4148 1435 4258 tit
1448 4131 1592 4257 iufflrii‘
1616 4129 1822 4257 “iiiiiiih
1865 4206 1869 4212 ·

132 4220 417 4356 Gmnbviomffinhcfi
432 4224 585 4341 4444441444,
610 4217 785 4355 sentimum
811 4218 892 4327 iilum
912 4241 948 4327 44
1002 4220 1141 4355 inperari,
1158 4205 1655 4355 4444441444444444444444104444
1672 4276 1734 4345 poet
1747 4286 1823 4329 mor·

131 4348 247 4406 44444ιηὶ
305 4352 385 4402 44444
407 4345 572 4401 enimerum
598 4361 653 4400 non
679 4344 798 4415 dignene
821 4359 885 4399 esse
912 4344 949 4399 44
963 4317 987 4384 D
1002 4344 1141 4400 4444441144
1164 4344 1299 4416 equidem
1325 4343 1398 4399 nrhrl
1421 4358 1528 4399 erroris
1552 4342 1748 4416 deprehendo.
1768 4342 1824 4399 hc·
1914 4368 1945 4416 ·;·

132 4434 185 4493 444
196 4420 245 4495 phi
259 4416 390 4489 osophus
405 4417 533 4490 cogitere
546 4415 716 4487 diligentins
735 4416 865 4484 dohoet;
894 4414 945 4470 sed
1002 4414 1217 4488 quitureodem
1233 4415 1393 4486 modoque
1409 4414 1730 4483 nostorTertuiiisnus,
1745 4418 1823 4487 Apo·
1913 4418 1921 4447 ·'

133 4494 198 4549 4444
211 4490 377 4558 ridiculum,
393 4495 426 4545 ut
439 4488 483 4544 vol
508 4488 597 4543 mimo
613 4488 643 4542 in
667 4487 781 4543 theetro
800 4488 947 4542 441444444-
1003 4489 1058 4557 top.
1075 4503 1139 4558 cop.
1157 4487 1190 4540 48
1206 4504 1213 4543 :
1230 4487 1440 4569 necopinaque
1462 4490 1550 4557 (444444
1573 4494 1724 4559 anundum
1734 4502 1827 4551 esset:
1909 4548 1913 4556 ¹
1930 4498 1940 4530 -·

131 4560 231 4621 dorum
244 4561 399 4619 homiuum
416 4558 566 4616 materiem
580 4559 706 4631 prebere
716 4557 820 4629 possit.
836 4557 948 4630 Oppor·
1002 4561 1096 4630 utique
1109 4556 1206 4619 4444444
1220 4558 1390 4614 meminisses
1412 4558 1497 4627 44444,
1513 4560 1540 4615 44
1552 4556 1627 4685 (444
1644 4559 1755 4628 (444444.
1771 4556 1829 4629 out

132 4638 195 4693 tenc
217 4634 267 4691 bic
289 4631 525 4689 Eimcnhorstius
548 4628 618 4686 iilud
644 4629 868 4686 Luctentienum
897 4644 947 4693 444,
1002 4630 1430 4701 erponibitiucruspriusqnem
1443 4629 1821 4703 4444444444444444144444,
1908 4637 1940 4695 ’“,

131 4706 293 4763 recurunt:
309 4704 448 4760 Sententia
470 4704 557 4758 deteri
580 4702 698 4757 terminis
717 4702 850 4767 ridiculo,
864 4702 948 4755 mimo
1001 4718 1064 4758 4444
1077 4717 1135 4756 4444
1147 4700 1270 4755 desieris.
1290 4701 1350 4756 Cur
1367 4718 1423 4756 444
1436 4718 1526 4773 posses
1540 4718 1599 4759 4444
1612 4718 1714 4759 rursus
1728 4702 1762 4759 44
1775 4704 1824 4757 ni·
1935 4716 1945 4771 ζ,

130 4778 331 4861 dt'pniorpnnm
345 4774 439 4832 4444444
457 4776 523 4845 suit.
547 4772 610 4829 Vox
631 4774 750 4828 conuiuii
772 4772 826 4827 tibi
851 4771 950 4827 444444-
1002 4773 1060 4828 4414
1074 4770 1194 4837 4444444444
1208 4772 1297 4842 sputus
1310 4773 1433 4828 auctoris
1454 4776 1606 4843 4444444444,
1628 4776 1676 4847 qui
1689 4784 1717 4831 te
1738 4774 1826 4831 4444444

130 4848 281 4905 dumhere
305 4846 369 4903 ioco
391 4852 459 4919 epte
479 4844 635 4908 videbitur,
651 4844 676 4899 si
700 4843 825 4899 Menucii
846 4844 948 4898 obser·
1002 4860 1059 4900 4444
1072 4859 1107 4897 cc
1120 4843 1291 4912 4444444414.
1310 4848 1447 4900 1444444.
1730 4896 1733 4903 .

130 4920 270 4976 tutionem
293 4917 401 4991 legeris
426 4916 463 4973 ed
486 4915 537 4972 ilie
559 4915 705 4972 Ciceronis
726 4916 762 4970 cd
783 4914 885 4971 444444.
909 4930 946 4983 iv,
1038 4916 1094 4985 (40)
1111 4913 1213 4983 Corpus
1227 4930 1307 4971 onrue
1320 4955 1327 4969 .
1339 4916 1508 4972 itcscribere
1522 4918 1610 4988 gestit
1622 4930 1719 4985 corpus
1738 4914 1827 4971 444444·
1931 4932 1936 4944 ·

132 4992 184 5047 io:
200 4992 369 5047 4444444444
394 4988 433 5043 44
457 4988 603 5054 iocationes
626 4992 699 5049 44444,
720 5003 783 5041 cum
807 4991 838 5041 tu
856 5002 950 5040 sccun-
1002 5002 1046 5041 no.
1066 4989 1240 5041 wernerius
1257 4986 1285 5041 in
1311 4988 1369 5043 444.
1397 4986 1469 5043 ruit.
1495 4986 1546 5043 lib.
1562 5005 1583 5053 r,
1604 5002 1638 5041 cs
1661 4986 1728 5053 .44,
1754 5000 1823 5057 peg.

131 5062 471 5128 durnOEmmnnmArmt,
495 5058 949 5123 444444144444144444444144-
1002 5058 1613 5127 644844444444444444444444144444144.
1655 5071 1727 5111 sou.

131 5148 205 5197 44444,
222 5134 269 5191 sed
282 5143 312 5187 ut
326 5146 402 5189 nunc
416 5132 458 5201 fit,
473 5133 591 5186 inimum
612 5127 801 5185 introduxisti.
817 5128 949 5184 4444444.
1038 5130 1095 5199 (41)
1112 5130 1231 5184 Custodi.
1258 5130 1316 5185 lloc
1339 5134 1384 5185 444
1409 5146 1444 5184 ex
1458 5128 1662 5185 emendatione
1687 5124 1824 5183 Woweri.

132 5210 240 5261 -tem
254 5204 367 5259 dudum
383 5203 522 5258 viderunt
535 5200 628 5257 critici
643 5200 763 5272 (quibus
779 5199 902 5270 iertsup
924 5216 952 5255 e·
1004 5199 1148 5256 heraldus
1173 5202 1272 5273 procni
1297 5201 1386 5257 dubio
1410 5218 1445 5256 ex
1465 5218 1520 5256 ms.
1545 5199 1666 5255 4444444.
1689 5198 1826 5254 custodio.

132 5276 185 5333 4444
212 5276 344 5333 itomene
369 5274 468 5344 editio,
498 5289 572 5345 qus,
601 5270 725 5327 Hcreido
754 5275 839 5337 teste,
863 5216 952 5327 hehet
1006 5273 1146 5328 1444444.

131 5347 238 5405 inimice
262 5348 339 5416 uitio,
364 5348 499 5402 Wowero
523 5359 591 5400 vero
614 5344 696 5398 mimi
710 5342 835 5397 contricio
852 5340 953 5413 )mimi
1040 5344 1087 5419 (44
1112 5343 1158 5398 Sci
1173 5340 1319 5407 demeruit.
1335 5340 1408 5411 Lego
1424 5358 1431 5398 :
1446 5339 1494 5397 Sol
1508 5355 1537 5395 44
1550 5340 1660 5411 meruit.
1675 5338 1774 5397 1444444.

131 5420 245 5477 44444444
259 5418 416 5489 scripsisse
431 5415 604 5482 Minucium,
620 5414 655 5469 de
671 5430 729 5486 qun
750 5414 837 5468 verbo
853 5414 952 5469 videns
1041 5415 1086 5482 (43
1121 5414 1151 5468 iu
1173 5414 1284 5469 44444444.
1301 5412 1395 5468 Facile
1409 5412 1480 5467 mibi
1495 5414 1608 5482 credes,
1624 5410 1750 5485 opinior,
1765 5428 1828 5470 sss·

150 5508 190 5548 us
220 5488 332 5561 phiioic
356 5488 362 5501 ‘
392 5488 596 5560 ascripserunt
623 5486 658 5542 ed
689 5485 803 5541 4444444444
821 5501 841 5553 4,
866 5486 894 5552 4,
922 5486 951 5540 5.
1005 5482 1567 5566 444444444444444444)441444.11444.

152 5564 205 5619 dds
218 5560 314 5619 Ovidii
354 5570 439 5617 etum.
457 5576 485 5625 v,
500 5560 565 5625 415,
577 5564 607 5613 44
628 5556 753 5613 ciceron
773 5558 798 5612 is
819 5555 870 5611 iih.
887 5574 897 5612 1
915 5556 952 5612 ed
1041 5558 1098 5625 (ii)
1115 5553 1286 5610 1444444444.
1311 5554 1425 5611 scilieet
1438 5552 1666 5625 temporePiene
1680 5553 1779 5613 (144444
1792 5556 1829 5611 44
1922 5566 1941 5608 ἰ

85 5607 107 5766 ’(-
152 5632 486 5709 .fretrern8pist.1,uhi
511 5630 634 5687 conuicio
656 5633 846 5701 opponuntur
866 5628 952 5685 44444-
1006 5626 1076 5683 44114
1091 5628 1171 5708 nun
1194 5642 1220 5691 o,
1237 5626 1272 5679 43
1288 5641 1295 5679 :
1313 5626 1434 5683 44444444
1448 5636 1568 5711 tempore
1582 5628 1662 5684 nuni.
1678 5626 1827 5685 1144444444-

108 5706 282 5781 .444.·4444
297 5708 329 5761 44
344 5706 377 5759 444
392 5702 421 5759 14
446 5701 512 5761 Oret
532 5716 584 5775 pro
609 5700 720 5769 4444444,
744 5716 808 5775 sep.
829 5699 856 5756 4.
872 5698 953 5757 idem
1006 5714 1063 5757 uus
1077 5698 1206 5779 scrihere
1220 5696 1647 5759 meruituturtoresirbernoe.
1664 5704 1800 5759 44444444.
1912 5728 1915 5733 ·

151 5776 180 5843 h.
208 5794 222 5841 t
245 5772 428 5845 4441444444..
449 5773 568 5849 epistt
592 5788 601 5835 t
624 5772 783 5849 4444444444,
810 5786 876 5835 tum
900 5784 954 5851 (444
1041 5770 1099 5851 (45)
1112 5766 1248 5831 inditate
1257 5772 1383 5833 umrtu.
1393 5771 1522 5835 44144444
1542 5772 1681 5833 erborum
1703 5770 1736 5829 iu
1758 5768 1823 5829 1444·-

267 5902 404 5971 Ριτιοι.
427 5904 481 5971 111.
1660 5898 1707 5965 te
