3892 6104
117 412 194 476 itit
588 406 687 469 PARS
709 403 748 467 11.
765 435 802 450 -
817 399 1101 466 ΗΕΟΕΝΤΙΟΗῙΙΜ
1125 403 1347 469 EXCURSUS.
1741 408 1819 471 14311

151 541 326 602 libainai
343 541 424 616 quid,
441 557 549 616 queso,
566 539 621 597 illa
641 538 810 613 incongruas
833 534 1072 612 eroga-Abunc
1101 538 1401 613 pseudo-prophetam
1432 537 1480 613 qui
1515 554 1549 596 ex
1587 537 1706 612 prelato
1735 541 1817 599 Pauli

115 636 221 704 tiones,
239 651 301 708 qna
318 632 398 690 nullo
415 633 500 689 mode
516 634 626 689 statum
642 629 812 703 quaestionis
826 642 940 684 concer·
994 631 1072 683 textu
1088 629 1145 701 (48)
1160 628 1342 700 ineptissime
1357 645 1461 687 nevam
1480 632 1633 702 extorquet
1646 629 1815 702 falsitatum,

116 727 207 782 nuntl
229 724 269 780 lix
280 723 405 798 epistola
421 738 515 794 usque
537 721 594 777 huc
619 719 694 776 lecta
716 719 842 775 necdum
867 716 938 772 divi·
993 733 1098 790 nempe
1118 719 1315 775 necessarium
1330 736 1395 776 esse
1410 723 1442 774 ut
1457 718 1582 793 singulis
1597 719 1682 776 annis
1693 721 1817 778 concilia

117 831 186 871 nare
215 812 323 884 licebit,
353 813 430 885 qued
455 810 542 867 luerit
568 809 714 881 objectum
737 805 939 864 controversiae
994 814 1312 882 congregentur;nam
1328 809 1497 866 immediate
1513 810 1715 882 prosequitur:

115 906 192 960 inter
208 903 260 960 SS.
278 902 459 976 Stephanum
485 904 513 956 et
535 899 712 972 Cypriauum
739 898 863 970 agitate,
879 898 939 951 ata
1029 899 1074 953 31.
1094 918 1105 947 ι
1121 898 1182 962 Qua
1198 915 1232 955 οι
1247 915 1337 955 causa
1351 899 1428 972 apud
1445 916 1499 955 nos
1515 899 1556 966 (ιι,
1573 903 1606 955 ut
1621 900 1815 974 persingutog

115 993 259 1063 conciliis,
274 996 307 1047 ut
322 991 477 1060 asseritur,
493 988 663 1046 solemniter
681 987 795 1044 decise.
812 985 938 1042 Multum
993 1003 1086 1044 annos
1101 987 1231 1044 seniores
1246 993 1275 1044 et
1289 988 1435 1062 praepositi
1451 988 1481 1043 in
1499 1005 1590 1044 unum
1607 989 1817 1046 conveniamus

115 1085 198 1141 abest
213 1087 244 1138 ut
257 1082 332 1138 bane
348 1097 415 1136 mex
430 1080 566 1152 attingat,
583 1081 615 1133 ut
639 1077 737 1150 potius
759 1077 865 1132 iterum
882 1073 938 1131 alie
993 1077 1028 1131 ad
1044 1076 1260 1149 disponendum
1285 1094 1319 1133 ea
1339 1093 1403 1150 quae
1430 1093 1505 1133 cure
1531 1082 1637 1133 nestrae
1660 1079 1819 1136 commissu

114 1176 263 1246 evagetur.
993 1170 1072 1232 sunt,
1090 1170 1132 1231 ut,
1149 1167 1172 1222 si
1189 1183 1252 1238 quae
1268 1166 1401 1239 graviora
1424 1169 1506 1235 sunl,
1528 1167 1679 1223 communi
1694 1167 1817 1226 consiliu

150 1261 195 1316 29.
207 1258 310 1330 incipit
320 1257 441 1314 laudaro
452 1256 608 1330 epistolam
619 1256 648 1312 S.
661 1253 936 1329 Cypriani,dicens:
992 1253 1166 1327 dirigantur,
1183 1254 1275 1328 lapsis
1291 1271 1417 1328 queque,
1434 1277 1449 1305 ιι
1464 1259 1534 1325 ele,
1552 1260 1583 1311 ut
1598 1273 1628 1312 u.
1644 1273 1706 1329 seq.

116 1375 130 1402 ιι
143 1351 202 1407 Nos
215 1365 283 1405 vero
297 1365 341 1418 ea,
358 1369 371 1397 »
388 1349 456 1416 ete,
472 1350 504 1402 ut
518 1363 609 1419 supra
621 1364 650 1401 n.
668 1346 711 1402 19.
1028 1344 1049 1398 Ι.
1067 1344 1140 1409 Quid
1158 1360 1209 1416 per
1223 1343 1394 1417 prepositos
1416 1360 1490 1416 ques
1515 1344 1680 1401 senioribus
1696 1352 1813 1419 postpo-

150 1438 257 1495 Addit:
274 1454 305 1494 se
321 1435 431 1509 aliquid
448 1453 482 1492 ex
495 1435 546 1491 illa
561 1452 627 1492 esse
648 1435 937 1507 repetiturum,cum
992 1432 1062 1499 suit,
1082 1431 1256 1488 intellexerit
1281 1436 1379 1488 noster
1403 1432 1683 1505 pseudo-propbeta,
1710 1433 1816 1490 obseu-

115 1529 176 1585 haec
191 1526 323 1600 repetitio
339 1543 397 1581 neu
413 1525 491 1582 obsit
506 1525 624 1582 utilitati
638 1523 809 1593 salutari,et
824 1522 937 1597 aliquid
992 1537 1057 1576 rum
1077 1525 1132 1577 est.
1149 1522 1183 1574 V.
1200 1538 1290 1594 supra
1305 1538 1334 1576 n.
1349 1521 1379 1578 5.
1400 1520 1523 1577 Videtur
1544 1521 1636 1579 fnisse
1660 1522 1722 1594 ipse
1737 1539 1816 1580 unus

118 1617 182 1673 nevi
198 1615 460 1688 superadditurum
475 1615 511 1670 ad
530 1612 774 1670 accumulandum
790 1611 937 1685 probatio·
991 1626 1026 1666 ex
1041 1609 1218 1678 senioribus,
1230 1610 1276 1667 vel
1293 1610 1468 1683 prepositis,
1494 1615 1609 1668 amator
1623 1611 1813 1669 conciliorum

116 1723 200 1775 nem;
221 1706 272 1761 sed
288 1704 408 1760 interim
431 1720 483 1760 nec
506 1702 698 1777 questionem
723 1701 868 1775 proponit,
885 1717 938 1756 nec
992 1716 1088 1756 annue
1103 1701 1385 1773 congregandorum,
1409 1701 1517 1772 quibus
1540 1700 1681 1758 interesse
1702 1701 1812 1776 gestiit,

115 1794 180 1851 illas
195 1811 284 1850 nevas
300 1792 485 1866 probationes
511 1791 650 1861 adducit;
674 1792 744 1864 quin
771 1808 822 1864 per
847 1807 937 1848 nevas
991 1789 1035 1845 vel
1052 1789 1180 1846 assidere
1194 1788 1287 1862 cupiit
1310 1789 1377 1862 (49),
1403 1805 1470 1846 cum
1492 1795 1521 1847 et
1535 1788 1611 1847 banc
1625 1790 1812 1864 disciplinam

116 1884 253 1956 ambages
269 1882 404 1956 sequitur
418 1881 576 1948 excusatio,
593 1898 646 1936 cur
667 1881 729 1953 ipse
746 1879 934 1954 quaestionem
952 1917 977 1981 B
992 1894 1026 1935 ex
1041 1895 1124 1936 sacra
1138 1879 1298 1951 Scriptura,
1315 1894 1420 1951 nempe
1434 1895 1469 1935 ex
1483 1881 1496 1936 1
1519 1880 1583 1936 Cor.
1607 1897 1665 1949 xrv,
1690 1881 1813 1953 probare

116 1987 204 2044 quam
233 1969 345 2027 dixerat
367 1969 617 2026 sufficientissime
646 1986 662 2025 a
688 1968 831 2042 Cypriane
852 1969 938 2025 medo
992 1968 1125 2026 voluerit.

115 2061 268 2133 probatam
293 2058 394 2131 fuisse,
419 2059 501 2115 nevis
525 2058 747 2131 probationibus
771 2058 936 2115 communi·
1028 2058 1062 2114 11.
1080 2059 1136 2116 Lex
1160 2060 1196 2116 de
1217 2058 1337 2132 synodis
1357 2075 1453 2115 annue
1468 2059 1652 2118 celebrandis
1675 2065 1720 2119 est
1735 2075 1814 2118 mere

116 2153 199 2204 turus
215 2148 262 2218 sit,
279 2163 383 2220 nempe
399 2147 483 2204 ideo:
502 2169 514 2197 u
530 2147 603 2212 Quia
627 2147 657 2202 in
681 2145 810 2202 Ecclesia
831 2145 937 2201 Christi
992 2147 1457 2218 humano-ecelesiastica,mit
1468 2149 1594 2222 primam
1606 2149 1717 2207 habens
1729 2151 1814 2224 origi-

114 2243 184 2296 sunt
212 2237 359 2311 prophetie
386 2236 484 2306 multi,
512 2241 541 2292 et
569 2237 593 2292 si
623 2236 728 2292 ssia
756 2236 806 2291 uni
823 2234 937 2307 (utique
992 2252 1059 2292 nem
1074 2254 1109 2294 er
1123 2237 1245 2294 concilio
1259 2237 1373 2293 Nicene
1389 2256 1409 2306 1,
1425 2238 1503 2310 qued
1518 2254 1594 2295 anne
1609 2240 1813 2314 325(adeeque

113 2324 418 2399 pseudo-Firmiliaue)
434 2324 542 2398 aliquid
564 2324 652 2380 suerit
676 2325 847 2392 revelatum,
863 2322 936 2380 aiter
991 2325 1042 2381 diu
1057 2330 1123 2399 post
1138 2330 1262 2382 mertem
1279 2326 1308 2383 S.
1337 2325 1511 2399 Firmilisni)
1535 2330 1665 2400 primum
1684 2329 1811 2386 decrevit

111 2415 312 2472 taceredebet.
331 2437 345 2464 ιι
362 2415 402 2470 bin
419 2416 483 2487 ejus
503 2415 611 2469 verba:
991 2431 1055 2472 can.
1076 2418 1112 2472 5:
1144 2437 1159 2466 ιι
1182 2415 1329 2472 Habeutur
1356 2414 1446 2472 semel
1471 2416 1627 2473 concilium
1657 2422 1723 2474 ante
1749 2419 1812 2476 dies

146 2505 191 2559 30.
210 2526 224 2556 a
237 2504 333 2576 Neque
345 2504 428 2561 obest
439 2502 559 2560 utilitati
572 2502 704 2572 salutari,
717 2506 767 2558 aut
777 2503 877 2558 eadem
890 2517 934 2558 re·
990 2505 1232 2580 quadragesime.
1242 2527 1257 2554 α
1266 2505 1298 2559 lu
1309 2503 1812 2573 historialiusebii,ineuntesoeeule

111 2597 208 2649 texere
234 2594 269 2650 ad
297 2594 527 2650 confirmandam
554 2591 718 2658 veritatem,
735 2595 786 2647 aut
801 2591 934 2663 quedam
990 2611 1019 2650 ιν
1033 2594 1209 2668 conscripta,
1225 2594 1351 2651 necdum
1366 2592 1492 2650 occurrit
1505 2594 1551 2651 vel
1566 2595 1723 2652 minimum
1739 2595 1813 2652 indi·

111 2683 217 2739 addere
232 2682 267 2738 ad
283 2681 492 2738 cumulandam
510 2681 722 2754 probationem.
740 2680 769 2737 Si
793 2680 864 2754 quid
880 2697 934 2736 au·
990 2683 1079 2751 cium,
1095 2684 1171 2754 quod
1187 2681 1315 2757 singulis
1329 2683 1413 2738 annis
1434 2683 1563 2757 episcopi
1587 2683 1617 2742 in
1633 2701 1726 2741 unum
1742 2703 1811 2743 eeu·

115 2776 171 2826 tem
184 2787 200 2826 a
215 2771 300 2827 nobis
315 2771 448 2827 additum
466 2771 624 2839 luerit‚non
636 2770 681 2826 sic
694 2769 812 2826 additur
822 2770 936 2842 quasia
989 2773 1130 2841 venirent,
1146 2770 1190 2827 vel
1206 2771 1369 2827 necessario
1383 2772 1537 2828 convenire
1549 2773 1714 2830 debuerint.
1725 2774 1812 2847 Equi·

109 2860 192 2916 vobis
206 2860 315 2933 aliquid
328 2859 426 2917 minus
438 2860 550 2917 dictum
562 2860 611 2930 sit,
622 2860 673 2916 sed
687 2859 825 2932 quoniam
838 2875 934 2915 sermo
989 2863 1056 2918 dem
1072 2860 1216 2933 Dupinius
1231 2859 1287 2932 (50)
1307 2858 1488 2916 confidenter
1502 2861 1626 2918 asserit:
1643 2884 1658 2912 a
1674 2862 1813 2920 Sciebant

110 2947 227 3005 divinus
240 2947 402 3006 humanam
417 2954 554 3005 naturam
570 2948 801 3022 supergreditur,
819 2964 871 3004 uec
886 2963 935 3020 pe·
990 2948 1129 3019 Africani,
1145 2946 1250 3004 saeculo
1266 2964 1307 3018 111,
1325 2947 1383 3003 due
1407 2949 1565 3021 quotannis
1589 2965 1691 3022 cogere
1713 2952 1812 3008 conci-

109 3042 167 3095 test
182 3036 934 3112 totumelperlectumanimacencipare.-ldeirco
990 3039 1038 3105 liu,
1065 3053 1154 3094 unum
1179 3051 1255 3106 vere,
1280 3034 1405 3093 alterum
1441 3040 1594 3094 autumno.
1622 3060 1637 3088 a
1661 3039 1812 3097 listhene

110 3133 139 3185 et
153 3132 252 3185 tantus
268 3133 312 3185 est
327 3144 469 3185 numerus
489 3127 709 3200 prophetarum,
725 3131 758 3182 ut
780 3125 933 3199 multiplex
989 3143 1073 3184 suam
1090 3125 1280 3184 assertionem
1305 3124 1430 3199 probare
1453 3125 1562 3181 emisit.
1584 3127 1698 3185 adduci
1712 3128 1812 3186 forsan

110 3218 209 3276 divina
223 3217 367 3290 sapientia
382 3216 555 3290 permultos
571 3216 786 3284 distribuatur;
811 3216 933 3273 undeet
989 3220 1087 3290 posset
1106 3219 1208 3272 auctor
1230 3213 1421 3287 epistolarum
1443 3214 1690 3288 cyprianicarum,
1711 3217 1761 3291 qui
1776 3218 1812 3276 de

109 3311 205 3364 tacere
223 3306 387 3379 precipitur
409 3305 503 3380 prime
519 3305 547 3360 in
572 3305 726 3379 prophetia
749 3303 890 3378 loquenti,
906 3287 968 3362 siC
989 3306 1071 3363 nulla
1092 3322 1123 3361 re
1144 3303 1325 3377 frequentius
1350 3303 1481 3375 loquitur
1507 3321 1596 3376 quam
1621 3306 1657 3364 ds
1679 3307 1811 3366 conciliis

110 3397 239 3454 secundo
255 3397 341 3453 luerit
355 3396 525 3454 revelatum.
542 3399 604 3464 Qua
625 3412 659 3451 ex
683 3412 772 3452 causa
797 3411 933 3450 necessa·
989 3396 1073 3469 quasi
1089 3396 1219 3467 quotidie
1231 3393 1399 3461 celebratis;
1417 3409 1519 3450 verum
1538 3411 1594 3450 nou
1615 3401 1730 3452 constat
1743 3396 1810 3455 illas

107 3485 151 3542 rie
167 3486 209 3554 lit,
227 3506 242 3535 ιι
257 3489 311 3541 etc.
329 3489 361 3541 ut
376 3503 405 3541 ιι.
426 3502 488 3558 seq.
987 3484 1127 3559 epistolas
1146 3498 1211 3541 esse
1232 3483 1424 3554 authenticas,
1436 3482 1495 3540 ime
1509 3481 1568 3539 alia
1588 3483 1650 3541 vice
1671 3490 1810 3542 ostensu·

143 3574 252 3631 Omitte
268 3576 295 3629 1·
311 3574 389 3630 illam
406 3574 562 3631 utilitatem
589 3574 747 3632 salutarem
764 3574 811 3630 cui
826 3574 932 3648 repeti·
988 3592 1038 3632 rus
1053 3591 1120 3632 sum
1135 3591 1195 3643 eas,
1212 3573 1308 3646 quoad
1322 3573 1481 3630 maximam
1495 3577 1620 3647 partem,
1631 3591 1809 3648 essesuppo·

106 3667 197 3721 tonse
222 3680 279 3720 non
304 3664 476 3720 oblaturum
500 3670 648 3733 causatur,
674 3665 745 3719 dum
770 3664 871 3720 eadem
887 3680 932 3720 re·
986 3665 1104 3722 sititias.

107 3753 209 3809 scribit
225 3753 254 3809 S.
270 3753 412 3826 Cypriane
437 3769 501 3825 que
526 3754 561 3808 ab
586 3754 641 3809 hec
663 3757 823 3826 acceperat.
840 3753 931 3809 Taceo
1023 3755 1069 3811 111.
1082 3757 1222 3810 Getarum
1235 3751 1285 3810 illa
1295 3754 1330 3810 de
1341 3751 1473 3810 conciliis
1483 3753 1647 3826 frequenter
1658 3753 1807 3811 celebran-

106 3844 137 3897 2ο
163 3842 198 3899 de
223 3859 329 3916 magne
354 3842 564 3917 prophetarum
591 3859 725 3899 numere.
752 3841 932 3898 sumtuosa
987 3844 1032 3900 dis
1047 3843 1189 3914 doctrina,
1211 3843 1271 3899 sive
1286 3841 1439 3917 originem,
1460 3843 1521 3900 sive
1543 3843 1632 3900 finem
1656 3848 1807 3917 spectave-

107 3932 186 4005 qued
215 3930 539 4005 pseudo-Firmilianus,
566 3931 634 3989 licet
659 3949 676 3987 a
701 3930 832 3988 conciliis
855 3931 930 3988 Asiae
985 3935 1089 4005 rimus,
1106 3932 1154 3990 bie
1169 3932 1289 3989 omnine
1302 3931 1496 4004 impertinens
1519 3937 1591 4004 erat,
1609 3932 1681 3988 nihil
1697 3935 1806 3990 cendu-

107 4021 225 4093 adjutus
242 4021 337 4091 luerit,
353 4025 386 4076 ut
401 4038 430 4076 n.
446 4022 481 4076 20
508 4021 658 4091 asseritur,
684 4019 756 4077 nihil
782 4020 847 4077 novi
863 4019 931 4077 soli·
985 4023 1068 4080 cebet
1091 4022 1128 4078 ad
1153 4025 1262 4078 statum
1289 4021 1479 4094 questionis3
1504 4021 1541 4078 sd
1564 4022 1635 4094 quid
1660 4038 1728 4096 ergo
1750 4022 1806 4079 ille

105 4111 176 4166 dum
192 4110 221 4167 iu
238 4110 365 4167 laveram
382 4110 604 4183 anabaptissimi
621 4110 817 4183 superaddere
830 4113 931 4182 potue·
984 4111 1167 4186 evagationes
1182 4109 1312 4166 hominis
1327 4108 1464 4166 velociter
1478 4109 1644 4177 scribentis,
1660 4111 1719 4184 qui,
1733 4111 1805 4167 dum

105 4200 143 4255 rit
158 4200 234 4272 (47);
252 4217 308 4256 neu
324 4216 446 4273 possum
470 4205 567 4256 tamen
592 4217 650 4257 non
676 4198 816 4256 admirari
842 4200 870 4255 4·
882 4217 927 4257 ra·
983 4200 1080 4258 adhuc
1096 4199 1182 4256 aliam
1200 4216 1330 4271 causam,
1346 4215 1398 4255 cur
1419 4199 1544 4256 eoncilia
1568 4200 1693 4273 singuiis
1718 4200 1804 4258 annis

103 4289 224 4356 tionem,
241 4306 328 4360 quam
344 4288 522 4362 allegaverit,
539 4307 591 4346 cur
610 4290 712 4346 eadem
737 4290 927 4361 recensuerit,
983 4291 1043 4348 sint
1058 4290 1241 4359 celebranda,
1258 4289 1400 4363 Cypriane
1416 4288 1579 4362 perscribit,
1592 4288 1681 4346 simul
1698 4307 1802 4347 novam

103 4377 244 4434 nimirum
257 4395 263 4434 :
284 4401 294 4428 ι
307 4378 450 4443 Quoniam
462 4395 558 4435 sermo
569 4379 688 4435 divinus
699 4379 860 4436 humanam
873 4394 925 4435 na·
982 4381 1149 4455 opinionem
1165 4379 1317 4447 admiscet,
1332 4394 1457 4452 eamque
1470 4378 1659 4435 hereticum?
1676 4379 1720 4435 llit
1734 4399 1741 4436 z

102 4470 199 4523 turam
217 4467 448 4540 supergreditur,
466 4484 519 4524 nec
542 4471 638 4541 potest
661 4472 755 4525 tetum
782 4471 809 4524 el
831 4469 927 4541 perle-
1016 4472 1060 4526 32.
1081 4468 1248 4541 «Utlupsis
1262 4484 1376 4542 quoque
1389 4467 1528 4524 iratribus
1541 4467 1801 4540 etpostlavacrum

102 4562 182 4612 ctum
198 4558 297 4613 anima
312 4556 474 4630 concipere.
490 4575 504 4608 a
522 4557 578 4613 Sed
599 4558 631 4612 5⁰
646 4557 772 4613 maxime
788 4561 926 4628 suspecta
980 4559 1108 4616 salutaro
1123 4577 1141 4615 a
1154 4558 1269 4615 diabolo
1284 4557 1443 4614 vulneratis
1460 4574 1512 4630 per
1526 4556 1728 4630 paenitentiam
1744 4576 1802 4616 ure·

104 4645 175 4700 mihi
192 4648 236 4701 est
248 4644 297 4700 illa
312 4645 378 4701 laus
393 4646 520 4718 propria,
537 4663 596 4718 qua
611 4651 712 4702 auctor
726 4662 757 4702 ae
770 4645 868 4718 ipsum
882 4645 924 4702 in·
942 4663 964 4729 [y
980 4648 1044 4704 dela
1059 4652 1216 4720 quaeratur,
1234 4663 1291 4702 non
1303 4645 1412 4718 quasia
1424 4646 1508 4702 nobis
1519 4646 1724 4703 remissionem
1736 4664 1800 4721 peo-

103 4733 211 4800 sinuet,
228 4736 369 4804 tanquam
395 4733 495 4790 divina
520 4734 664 4807 sapientia
686 4732 841 4806 repletum,
857 4737 927 4789 tan·
980 4741 1112 4792 catorum
1128 4739 1355 4807 cousequantur,
1372 4734 1422 4790 sed
1448 4737 1480 4789 ut
1504 4751 1555 4807 per
1577 4752 1630 4792 nos
1645 4736 1680 4791 ad
1695 4736 1801 4793 inlelli-

103 4837 192 4893 qnam
219 4822 391 4894 prophetam
420 4825 547 4880 seeundo
576 4824 753 4896 loquentem,
777 4838 865 4896 quem
894 4822 923 4877 S.
980 4823 1296 4898 gentiumdelictornm
1320 4839 1442 4880 suorum
1466 4826 1801 4894 convertantur,etDee

101 4910 262 4983 Cyprianus
277 4928 345 4968 cum
360 4912 422 4968 suis
433 4912 578 4985 episcopis
589 4911 741 4981 Africanis,
753 4916 781 4969 el
791 4929 844 4969 nos
857 4927 924 4967 itum
980 4913 1095 4987 plenius
1115 4913 1282 4971 satisfacere
1297 4917 1448 4987 cogantur.
1465 4935 1479 4964 »

101 4998 160 5055 illis
198 4999 363 5058 auscultare
401 5002 572 5059 debeamus.
612 5003 819 5059 huseultemus
856 5016 924 5075 erge
1015 5003 1363 5076 Exeausisgravioribus
1383 5004 1508 5074 obquus
1528 5004 1638 5076 pseudo
1656 5004 1799 5061 Firmilia-

136 5176 192 5245 (47)
208 5175 359 5248 Praecipua
382 5183 556 5252 argumenta
577 5179 621 5236 vei
648 5197 682 5237 cx
705 5179 817 5237 ratione
831 5178 874 5235 vel
890 5197 925 5236 ex
977 5185 1005 5255 7,
1023 5183 1066 5252 lt,
1084 5184 1128 5251 13,
1146 5184 1189 5247 15,
1205 5183 1250 5255 23,
1266 5183 1313 5249 27,
1328 5186 1358 5238 et
1371 5190 1397 5238 et
1419 5183 1455 5238 ed
1478 5182 1606 5254 Magnum
1619 5183 1672 5237 76:
1691 5183 1803 5241 Nemini

99 5246 252 5320 Scriptura
266 5248 435 5322 desumpta,
450 5267 514 5322 que
529 5251 854 5324 pseudo-Firmiiienus
870 5268 923 5307 su·
976 5256 1193 5327 praescribentes,
1206 5255 1800 5327 quominusstatuetenusquisquepraepoai·

99 5320 302 5444 peraedidisso
317 5320 470 5403 gloriatur,
482 5325 581 5380 omnia
592 5324 739 5381 hahentur
749 5325 778 5380 in
791 5323 923 5397 epistolis
978 5331 1030 5383 tus.
1049 5325 1245 5382 Tertullianus
1259 5324 1448 5391 Mentanista,
1458 5325 1491 5381 iic
1501 5326 1606 5382 Corone
1616 5326 1718 5392 Militis,
1731 5343 1754 5382 c.
1768 5328 1798 5384 3:

113 5392 244 5463 typriano
259 5393 407 5465 ascriptis.
978 5399 1184 5454 Eucharistium
1202 5413 1256 5454 nea
1280 5397 1314 5452 de
1336 5398 1456 5453 alierum
1479 5414 1574 5464 meatu,
1598 5414 1681 5470 quem
1704 5404 1800 5525 praesi-

149 5464 193 5606 48(
209 5464 230 5518 1.
246 5464 311 5520 Cor.
328 5482 386 5520 xrv.
978 5471 1105 5525 dentium
1114 5471 1257 5524 sumimus.
1269 5469 1332 5525 Non
1340 5485 1464 5595 possum
1477 5469 1660 5526 subscribere
1670 5471 1706 5526 Se
1721 5471 1798 5544 luag-

124 5605 129 5615 ·
148 5535 183 5589 ltl
207 5534 258 5590 Ilia
274 5536 390 5608 phrasis
406 5539 549 5608 praepositi
563 5537 688 5593 occurrit
704 5540 732 5592 et
755 5536 785 5592 in
802 5538 923 5620 Cypria·
978 5543 1025 5614 gio
1040 5540 1192 5609 asserenti,
1208 5540 1227 5609 l,
1245 5558 1264 5608 1,
1280 5557 1305 5595 c.
1324 5542 1336 5595 1
1360 5581 1367 5605 ,
1382 5544 1396 5609 §
1411 5541 1436 5608 4,
1452 5541 1554 5597 titulos
1574 5543 1797 5626 prepositorum

101 5606 187 5679 nucis,
203 5612 304 5665 octava
320 5608 374 5665 sub
390 5607 475 5664 titulo
489 5608 557 5666 cleri
569 5608 693 5666 Romani
703 5609 738 5666 ud
747 5609 922 5682 cyprianum
977 5619 1007 5669 et
1020 5612 1238 5686 presidentium
1255 5612 1389 5685 proprios
1404 5612 1495 5670 luisse
1509 5613 1654 5688 episeopis
1664 5615 1694 5670 in
1704 5615 1797 5672 Scele-

100 5676 206 5752 inqua
221 5678 317 5737 clerus
333 5680 482 5737 Romanus
497 5680 557 5738 ait:
573 5681 627 5750 Qui
639 5680 764 5738 videmur
784 5685 924 5755 praepoutt
976 5685 1020 5743 sis
1035 5683 1192 5758 primitiva.

102 5765 170 5824 essa,
185 5754 214 5808 et
227 5753 281 5809 vici
294 5754 413 5827 glutieris
427 5753 562 5814 cristedirc
575 5768 692 5828 gregem.
708 5754 778 5811 item
793 5754 823 5813 in
835 5756 921 5830 epist.
1012 5757 1067 5831 (50)
1083 5759 1115 5815 ln
1130 5755 1308 5815 bibliotheca
1323 5772 1405 5829 uera,
1421 5756 1508 5814 verbo
1522 5756 1688 5832 Cyprianus.
