3892 6104
133 267 187 330 50)
860 267 1131 328 DlSSIlli'l‘ATltl.
1781 277 1841 336 502

130 400 219 458 illium
234 397 417 472 epulandum
432 398 459 454 ei
475 397 622 471 apposuit,
634 415 699 471 que
711 398 828 472 quidem
845 397 953 454 stalera
968 400 995 465 Α
1009 397 1105 471 ipsam
1132 399 1337 469 submonente,
1360 404 1389 456 et
1412 402 1615 460 contradicens
1639 403 1740 476 impiis
1757 421 1764 460 ε
1782 405 1836 470 Qui

131 484 630 556 nesolvideret,suumidcircirco
653 502 773 544 cursum
790 489 953 542 retrocon-
1010 487 1072 542 tleri
1099 492 1208 558 posset,
1231 488 1391 560 inquiebat,
1422 495 1455 544 ut
1487 490 1615 548 inientes
1639 493 1835 550 comederent.

133 574 249 634 veniisse
273 573 456 631 fabulantur.
482 574 590 631 Tereus
619 590 696 642 vero,
721 574 868 630 Thracum
893 591 954 644 rex,
1010 576 1837 653 quibusneeanguinemquidemanimuntiumdegustare

135 665 459 737 Philomelaml'rognes
470 663 636 720 uxorissute
647 668 952 736 sororem,postquem
1009 662 1078 720 licet
1092 665 1207 735 (Euseb.
1225 663 1276 720 lib.
1292 683 1310 722 v
1325 667 1396 722 licet.
1413 669 1492 740 ilict,
1512 686 1576 741 cap.
1594 671 1619 738 l,
1637 687 1702 743 pag.
1720 669 1804 739 1511))
1820 692 1835 721 a

136 759 357 828 constuprasset,
373 752 505 825 linguam
526 752 551 809 ei
567 752 708 825 precidit,
725 752 968 825 arctissimeque·
1046 752 1120 819 Quid
1146 753 1200 809 hoc
1225 754 1339 809 lemine
1371 756 1538 814 testimonio
1561 759 1597 813 ad
1629 759 1835 816 revincendam

139 842 263 902 custodie
284 841 418 899 inclusit.
434 842 489 898 Sed
511 841 580 898 inde
608 858 625 898 a
648 845 762 914 Progne
776 842 883 897 educta
907 847 953 898 est
1009 841 1193 899 ethnicorum
1216 842 1396 899 calumniam
1419 845 1536 901 validus
1559 851 1588 902 et
1602 847 1774 904 efficacius?
1789 848 1834 905 Bi·

139 938 296 1004 acutraqus
312 933 396 1004 Itym,
413 930 577 987 adulterino
592 930 750 987 concubitu
766 935 951 1004 prognatum,
1009 930 1120 988 bliades
1134 930 1301 988 Christiana
1316 932 1425 989 lemine
1436 933 1666 993 immanissimis
1682 936 1835 1009 suppliciis

139 1024 214 1081 Tereo
236 1020 317 1094 patri
341 1019 371 1075 in
397 1019 528 1076 convivio
554 1020 766 1076 comedendum
795 1019 954 1077 dedit‘l'ot
1007 1024 1118 1087 vexata,
1134 1020 1295 1092 impactum
1312 1021 1487 1079 Christianis
1510 1024 1622 1080 crimen
1637 1024 1747 1082 lalsum
1770 1043 1835 1083 csse

139 1110 248 1168 cimina
263 1112 370 1183 preter
383 1107 517 1166 Ovidium
533 1112 562 1164 et
575 1107 660 1177 alios,
676 1107 820 1166 Martialis
833 1108 951 1166 dnobus
1008 1109 1146 1180 affirmat,
1162 1110 1212 1166 sed
1229 1110 1356 1166 summis
1371 1110 1522 1168 doloribus
1537 1113 1623 1182 vieta,
1650 1118 1739 1186 etque
1753 1120 1786 1170 nt
1799 1116 1836 1172 iis

140 1199 362 1257 carminibusita
375 1197 499 1255 cecinit:
1007 1197 1191 1266 liberaretur,
1210 1215 1312 1256 verum
1339 1215 1403 1256 esse
1426 1203 1485 1256 tam
1514 1200 1597 1270 ialso,
1632 1218 1722 1274 quem
1746 1203 1835 1261 invito

1008 1285 1124 1343 fetatur.
1136 1287 1180 1342 Ad
1193 1288 1339 1344 saniorem
1351 1287 1457 1345 deinde
1472 1294 1600 1348 mentem
1612 1291 1835 1365 reddit,palam·

204 1340 252 1392 llle
266 1341 354 1405 magia
367 1339 444 1399 ludit,
456 1339 502 1404 cui
516 1339 608 1391 scribit
620 1338 734 1404 prandia
749 1339 813 1390 sveri
1080 1376 1098 1431 d
1134 1375 1143 1431 l

234 1403 347 1464 Tmo„
362 1407 408 1454 m
422 1415 535 1462 effluam,
553 1402 619 1452 md,
636 1401 760 1466 Thymo,
773 1404 857 1452 tum,
1008 1391 1065 1448 que
1100 1391 1133 1433 eo
1146 1380 1210 1433 erat
1233 1393 1265 1434 sa
1279 1377 1307 1432 vi
1332 1382 1545 1435 tormentorum
1569 1384 1700 1437 coactam
1725 1379 1832 1437 falsum

139 1466 223 1532 (cdd,
238 1466 257 1517 l.
272 1479 301 1518 vv
316 1469 343 1517 et
355 1479 401 1516 xxv
414 1464 582 1516 Hetamcrrt.
598 1479 604 1515 :
621 1464 744 1526 stautai,
760 1465 778 1514 t.
794 1465 886 1529 Κρίῳ.
901 1463 952 1528 11.)
1008 1464 1116 1521 dixisse
1132 1479 1140 1532 ;
1156 1481 1190 1521 ec
1204 1466 1323 1523 tandem
1340 1466 1498 1524 ditioribus
1522 1469 1677 1525 tormentis
1701 1468 1833 1525 excarni-

136 1592 212 1649 ΜΘ,
232 1590 327 1665 igitur
350 1605 440 1662 quam
466 1588 570 1646 mento
591 1589 659 1661 jure
685 1587 833 1645 Minucius
856 1593 955 1646 noster
1007 1553 1103 1622 licata,
1120 1553 1151 1609 in
1179 1553 1234 1610 heo
1255 1554 1428 1612 ultimailla
1451 1556 1634 1613 consessione
1658 1562 1833 1629 perseverat,

134 1681 232 1755 eliique
252 1678 457 1752 antiquissimi
481 1677 614 1735 Ecclesia
642 1677 938 1735 Patresassevernreu

136 1769 310 1830 Christianos
326 1769 364 1825 eb
376 1767 479 1826 etnicis
494 1766 645 1825 homicidii
663 1765 737 1824 falso
749 1766 856 1823 falsius
868 1783 954 1823 acco·
969 1770 993 1836 Β

133 1859 196 1929 ιη’)
212 1858 327 1934 quippe
342 1857 393 1932 qui
403 1856 477 1914 illud
492 1857 564 1914 adeo
575 1855 824 1928 abhorrebant,ut
835 1855 909 1912 illud
920 1872 956 1913 ue

135 1944 956 2024 quideminpublicisspectaculisrepresentatumvidere

136 2036 270 2095 111487
288 2036 391 2093 audire
406 2050 537 2107 unquam
550 2033 664 2090 vellent.
688 2033 747 2091 Neo
764 2033 864 2090 minus
879 2034 956 2092 clare
1010 2014 1077 2072 Μ·
1094 2000 1182 2057 48οά
1197 1999 1291 2074 mil·

134 2125 274 2200 conspicis
288 2124 357 2182 illos
372 2139 510 2182 comesse
526 2123 663 2180 humane
687 2123 784 2179 carnis
805 2127 865 2179 tam
882 2122 955 2180 lelso
1250 2115 1326 2173 488
1341 2114 1544 2173 sustentus
1559 2117 1594 2173 Il.

136 2232 215 2290 qoam
232 2232 302 2272 sere
316 2215 463 2288 quosdam
479 2213 612 2270 ethnicos
638 2212 816 2269 insimulari.
842 2211 956 2285 siquis
1010 2203 1173 2290 ostenditur
1187 2221 1271 2278 quum
1284 2214 1355 2262 certo
1385 2207 1531 2290 uiuentes
1556 2205 1676 2263 ethnicos
1690 2207 1839 2265 tomim'dii

137 2310 225 2363 autem
248 2304 324 2365 alios
348 2303 487 2361 similiter
514 2308 754 2376 argumentantes
778 2302 835 2359 sibi
860 2303 956 2360 adbuo
1046 2285 1203 2347 ‘mm’
1227 2282 1320 2348 mim
1346 2294 1392 2350 ⁹¹⁴²
1415 2277 1486 2348 fi¹5⁰⁸
1504 2293 1597 2334 ’Μ’
1615 2281 1695 2333 ”⁰²⁰³
1719 2294 1838 2350 ‘xlm‘

138 2395 253 2470 proierri
266 2394 346 2463 velit,
362 2392 576 2451 Tertullianum
592 2392 751 2448 citabimus
766 2391 817 2448 lib.
833 2391 865 2448 de
880 2391 957 2466 Spec·
1044 2353 1120 2419 'em’
1136 2356 1188 2405 W
1206 2349 1303 2405 “bom
1325 2359 1465 2432 'wem'
1491 2355 1576 2421 “W
1596 2351 1682 2406 etiam
1696 2348 1839 2436 casmwi'

1046 2436 1143 2477 neoser
1172 2422 1292 2476 Saturno
1321 2421 1443 2490 fitiorum
1469 2436 1583 2476 suorum
1612 2429 1744 2489 voratore,
1773 2438 1837 2480 euos

139 2485 242 2555 W&
254 2501 319 2557 0111)·
350 2484 384 2539 19
408 2486 437 2539 ei
464 2483 524 2550 2⁰3
554 2481 742 2554 cyprianum·
771 2480 893 2552 Elimia
920 2480 956 2537 Μ
1046 2492 1238 2558 immolarent,
1249 2500 1362 2563 tumque
1377 2493 1491 2548 itteram
1506 2494 1639 2563 yemalem
1654 2491 1797 2550 blanditiis
1810 2502 1837 2550 et

140 2570 592 2644 maer.,cap.15;nantantium
612 2568 719 2639 lib.v1,
744 2584 809 2642 cap.
824 2570 870 2641 20,
887 2585 954 2643 pag.
1048 2564 1149 2620 crectis
1187 2564 1368 2635 comprimere
1402 2566 1579 2632 concreatur,
1622 2579 1654 2620 ae
1688 2581 1772 2636 quom
1802 2566 1836 2622 ot

139 2663 192 2733 tls,
208 2667 238 2718 et
252 2661 283 2718 in
299 2661 423 2734 Epitome
437 2675 502 2732 cap.
517 2659 545 2720 6.
562 2674 628 2732 pag.
643 2657 708 2714 713.
1044 2651 1169 2693 mmm·

166 2751 265 2824 licque
280 2766 370 2823 porro
386 2749 584 2814 hortantum,
604 2748 656 2803 sed
683 2745 740 2804 alio
765 2746 853 2804 etism
868 2763 954 2820 argu·
1044 2750 1130 2807 Nulla
1144 2750 1239 2822 medor
1253 2748 1714 2822 edepravatissimishominibus
1725 2748 1834 2808 calum·

141 2844 228 2897 mento
244 2835 684 2896 Minuciusillemcalumniem
710 2833 825 2892 refellit.
844 2857 859 2887 (ι
875 2837 955 2892 Tan·
1008 2838 1058 2895 nia
1072 2838 1229 2912 excogitari
1251 2841 1355 2911 potest,
1381 2853 1470 2910 quam
1495 2854 1561 2895 oum
1586 2837 1830 2911 gravissimorum

141 2932 206 2996 tom,
229 2927 340 3001 inquit,
364 2926 400 2983 ab
422 2925 553 2983 humano
576 2925 721 2997 sanguine
745 2941 895 2992 cavemus,
921 2928 955 2982 ut
1008 2928 1151 2986 scelerum
1167 2943 1292 3000 quorum
1309 2925 1426 2999 ipsimet
1450 2926 1491 2982 rei
1518 2931 1598 2999 sunt,
1623 2926 1697 2983 elios
1712 2927 1832 2986 omniuo

141 3033 185 3075 nec
197 3017 329 3075 edulium
345 3032 484 3089 pecorum
504 3014 534 3070 in
550 3014 623 3071 cibis
648 3013 823 3087 sanguinem
840 3013 953 3070 noveri·
1008 3017 1140 3074 insontes
1155 3014 1340 3072 insimulant.
1355 3015 1442 3072 Tales
1456 3018 1554 3072 autem
1569 3013 1715 3074 Minucius
1727 3016 1834 3088 probat

142 3122 207 3164 nna.
224 3105 356 3163 «Acrius
369 3121 437 3161 vero
450 3109 478 3160 et
492 3102 694 3160 vehementius
709 3100 907 3159 'l'ertnllianus
922 3101 952 3158 in
1012 3103 1104 3162 inisse
1128 3104 1271 3164 ethnicos.
1299 3103 1399 3161 Palam
1428 3104 1507 3160 onim
1536 3120 1603 3161 vero
1632 3102 1834 3162 omnibusille

143 3195 246 3252 eosdem
272 3194 405 3252 ethnicos
439 3193 514 3249 banc
547 3191 833 3267 argumentationem
859 3195 953 3265 urget.
1012 3193 1081 3251 iecit
1104 3193 1311 3266 homicidium,
1335 3195 1421 3266 cujus
1444 3191 1612 3263 falsissime,
1629 3193 1673 3249 uti
1690 3193 1835 3266 superiori

145 3285 336 3357 bignaeutem
352 3283 576 3356 prolectosuut,
593 3298 658 3354 ques
680 3281 727 3338 bio
752 3281 958 3338 describantur
1011 3282 1133 3342 articulo
1162 3283 1273 3339 dictum
1299 3287 1354 3350 est,
1383 3281 1565 3340 Christianos
1593 3282 1767 3355 arguebant,
1796 3283 1832 3339 ab

145 3370 212 3430 illios
225 3373 315 3430 verba
330 3389 338 3429 ε
355 3395 369 3423 a
386 3372 545 3428 Erubescat
558 3387 640 3427 error
660 3374 755 3427 vester
770 3370 955 3440 Christianis,
1010 3371 1084 3446 ipsis
1106 3388 1215 3441 revera,
1242 3388 1296 3428 uec
1319 3370 1420 3442 semel,
1446 3388 1498 3428 nec
1523 3388 1581 3428 uno
1596 3375 1712 3427 tantum
1737 3372 1836 3440 modo,

148 3461 186 3533 qni
207 3479 242 3519 ne
267 3460 442 3519 animalium
464 3461 583 3533 quidem
608 3460 783 3532 sanguinem
805 3460 835 3515 in
861 3459 956 3532 epulis
1011 3461 1062 3520 sed
1076 3476 1152 3534 sepe
1167 3460 1276 3534 saepius
1302 3460 1449 3533 variisque
1472 3460 1567 3517 modis
1583 3460 1736 3517 committi.
1757 3459 1831 3517 Nam

149 3549 291 3608 esulsntis
303 3550 466 3618 babemus;
484 3550 533 3622 qui
559 3552 713 3623 propterea
733 3564 850 3621 quoque
864 3548 956 3604 suile·
1010 3555 1113 3624 prater
1131 3548 1190 3618 illa,
1208 3565 1271 3622 qum
1282 3549 1312 3606 in
1328 3549 1471 3622 superiori
1482 3548 1604 3607 articulo
1619 3564 1654 3605 ex
1668 3548 1834 3622 'theophilo

150 3639 206 3696 tetis
219 3646 248 3697 et
270 3639 435 3696 morticinis
459 3639 654 3708 abstinemus,
670 3653 706 3694 ne
731 3654 789 3710 quo
813 3637 957 3710 sauguine
1007 3638 1192 3696 Antiocheno
1208 3637 1375 3710 retulimus,
1392 3638 1539 3696 Minucius
1554 3642 1653 3695 noster
1668 3636 1775 3711 duplex
1789 3637 1832 3695 eis

942 1681 954 1734 t
1008 1644 1037 1699 et
1062 1643 1196 1700 moritur.
1227 1643 1298 1708 Quis
1327 1659 1395 1717 ergo
1417 1661 1495 1701 sane
1524 1646 1632 1702 mentis
1660 1646 1833 1703 homohuio

1007 1731 1177 1789 testimonio
1203 1733 1291 1790 tidem
1310 1733 1491 1806 abrogabit?
1506 1734 1546 1791 De
1564 1734 1718 1791 interdicto
1733 1742 1833 1791 eutem

1010 1821 1184 1878 Christianis
1195 1821 1368 1879 animalium
1378 1822 1521 1895 sanguine
1532 1822 1601 1880 alibi
1616 1823 1834 1896 disputavimus

1010 1912 1094 1981 (tom.
1111 1910 1122 1966 l
1137 1913 1239 1984 Appor.
1255 1909 1307 1967 lib.
1333 1927 1376 1978 ιιι,
1392 1911 1508 1968 dissert.
1537 1916 1560 1983 1,
1585 1928 1649 1985 cap.
1676 1914 1704 1979 3,
1734 1915 1790 1969 art.
1805 1911 1834 1980 5,

150 3729 377 3796 colaminemur,
390 3727 435 3784 vel
451 3727 528 3783 inira
543 3728 656 3784 viscera
681 3726 807 3800 sepulto.
830 3725 957 3798 Denique
1010 3725 1325 3800 exprobratbomioidii
1335 3727 1572 3801 genus,llliorum
1583 3743 1684 3784 recens
1696 3731 1832 3783 natorum

149 3809 207 3875 inter
238 3821 423 3875 tentamenta
458 3816 691 3874 Christianorum
722 3814 837 3871 botulos
866 3813 955 3871 etiam
1009 3815 1232 3889 expositionem,
1246 3819 1275 3873 et
1299 3820 1457 3888 antequam
1483 3819 1669 3874 nascereuter
1683 3816 1829 3884 abortum,

144 3914 232 3965 cuore
247 3907 394 3963 distentos
410 3905 572 3963 admovetis
588 3903 747 3962 certissimi
770 3902 882 3962 scilicet
895 3901 956 3958 illi·
1009 3903 1139 3975 «Video,
1156 3904 1262 3977 inquit,
1289 3921 1340 3962 vos
1368 3910 1534 3978 procreatos
1563 3904 1639 3962 illios
1663 3921 1742 3960 nunc
1762 3904 1830 3961 seris

138 3989 220 4053 uum
246 4011 314 4052 esse
337 4011 427 4068 penes
450 3993 526 4062 illos,
549 4010 602 4067 per
623 3993 701 4066 quod
727 3991 890 4049 exorbitare
904 4008 955 4049 vos
1010 3998 1039 4051 st
1059 3991 1161 4050 avibus
1189 4009 1342 4066 exponere,
1367 4010 1446 4050 nnnc
1481 3992 1696 4066 estrangulatos
1725 3991 1831 4048 misero

133 4083 227 4142 vetus.
244 4087 335 4140 Porro
348 4082 433 4155 quale
447 4085 501 4151 cst,
517 4087 638 4154 utqoos
654 4082 827 4154 sanguinem
841 4079 954 4153 pecoris
1010 4082 1114 4140 mortis
1133 4098 1238 4156 genere
1263 4083 1380 4140 elidere.
1406 4083 1481 4139 Sunt
1503 4097 1568 4156 quoe
1591 4080 1622 4136 in
1644 4078 1717 4152 ipsis
1740 4079 1832 4135 visce-

123 4154 247 4231 ffiorrare
261 4171 421 4238 confiditis,
435 4171 567 4228 humano
583 4168 955 4243 iuhiarecredatisll'ler·
1010 4171 1109 4244 ribus,
1146 4171 1394 4229 medicaminibus
1426 4171 1530 4245 epotis,
1564 4168 1707 4243 originem
1739 4168 1831 4224 futuri

120 4248 184 4317 ¹ul.
199 4261 314 4332 Apolep.
330 4276 394 4333 cap.
408 4261 436 4329 9,
453 4275 519 4333 pag.
534 4259 592 4333 10.)
1009 4258 1139 4318 hominis
1154 4260 1343 4333 exstinguant
1357 4264 1386 4318 et
1409 4258 1599 4334 parricidium
1615 4255 1731 4326 iaciant,
1749 4260 1832 4314 ante·

166 4348 229 4408 lion
243 4346 300 4406 soli
316 4353 414 4404 autem
429 4347 494 4417 viri,
508 4348 559 4405 sed
575 4352 603 4405 et
618 4346 757 4404 mulieres
781 4347 835 4404 bac
859 4346 956 4403 valida
1010 4366 1098 4422 quem
1115 4349 1238 4423 parient.
1256 4370 1270 4400 >a

119 4436 243 4494 huone
265 4436 567 4494 Christianosllctitio
591 4436 677 4510 plane
701 4436 822 4492 crimine
844 4451 955 4510 purge·
1045 4438 1152 4495 Eodem
1170 4454 1286 4510 quoque
1311 4438 1396 4494 modo
1425 4439 1512 4492 antea
1539 4434 1831 4508 Athenagoras,0ua

122 4514 217 4583 bant.
230 4524 337 4583 liarrat
350 4525 497 4598 siquidem
519 4524 662 4582 Eusebius
685 4522 856 4596 Bibliadom,
872 4523 956 4581 Chri·
972 4508 995 4573 Ῑ)
1011 4528 1134 4597 ratione,
1149 4527 1255 4599 inquit,
1270 4526 1404 4583 homines
1417 4524 1623 4598 jugulabimus
1636 4524 1650 4580 l
1664 4524 1700 4580 Οἳ
1712 4521 1761 4585 τὰς
1773 4526 1832 4586 τοῖς

124 4614 424 4684 ἱῑωωῐοωὶοοω,
443 4614 601 4672 dirissimis
616 4613 769 4688 suppliciis
784 4618 952 4686 superatam
1006 4610 1224 4692 epsicopum<
1248 4613 1395 4691 χρωμένας
1423 4610 1598 4690 &obstupescis
1627 4633 1657 4668 τε
1684 4611 1728 4667 καὶ
1746 4610 1830 4688 λόγον

119 4704 228 4774 {trimo
242 4703 363 4777 quidem
386 4704 517 4775 ejurasse
539 4702 626 4759 iidem
656 4701 775 4770 Christi,
801 4700 953 4774 multaque
1007 4702 1110 4783 ὑφέξοιι
1139 4704 1190 4774 τῆς
1216 4696 1414 4775 ἐξαμὸλώσεως
1447 4707 1488 4775 τῷ
1515 4706 1575 4775 θεῷ
1602 4722 1701 4780 φαμεν.
1734 4722 1746 4751 e
1776 4703 1831 4768 Qui

120 4790 170 4850 sss
182 4792 356 4850 Christianis
371 4796 431 4849 tem
447 4793 539 4865 impie
553 4807 642 4864 quam
657 4791 730 4848 falsa
745 4806 843 4847 coram
857 4794 954 4863 tyran·
1007 4794 1146 4852 mulieres
1161 4793 1383 4851 medicamentis
1398 4793 1536 4852 abortivis
1548 4797 1664 4851 utentes
1679 4792 1829 4849 homicidii

122 4890 171 4939 vso
187 4882 306 4939 dixisse.
323 4881 357 4937 'ss
372 4876 401 4936 ii
425 4877 452 4934 tv
478 4883 513 4954 τῇ
539 4873 704 4956 sepedictus
716 4877 842 4953 ἂνὲνηψε,
854 4877 899 4933 καὶ
914 4879 953 4939 ὼς
1006 4901 1082 4956 reas,
1097 4883 1281 4941 strationem
1297 4887 1355 4940 Deo
1370 4883 1686 4941 redditurasdioimus.
1703 4904 1718 4933 ι
1734 4881 1828 4954 (Athe-

126 4960 320 5043 helmiges
337 4969 434 5046 βαθέος
463 4966 549 5024 ὕπνου
571 4967 801 5045 ἀνεγρηγόρησον,
826 4967 951 5041 taupen-
1007 4989 1087 5046 nug„
1109 4974 1212 5046 Lepet„
1235 4969 1285 5046 pr'o
1313 4973 1474 5042 christiam,
1497 4990 1525 5046 p.
1541 4973 1599 5046 37.)
1623 4977 1724 5029 Nonne
1747 4969 1826 5025 enim

102 5094 116 5114 ι
134 5058 220 5114 virise
251 5055 298 5114 διὰ
323 5064 375 5128 τῆς
408 5057 574 5135 προσκαίρου
601 5057 737 5131 τιμωρίας
764 5058 814 5127 τὴν
841 5055 951 5112 aldrici
1006 5062 1150 5135 ejusdem,
1181 5062 1276 5135 pergit
1304 5061 1363 5129 ille,
1393 5062 1513 5119 sceleris
1540 5061 1676 5118 conscius
1705 5056 1827 5129 estqui

139 5163 165 5220 vr
200 5147 292 5224 mima
322 5146 448 5220 κόλασιν,
480 5147 525 5202 καὶ
558 5146 583 5221 ἐξ
612 5146 731 5210 ἐναντίας
758 5147 866 5202 ἀντεῖπε
892 5151 953 5208 τοῖς
1006 5153 1107 5208 foetum
1122 5151 1152 5207 in
1169 5152 1368 5208 matrisutero
1393 5149 1562 5222 exstinguit,
1587 5153 1638 5204 aut
1662 5162 1763 5202 recens
1779 5163 1828 5203 na·

144 5232 442 5316 ilsvpiioseplecre·
473 5233 689 5300 Πῶςᾶνπαιδία
711 5235 861 5314 pepererat
894 5256 953 5291 τοι·
1006 5244 1069 5299 tum
1093 5240 1180 5297 morti
1204 5243 1323 5313 exponit
1352 5239 1428 5296 baud
1454 5240 1579 5304 incerta,
1601 5240 1687 5307 atque
1711 5233 1827 5307 illequi

151 5326 217 5400 mei,
244 5326 286 5390 οἷς
307 5323 378 5401 μηδὲ
412 5322 522 5403 ἀλόγων
553 5327 629 5396 ζώων
659 5326 726 5399 αἷμα
755 5330 847 5404 φαγεῖν
877 5323 951 5395 iiim
1007 5329 1157 5386 bominem
1176 5324 1713 5402 aetatcprovectuminterficit‘llltqui
1730 5325 1828 5381 abbis

154 5416 271 5475 «iarum
284 5416 338 5474 ille
361 5418 496 5491 resipuit,
522 5417 640 5473 llusebii
664 5416 753 5472 verba
773 5420 854 5484 suut,
878 5415 954 5471 iuter
1008 5418 1192 5484 criminibus,
1209 5419 1250 5473 ait
1264 5418 1302 5473 ibi
1319 5416 1378 5482 ille,
1393 5418 1456 5471 tam
1476 5413 1672 5470 abhorrebant
1688 5413 1829 5470 Christia-

155 5506 291 5579 unciatus,
308 5523 342 5563 ac
367 5505 455 5563 veluti
476 5523 511 5563 ex
540 5505 597 5562 alto
626 5522 730 5562 somno
754 5505 878 5561 excitata
898 5508 953 5574 cst,
1009 5509 1147 5579 utquam
1172 5523 1249 5578 sepe
1277 5522 1310 5562 ao
1334 5506 1454 5578 impune
1475 5504 1511 5559 ab
1536 5502 1662 5561 ethnicis
1677 5509 1828 5577 perpetra·

156 5599 274 5664 muts
287 5592 435 5671 supplicio
449 5597 485 5655 de
497 5599 609 5655 eterne
623 5595 762 5669 gehenne
776 5593 954 5654 cruciatibus
1007 5598 1125 5657 bantur.
1154 5595 1210 5653 Sed
1240 5594 1397 5653 audiamus
1424 5591 1639 5652 Tertullianum
1663 5593 1714 5667 qui
1729 5593 1826 5668 palam
