3892 6104
119 248 196 313 liet
645 248 698 311 nu
719 246 1020 311 umunnldottutd
1039 245 1302 309 usmaitans.
1754 242 1836 309 lm

113 376 165 449 qui
196 392 255 433 non
281 383 352 434 sunt
367 378 397 435 in
412 377 543 437 Ecclesia
556 379 676 450 Christi,
706 380 784 437 inter
808 384 943 437 mortuos
957 382 1098 449 Anniam
1113 381 1136 419 ¹⁰
1150 383 1180 437 et
1192 378 1390 437 errabundam
1404 378 1444 451 (l)
1459 380 1490 436 in
1514 378 1590 436 ovile
1615 394 1707 437 suam
1731 379 1836 451 pastor

114 467 290 537 computari,
305 483 357 524 nec
373 484 458 540 posse
479 468 516 523 ab
531 486 564 525 eo
578 470 717 526 vivificari
738 469 863 526 alierum
891 470 941 541 qui
999 468 1128 543 recipiat.
1150 469 1181 525 Sl
1196 470 1296 525 autem
1312 468 1364 540 qui
1379 468 1415 523 ab
1432 466 1578 525 barraticis
1604 466 1695 535 uenit,
1731 468 1830 541 bapti·

114 554 359 625 ipsenonvival3
381 558 499 628 quando
523 555 787 623 unasitlioclssia,
809 556 943 631 qumvi·
996 562 1077 615 zatus
1092 558 1122 613 in
1136 557 1266 613 Ecclesia
1292 559 1376 629 prius
1400 573 1458 612 non
1486 556 1553 624 i'uit,
1583 557 1634 613 aed
1664 556 1830 613 alicnusin

113 646 150 699 ta
164 646 413 718 aetarnagraliam
429 653 597 717 consecuta,
613 647 727 703 atrivit
743 648 772 704 in
801 652 943 705 eternum
996 651 1135 705 totumet
1149 645 1393 719 protenusvenit,
1410 645 1605 717 baptizandus
1629 650 1686 718 est,
1717 646 1828 704 utonis

115 736 147 789 et
160 732 287 789 viviticat
302 734 352 790 liei
364 734 515 807 populum.
997 736 1057 806 ilat,
1073 736 1143 808 quis
1155 752 1214 793 una
1227 740 1273 793 est
1286 750 1364 808 aqua
1377 732 1409 791 in
1418 733 1548 791 Ecclesia
1557 738 1661 791 sancta
1675 750 1742 807 que
1758 751 1824 792 ovea

151 821 187 877 li.
203 822 239 877 iit
252 822 355 878 dicunt
382 840 413 880 se
428 824 458 879 iu
475 824 530 879 hoc
555 828 681 881 veterem
698 824 941 881 consuetudinem
997 825 1096 893 iaciat,
1111 828 1140 879 el
1153 823 1273 888 idcirco,
1288 821 1358 895 quis
1373 822 1447 879 nihil
1472 826 1646 895 potestesse
1675 838 1828 881 commune

115 910 210 980 sequi,
227 912 344 983 quando
364 912 441 984 apud
456 917 568 969 veteres
584 913 726 970 hereseos
741 919 770 969 et
799 914 943 970 schisma·
998 914 1150 970 mendacio
1174 918 1203 968 et
1226 912 1352 978 veritati,
1380 912 1512 968 tenebris
1540 915 1569 968 si
1594 910 1665 977 luci,
1694 912 1826 969 mortiet

115 998 630 1073 tumprimaadhuol'uerintinitia,
647 1003 724 1059 athi
742 1002 802 1059 illic
820 1004 943 1059 essent·
996 1002 1224 1072 immortalitati,
1240 999 1416 1058 antichristo
1430 1006 1460 1057 et
1487 999 1617 1068 Christo,
1647 1018 1700 1073 per
1729 1000 1824 1059 omnis

115 1088 167 1161 qui
197 1090 233 1145 de
267 1088 396 1145 Ecclesia
426 1091 609 1159 recedebant,
638 1096 667 1148 ot
704 1091 751 1148 hic
780 1092 943 1163 baptisati²
997 1088 1446 1149 debemusileclesiaeoatholiee
1469 1090 1612 1147 unitatem
1639 1095 1750 1159 tenere,
1776 1106 1822 1149 nac

115 1176 199 1249 prius
239 1176 374 1244 luerent;
400 1194 474 1250 quos
505 1183 575 1234 tuno
599 1185 697 1236 tamen
724 1179 760 1235 ed
786 1180 943 1237 Ecclesiam
997 1180 1027 1236 in
1042 1180 1217 1252 aliquoildei
1233 1185 1263 1235 et
1276 1178 1406 1235 veritatis
1422 1177 1557 1234 hostibus
1568 1178 1681 1234 cedere.
1695 1178 1760 1234 Non
1783 1186 1822 1237 eat

115 1268 707 1343 revertentes,etpoenitentiamagcntes,
735 1285 854 1326 necesse
885 1285 942 1327 non
997 1270 1146 1325 autemde
1172 1267 1388 1326 consuetudine
1412 1266 1663 1339 proscribendum
1692 1267 1746 1339 (5),
1776 1270 1819 1325 scd

115 1360 179 1413 erat
194 1356 348 1429 baptizare.
365 1357 446 1421 Quod
457 1374 509 1413 nos
519 1374 636 1430 quoque
645 1358 730 1416 hodie
740 1360 942 1429 observamus,
997 1358 1110 1414 ratione
1124 1357 1310 1413 vincendum.
1327 1356 1401 1411 Nam
1417 1356 1518 1412 1101
1537 1371 1589 1412 nec
1606 1358 1725 1423 Petrus,
1740 1373 1819 1425 ouem

115 1449 150 1501 ut
164 1460 240 1517 quos
254 1449 369 1503 constet
384 1445 432 1503 hic
448 1447 552 1503 11οθ
582 1448 742 1521 baptizatos
766 1465 842 1518 esse,
870 1454 899 1505 et
926 1465 943 1506 a
997 1447 1126 1521 primum
1141 1446 1283 1504 Dominus
1297 1444 1450 1517 elegitidl,
1465 1447 1495 1500 et
1517 1459 1607 1516 super
1631 1459 1723 1515 quem
1737 1444 1819 1501 ndid-

114 1534 609 1601 nobiearlhereticoslransisse,si
625 1539 944 1613 postmodumpeccato
997 1538 1073 1593 cavit
1100 1536 1258 1593 ilcclesiam
1272 1535 1422 1605 (ilsuam,
1439 1548 1505 1589 cum
1530 1548 1633 1589 seeum
1662 1532 1772 1589 Paulus
1789 1534 1819 1591 da

116 1636 170 1678 auo
186 1622 312 1695 cognito,
327 1628 356 1679 et
371 1639 468 1680 errore
483 1624 610 1697 digesto,
626 1625 662 1680 ad
678 1626 829 1683 veritatem
838 1632 867 1683 et
881 1643 942 1683 ma·
997 1625 1221 1682 circumcisione
1234 1622 1434 1696 {postmodum
1463 1622 1652 1693 disceptaret,
1667 1620 1819 1679 vindicavit

114 1710 217 1767 tricem
246 1710 356 1779 redeat,
384 1712 510 1769 satieeit
534 1714 564 1768 in
593 1714 796 1785 peonitentiam
821 1731 943 1771 manum
999 1715 1055 1771 sibi
1070 1714 1181 1786 aliquid
1197 1712 1369 1781 insolenter,
1384 1714 1437 1767 aut
1453 1716 1624 1781 arroganter
1653 1712 1818 1784 assumpsit,

117 1798 269 1872 imponere
284 1803 342 1869 ;ut,
357 1800 495 1873 quisovis
510 1802 636 1871 ⁹luerat,
648 1802 724 1859 hano
736 1820 818 1860 ovem
833 1802 944 1861 abelis·
1001 1808 1033 1859 ut
1046 1802 1156 1859 diceret
1170 1818 1201 1859 se
1216 1802 1377 1873 primatum
1393 1804 1491 1856 tenere
1504 1799 1552 1871 (8),
1570 1802 1600 1855 et
1627 1800 1818 1871 obtemperari

152 1995 398 2053 'Utillicessent
417 1997 489 2053 iam.
508 1996 574 2053 dod.
600 2000 628 2053 2.
665 1901 1220 2071 ·[11νίινιριίιῖῗὶηῗοέιῗῗὲῃῗθοά2.
1237 1996 1318 2051 iiior.
1370 1992 1554 2065 ’Ovisjam‘
1574 1994 1652 2052 dam
1670 1992 1739 2051 flod.
1757 1996 1819 2061 ist„

27 2122 30 2129 .
119 2068 143 2103 ¹⁰
157 2066 246 2125 Ovem
261 2066 404 2139 abjectam
419 2070 496 2125 Lam
516 2070 574 2127 ΝΟ.
591 2068 618 2135 l,
635 2070 701 2126 llari.
719 2072 744 2138 l,
755 2074 782 2127 2.
793 2070 965 2143 abigentem
983 2072 1040 2128 Ver.
1062 2068 1127 2125 Tira.

837 2168 1015 2230 ‘Veriorum
1037 2175 1132 2229 notas.

113 2261 200 2335 ipsis
225 2262 426 2319 sacerdotibus
454 2264 517 2318 suis
545 2280 578 2319 se
598 2263 730 2336 accipere
757 2264 939 2319 arbitrentur
992 2262 1333 2332 consuetudinemdicit,
1365 2279 1421 2320 non
1444 2263 1541 2321 solum
1571 2264 1630 2333 hic,
1653 2264 1707 2321 sed
1737 2265 1818 2321 etism

114 2334 938 2409 sanctificationemqusmputentzsedadiis,quiquo·
991 2338 1077 2409 epist.
1112 2352 1200 2391 carri:
1230 2338 1319 2407 Nepae
1346 2338 1423 2391 mim
1450 2336 1570 2393 hominis
1595 2336 1819 2393 consuetudinem

114 2404 795 2462 niamhominesluerunielitemorluiaunt.
826 2414 937 2463 linn-
991 2406 1258 2479 sepnicportei,serl
1281 2408 1331 2464 ilci
1357 2410 1509 2465 veritatem.
1539 2407 1574 2463 iit
1601 2408 1692 2479 epist.
1722 2424 1816 2465 miv:

114 2477 178 2533 Non
207 2477 359 2550 vulgatum
388 2478 508 2533 omnino
538 2479 734 2548 proverbium,
760 2479 810 2534 sed
826 2482 936 2535 textum
992 2476 1226 2535 Neccousnetnde
1241 2478 1715 2551 panapadqaosdamobrepserit
1737 2481 1816 2549 impe·

113 2548 280 2618 Scriptura,
297 2549 344 2605 hio
359 2548 510 2605 laudatum
526 2548 937 2623 constatervorbisCypriani
991 2549 1052 2605 dire
1080 2550 1155 2606 dedet
1177 2549 1316 2620 pacciano
1339 2551 1457 2609 ceritas.
1477 2550 1628 2621 praecinat
1666 2558 1694 2606 et
1723 2554 1816 2607 evincat.

114 2620 404 2692 dicentis,scriptum
426 2638 508 2676 esse:
524 2621 578 2690 Qni
590 2622 769 2693 baptizantur
787 2638 803 2677 a
818 2625 936 2691 mortno,
992 2625 1064 2679 Nam
1077 2620 1241 2677 consuetodo
1266 2623 1327 2677 siae
1355 2624 1470 2678 ueritate
1496 2629 1616 2678 uetustos
1644 2626 1750 2677 erroris
1775 2630 1817 2677 ιιι.

112 2697 170 2748 etc.
188 2692 259 2747 iluic
274 2694 447 2774 conjectura
464 2692 613 2747 llrmendae
642 2694 753 2748 accedit
772 2694 937 2750 observatio
993 2698 1047 2749 Pro
1055 2692 1267 2749 consuetudine
1282 2692 1355 2748 dixit
1365 2690 1639 2757 Tertullianus,lib.
1652 2693 1815 2749 dedomo:

111 2763 233 2835 toaepni
261 2763 397 2835 scaligeri
425 2764 525 2819 dicaci
540 2779 564 2818 c.
595 2780 634 2829 xi,
649 2766 677 2829 8,
691 2763 784 2819 solere
802 2766 938 2821 homines
992 2766 1080 2835 Quam
1096 2768 1121 2819 et
1135 2764 1262 2819 idoneam
1274 2771 1369 2820 testem
1383 2764 1490 2821 essaait
1524 2764 1633 2822 rodatae
1653 2763 1818 2831 traditionis,

114 2834 287 2891 notissimas
308 2834 471 2892 sententias
498 2835 667 2891 dimidiatas
696 2835 797 2891 citare.
826 2837 858 2891 ut
885 2853 937 2909 pro
990 2837 1242 2908 experseueraatia
1258 2835 1491 2891 altercationis!
1515 2850 1561 2891 em
1591 2836 1816 2893 adversuscon·

113 2905 444 2963 instantiaailertillud
461 2906 563 2962 Metth.
586 2922 633 2974 xv,
662 2909 697 2962 5:
727 2910 818 2978 Δῶρον
850 2905 894 2960 lla
925 2906 937 2977 ξ
990 2908 1178 2965 suetudinem
1195 2907 1386 2979 peroratiib.
1402 2906 1683 2979 dei'irpnelcade's:
1699 2908 1817 2975 veritati,

113 2975 184 3050 iperi
199 2974 358 3055 ὠφεληθῇς.
374 2978 476 3035 Simile
491 2978 560 3049 quid
576 2978 653 3050 apud
670 2978 792 3034 Suidam
803 2979 937 3036 videmus
991 2979 1098 3052 inquit,
1113 2994 1193 3034 nemo
1208 2978 1385 3048 prmecriiere
1400 2982 1496 3048 potest.
1512 2978 1570 3034 Noa
1598 2988 1663 3051 spat
1673 2982 1732 3034 inm
1758 2984 1817 3035 tem·

113 3049 144 3105 in
162 3064 216 3104 usu
233 3050 399 3122 proverbii:
415 3048 468 3103 ἀπὸ
484 3045 699 3121 καταδυομένης,
719 3051 801 3115 Quod
827 3067 936 3120 revera,
990 3068 1099 3122 perans,
1114 3066 1170 3105 coa
1184 3051 1340 3119 patrocinio
1353 3064 1546 3121 perscanrnm.
1563 3065 1623 3104 aon
1640 3052 1817 3123 prinilepinm

111 3122 137 3178 si
161 3125 257 3176 totum
284 3122 431 3189 eileratur,
461 3122 526 3188 erit,
556 3120 608 3174 dai
636 3120 703 3180 νεὼς
733 3117 936 3193 razzi-sopiens
991 3120 1346 3193 reqionumilaiiseaim
1365 3128 1424 3193 pere
1450 3120 1621 3176 consaetnric
1656 3123 1771 3177 initiam
1788 3120 1816 3176 ai

112 3190 128 3247 d
153 3212 181 3245 τι
208 3188 239 3245 ἄν
279 3186 375 3266 λάδος,
405 3188 511 3267 κέρδος.
541 3192 671 3264 liccepie
701 3191 769 3248 huic
798 3191 938 3265 loquendi
989 3195 1262 3265 aliqnaipnoraatio
1292 3193 1332 3249 nel
1346 3194 1522 3263 simplicitate
1549 3194 1711 3261 sortiente
1741 3208 1811 3249 nsum

116 3262 249 3319 formula
264 3262 389 3319 sortasse
405 3270 435 3318 i).
452 3264 561 3320 Paulus
571 3264 661 3319 rideri
675 3268 773 3335 posset
793 3264 938 3333 allusisse,
989 3282 1042 3337 per
1054 3265 1251 3321 successionem
1274 3265 1475 3325 corroborotnr,
1491 3273 1518 3319 et
1539 3264 1581 3319 ita
1608 3263 1742 3321 aduersas
1754 3266 1816 3319 rari·

115 3338 207 3391 lCor.
229 3350 275 3404 xv,
299 3336 351 3389 29:
374 3332 405 3387 Ti
431 3335 592 3404 ποιήσουσιν
618 3334 644 3388 ot
663 3334 855 3409 βαπτιζόμενοι
872 3335 976 3423 diripe
995 3340 1079 3392 tatem
1105 3334 1272 3392 vindicatur.
1303 3336 1353 3393 Sed
1386 3336 1519 3391 Dominus
1569 3344 1664 3392 aester
1705 3334 1815 3391 ciram

113 3406 549 3549 {itttitiiriilttitl
567 3407 822 3541 ‘illiniti
847 3409 944 3535 lits
997 3408 1813 3551 iiiiiicicili.“illliissllitttltliii

115 3549 205 3607 dixit:
236 3546 365 3617 Ἐποίησε
412 3544 485 3601 ἄλλα
522 3546 599 3603 aalma
627 3545 754 3603 ταλάντκ.
782 3550 889 3605 Mortui
919 3550 944 3606 si
1002 3554 1044 3607 Au
1069 3550 1288 3607 ustinum.ilio.

115 3620 231 3693 possint
250 3618 390 3693 polluere,
407 3620 511 3676 saltem
528 3620 564 3676 ali
588 3620 637 3676 uid
665 3626 797 3690 possunt.
827 3622 860 3677 lit
889 3620 943 3677 vivi
1033 3566 1271 3693 (gll’etrnspaem
1294 3623 1417 3691 primum
1437 3619 1572 3675 Dominae
1602 3621 1696 3691 clepit.
1726 3618 1811 3677 Petrus

116 3690 167 3763 qui
182 3691 219 3747 ab
235 3690 350 3764 impuro
375 3698 507 3747 contactu
523 3707 554 3746 se
567 3636 749 3750 tlustrandas
775 3697 944 3763 procurant,
998 3690 1195 3767 aprmdalrpcr
1222 3697 1343 3747 vocatus
1367 3689 1517 3747 antealioa
1537 3705 1654 3756 omnes,
1667 3692 1810 3756 Mattheus,

115 3767 280 3837 agnoscunt
304 3779 403 3833 prenae
427 3778 545 3818 manere
568 3762 741 3835 inexpletos,
766 3768 795 3820 et-
824 3765 945 3834 proinde
999 3781 1077 3819 aa:
1106 3766 1163 3817 Τῶν
1191 3760 1220 3817 di
1246 3758 1351 3817 latiora
1377 3757 1538 3817 ἀποστόλων
1566 3759 1601 3815 τὰ
1629 3758 1809 3835 ὀνόμπάέπι

116 3835 246 3891 animam
263 3850 327 3889 assa
343 3836 481 3907 postlata
503 3836 702 3904 superstitem.
721 3836 762 3889 nd
779 3836 943 3891 diversissi·
997 3838 1091 3889 ταῦτα·
1121 3838 1231 3910 πρῶτος
1262 3830 1357 3905 Σίμων
1387 3833 1402 3887 ὁ
1431 3830 1580 3908 λεγόμενος
1611 3834 1725 3907 Πέτρος.
1740 3834 1808 3889 Prin·

116 3923 181 3963 mos
197 3922 302 3962 sensns
316 3906 418 3962 eadem
435 3905 628 3978 proverbialis
645 3908 724 3962 dicte
739 3906 871 3963 adhiberi
895 3924 941 3965 res
998 3924 1067 3979 ceps
1083 3905 1160 3962 haud
1178 3906 1267 3964 dubie
1288 3904 1414 4031 collegii,
1430 3902 1528 3977 inquit
1536 3904 1667 3972 Grotius,
1683 3904 1808 3963 aChrlato

117 3976 274 4035 notissima
288 3983 342 4033 est.
360 3978 441 4033 Fsan.
999 3978 1171 4051 designatus
1187 3978 1222 4033 ad
1251 3976 1364 4033 retinen
1388 3992 1436 4033 am
1459 3992 1510 4031 cor
1530 3975 1591 4033 oris
1622 3992 1808 4051 compagem...

151 4048 190 4121 (l)
206 4050 287 4105 Onam
309 4048 504 4105 abalienatam
517 4052 542 4104 ei
570 4048 765 4104 errabundam.
791 4048 854 4103 Noa
880 4048 944 4119 J'am
999 4050 1059 4106 Hoc
1074 4048 1212 4122 preclare
1227 4048 1390 4122 Cyprianus
1416 3993 1548 4105 ostensfit
1569 4046 1647 4103 libro
1668 4048 1702 4107 de
1723 4050 1809 4105 unitate

115 4121 152 4176 de
166 4120 285 4185 Christi,
301 4121 351 4176 sed
373 4120 472 4175 Novati
488 4136 585 4193 grege.
603 4119 681 4175 Licet
697 4120 791 4175 verior
813 4121 946 4176 videatur
998 4122 1187 4179 centesiman
1205 4119 1257 4176 illa
1271 4120 1358 4176 verba
1372 4119 1484 4175 Christi
1501 4136 1509 4175 :
1525 4118 1586 4175 iter·
1612 4118 1682 4177 daia
1701 4120 1808 4177 elcan.»

113 4191 201 4249 lectio
215 4208 279 4264 que
304 4192 392 4247 habet
405 4192 569 4261 clipeatam.
584 4190 693 4245 Clossae
706 4196 828 4260 veteres,
848 4192 945 4263 adipa-
998 4192 1089 4264 Super
1102 4209 1200 4261 annm,
1216 4192 1323 4263 inquil,
1346 4190 1468 4260 mitificat
1497 4190 1663 4262 Ecclesiam,
1689 4194 1714 4247 et
1732 4206 1806 4265 qnan-

115 4263 301 4334 rcr,otarror‚
325 4262 450 4333 adipem,
481 4258 629 4331 ἀπελάτηι.
652 4262 687 4317 iit
705 4263 784 4333 juris
809 4269 944 4319 auctores
998 4265 1039 4319 nis
1065 4264 1194 4335 apostolis
1230 4262 1368 4333 omnibns,
1398 4264 1458 4334 post
1485 4262 1715 4319 resurrectionne
1733 4276 1806 4324 asam

117 4333 224 4393 dixere.
239 4337 344 4391 crimea-
358 4335 514 4407 clipeatus.
537 4334 578 4388 ln.
996 4350 1094 4406 parem
1106 4338 1265 4407 potestatem
1280 4334 1384 4389 tribnat
1400 4342 1425 4389 et
1437 4332 1522 4399 dicat,
1556 4333 1662 4391 «Sicut
1692 4334 1760 4389 misit
1777 4344 1808 4389 aa

152 4408 189 4479 (5)
205 4406 264 4461 Noa
277 4411 316 4462 est
330 4407 467 4463 aniomde
482 4404 680 4461 consuetudine
691 4405 942 4475 praescribendam.
999 4408 1092 4467 Pater.
1104 4412 1132 4461 et
1148 4422 1196 4475 epo
1212 4408 1290 4463 mitto
1304 4420 1360 4463 nos.
1376 4405 1497 4473 scripse
1520 4402 1660 4476 Spiritum
1684 4414 1808 4481 sanctam

116 4478 263 4533 littamen
290 4476 479 4547 postmultas
507 4476 736 4546 disceptationes
758 4478 942 4532 consuetudo
997 4480 1080 4533 sicne·
1093 4480 1257 4533 remiseritis
1285 4478 1673 4547 peccata,remitteatnre'lii,
1695 4477 1808 4533 etsictt

113 4548 193 4605 vicit.
211 4548 269 4603 Hoc
284 4554 410 4604 tesiatur
427 4549 620 4621 Hieronymus
635 4547 821 4631 apertissime
837 4548 942 4603 adver·
998 4551 1155 4617 tenneritis,
1170 4550 1356 4615 uncinarem
1374 4570 1388 4597 ν
1417 4550 1555 4603 tumeant
1585 4549 1716 4605 unitatem
1737 4546 1807 4601 maai-

114 4636 167 4676 aua
183 4620 306 4676 Lucifer.
324 4637 330 4673 ι
350 4621 530 4691 lieniqncilli
544 4620 599 4689 ipsi
619 4620 748 4691 episcopi,
766 4618 863 4691 inquit
893 4620 944 4691 qai
1002 4622 1242 4691 sectaretnaitatis
1259 4620 1381 4691 ejusdem
1404 4620 1542 4687 oripiaem
1571 4619 1671 4677 adano
1697 4619 1806 4691 incipies·

114 4690 328 4761 rebaptizandos
349 4692 492 4748 icereiicoe
518 4706 581 4745 cam
609 4690 747 4762 Cypriane
775 4695 1059 4777 stataerca1,Dtem
1081 4709 1131 4747 saa
1145 4692 1309 4747 anctoritate
1323 4690 1468 4761 disposuit.
1497 4688 1547 4746 Sic
1570 4690 1651 4747 enim
1671 4688 1766 4762 legitur
1783 4686 1804 4741 iu

116 4762 153 4819 ad
169 4764 313 4835 antiquam
328 4762 555 4817 consaetadlnem
570 4761 700 4825 reuoluti,
715 4777 816 4817 raonem
830 4765 947 4819 emisere
1003 4764 1133 4835 antiquie
1156 4761 1383 4835 exemplaribus,
1400 4770 1431 4816 ut
1444 4778 1500 4817 suo
1511 4760 1574 4817 loco
1589 4760 1804 4818 monstrauimus.

115 4835 273 4891 decretum.
291 4834 361 4903 Quiri
374 4834 495 4907 sarirans
510 4836 522 4885 i
536 4835 575 4888 ito
589 4842 616 4888 et
630 4834 834 4903 aodismap'orrs
850 4834 948 4903 nostri,
1004 4835 1128 4905 Optatus
1145 4834 1344 4897 Milevitanus,
1360 4831 1411 4890 lib.
1429 4849 1483 4889 vu:
1499 4833 1581 4889 snm
1600 4834 1652 4891 toli
1665 4835 1806 4890 insonans.

126 4915 153 4963 et
174 4906 234 4963 litis
261 4909 308 4962 sni
323 4906 468 4961 tradidero
482 4906 608 4975 majores.
626 4904 819 4975 Augustinus,
857 4904 908 4960 lib.
925 4922 959 4959 ιιι
1013 4916 1039 4962 et
1051 4914 1176 4977 peccator
1198 4906 1296 4990 occipit
1311 4904 1411 4970 claues,
1428 4911 1459 4959 at
1476 4906 1593 4961 nudatis
1612 4910 1745 4973 nepotiani
1761 4902 1806 4973 scr·

125 4986 225 5035 eontra
258 4980 361 5042 creso,
389 4993 414 5031 c.
454 4976 505 5031 33:
537 4980 605 5030 Haec
637 4976 802 5031 consuetudo
830 4976 960 5033 Ecclesiae
1013 4986 1158 5040 moretnr;
1186 4992 1325 5047 provisam
1338 4978 1378 5032 est
1394 4983 1425 5031 nt
1432 4984 1558 5045 peccator
1569 4978 1693 5047 aperiret
1707 4978 1805 5032 inmm-

125 5052 260 5121 teitaun
276 5048 425 5105 concilium
435 5048 580 5117 Cypriani.
596 5046 799 5119 iiaecsnpercri
812 5048 962 5121 etanserri
1014 5052 1107 5115 tibas;
1123 5050 1329 5105 ceinaaeaies
1344 5045 1507 5103 clauderent
1524 5054 1623 5103 matra
1648 5044 1806 5121 mame

127 5136 182 5177 aon
196 5122 290 5191 potnit
306 5136 356 5175 aec
369 5118 490 5175 concilio
505 5119 653 5188 Cypriani.
666 5122 777 5174 Bonam
792 5119 878 5175 istius
894 5135 960 5175 con·
1013 5138 1072 5195 pac
1084 5122 1256 5177 neccessario
1265 5123 1304 5175 est
1316 5120 1411 5175 onitas
1417 5134 1475 5175 esse
1488 5134 1544 5174 aon
1558 5126 1654 5191 posset.
1671 5120 1727 5177 llic.

128 5192 296 5249 suetudinis
314 5191 457 5247 rationem
473 5194 556 5245 extu
581 5190 960 5261 ustinosuprnobservavi-
1049 5191 1089 5263 (7)
1114 5192 1202 5261 Super
1214 5207 1294 5263 pacm
1317 5189 1466 5261 {edificavit
1481 5190 1643 5247 Ecclesiam.
1673 5192 1756 5263 Super
1775 5196 1806 5255 pt·

127 5280 207 5320 mua.
225 5266 261 5319 iit
276 5262 456 5335 generaliter
477 5262 532 5317 hoc
559 5205 673 5343 Celiniri
691 5278 776 5331 posse
790 5262 913 5331 videtur,
930 5263 959 5317 in
1015 5268 1101 5330 tram,
1134 5263 1212 5319 unda
1240 5278 1346 5319 nomen
1375 5260 1502 5317 inditum
1534 5260 1635 5317 Petro:
1666 5280 1720 5347 qua
1739 5258 1767 5315 de
1786 5264 1807 5307 rt

128 5334 460 5391 istiaiideichriaiiana
476 5338 635 5405 mysterus,
653 5333 701 5388 ubi
726 5350 772 5389 res
802 5333 866 5405 ipsa
894 5350 960 5390 con·
1015 5335 1143 5391 diximus
1172 5350 1272 5407 supra.
1302 5332 1495 5405 Hieronymus
1532 5332 1570 5389 ad
1595 5325 1805 5391 meminiretis

129 5403 899 5471 atat,etildesintutoestcollocote,ncnessecur
923 5406 959 5461 ab
1014 5405 1127 5468 naath..
1157 5423 1213 5474 avr,
1248 5406 1260 5461 l
1289 5422 1298 5459 .·
1337 5404 1491 5461 Semtadnm
1522 5404 1715 5477 metaphoram
1734 5402 1805 5477 pm·

129 5475 270 5531 alterutra
283 5482 365 5547 parte
381 5476 504 5533 unitatis
520 5474 667 5531 cellrollcn·
684 5474 882 5548 tranquillitas
898 5482 958 5533 tur·
1016 5482 1089 5533 reric
1114 5476 1220 5533 dicitnr
1252 5478 1352 5535 Petro:
1377 5474 1528 5547 AEde'ficaba
1570 5476 1719 5533 Eeclma'om
1740 5480 1805 5529 marm

128 5547 224 5603 batur.
249 5552 440 5605 Communem
458 5548 543 5620 yhunc
559 5546 655 5603 locum
685 5548 720 5604 de
748 5548 776 5603 vi
799 5552 828 5603 et
855 5547 960 5604 ellectu
1015 5553 1143 5619 superte.
1161 5548 1224 5605 mc.

128 5616 352 5676 consuetudinis
367 5620 446 5676 varie
466 5622 701 5675 tractantPatres
717 5618 862 5687 Ecclesia,
874 5622 962 5693 prout
1061 5621 1088 5691 8)
1105 5620 1293 5678 deonerare
1305 5619 1461 5689 primatem
1475 5618 1578 5675 tenera
1594 5616 1686 5675 baua
1705 5616 1805 5741 Ιιίιὲοως

126 5690 164 5749 ad
180 5690 366 5763 propositum
381 5691 529 5748 conducit.
545 5689 610 5762 lpse
625 5688 788 5762 Cyprianus
817 5692 959 5749 adversus
1014 5707 1050 5748 cu
1077 5691 1159 5749 abest
1173 5696 1206 5747 ut
1220 5689 1360 5759 infirmet,
1375 5686 1448 5761 quin
1475 5688 1576 5762 potius
1589 5688 1737 5747 confirmat
1779 5686 1806 5737 tc
