3892 6104
109 304 168 367 493
829 309 1103 372 nissussaslu.
1756 309 1817 372 494

108 450 238 509 usqum
254 440 424 511 potuerunt,
449 439 507 496 nisi
535 437 729 511 paucissimos
754 437 932 497 Christiano·
948 442 975 510 Α
990 440 1080 497 sacris
1110 439 1296 511 bsptismatis
1324 440 1412 497 uadis
1451 442 1533 496 etate
1564 437 1683 496 Minucii
1712 438 1816 496 Felicis

107 541 171 580 rum
188 527 346 583 menduces
362 544 471 599 servos,
487 545 504 583 a
520 527 626 600 quibus
642 527 935 585 crudelissimusom·
989 527 1105 585 ablutos
1118 528 1208 586 fuisse
1224 531 1301 586 ultro
1318 530 1455 586 fateatur.

108 615 588 688 ulumtyrannusexquieitiasimis
601 615 936 691 quantumlibetsuppli·
1026 635 1107 702 Quod
1127 653 1195 694 ,epo
1210 641 1322 710 spectat
1336 637 1513 704 adomim,
1526 651 1652 710 quorum
1659 633 1817 691 ebrinum

109 702 350 805 44444414044144644
363 706 499 779 4444446444,
517 710 550 763 414
578 705 638 762 hfflf
658 705 780 764 0444144418
794 723 863 764 W&
875 711 905 763 64
919 723 937 764 ⁸
989 725 1051 780 tam
1067 722 1150 793 falso,
1166 741 1256 797 quam
1268 731 1377 783 tamem
1391 724 1626 798 postulabantur,
1638 725 1674 782 de
1688 722 1736 779 bis
1751 723 1818 779 Tar·

110 792 284 850 (lhfl‘ilfflit
299 798 416 865 48444448
432 795 522 853 sulm
537 795 686 852 4440404414·
989 810 1132 870 tullianus
1147 814 1383 888 scriptumnobis
1395 813 1568 887 idreliquit:
1588 833 1600 863 ι
1615 813 1816 870 Dicimursca·

141 897 458 962 Quamvisautemboc
474 905 667 970 tamcertum,
683 917 771 974 quam
786 901 935 976 publicum
990 901 1160 960 iuratissimi
1175 904 1212 960 de
1233 909 1418 961 sacramento
1450 902 1635 972 infanticidii,
1664 907 1693 960 et
1707 899 1815 976 pabulo
1872 893 1878 902 ’

113 986 366 1044 testimoniumad
381 987 936 1061 ltinuoiinostri,baecexsecrandaori·
990 989 1069 1056 inde,
1082 994 1111 1048 et
1125 997 1191 1065 post
1204 992 1368 1050 convivium
1392 993 1530 1062 incesto;
1560 991 1637 1065 quod
1666 1003 1817 1049 eversores

114 1073 189 1131 mine
203 1076 271 1144 ium
283 1076 388 1134 merito
403 1078 553 1150 prefraote
574 1078 719 1160 negantia,
735 1078 936 1152 explicandam
990 1079 1136 1137 luminum
1157 1098 1254 1155 canes,
1269 1081 1389 1140 lenones
1410 1079 1522 1138 scilieet
1548 1079 1694 1150 tenebras,
1710 1083 1774 1136 tum
1789 1080 1819 1134 st

115 1163 403 1239 confirmandamque
417 1167 594 1226 sententiam
617 1167 784 1238 sufficiant;
800 1167 869 1240 quia
890 1171 938 1223 ta·
991 1167 1314 1245 libidinumimpiarum
1325 1168 1560 1228 inverecundiam
1571 1172 1729 1242 procurent
1737 1167 1819 1242 (Ten-

114 1268 175 1309 men
195 1253 335 1311 Caecilius
362 1254 450 1328 paulo
477 1256 572 1329 aliter,
599 1272 688 1330 quam
712 1256 793 1314 citati
821 1256 938 1314 anobis
991 1256 1056 1315 tull.
1073 1259 1208 1333 Apolepet
1223 1277 1287 1335 cap.
1302 1262 1330 1334 7,
1346 1276 1412 1334 pag.
1429 1259 1496 1333 8).·
1515 1258 1557 1315 lbi
1572 1262 1670 1315 autern
1685 1256 1734 1313 ille
1749 1273 1820 1331 pau·

114 1342 269 1415 scriptores
284 1342 361 1400 banc
383 1344 504 1401 instruit
522 1345 750 1416 accusationem,
771 1346 857 1418 juvat
870 1359 938 1402 eum
993 1346 1035 1405 oia
1049 1348 1146 1406 verbis
1161 1349 1259 1406 omnia
1279 1348 1410 1422 congerit
1436 1346 1572 1416 crimina,
1592 1363 1657 1420 qua
1678 1344 1821 1414 cecilius,

114 1431 221 1488 audire.
235 1431 299 1496 Quo
311 1431 419 1488 etenim
439 1434 526 1492 modo
548 1434 657 1491 ethnici
680 1438 751 1491 tunc
772 1433 939 1491 detestabili
994 1435 1053 1496 aive
1065 1436 1212 1495 Minucius
1227 1438 1361 1513 pluribus
1369 1437 1468 1505 edixit,
1476 1453 1580 1510 nempe
1595 1435 1823 1503 infanticidium,

113 1518 156 1577 ille
170 1520 329 1577 mendacio
347 1520 535 1595 impudenter
557 1523 758 1593 abuterentur,
783 1523 862 1582 buno
889 1521 939 1578 ille
994 1523 1825 1602 conviviumcarneetsanguineinfantisinbumsnisaime

114 1608 436 1683 explicatinmodum:
455 1610 941 1669 «Deinitiandistirnnculisfabula
995 1614 1082 1671 occisi
1093 1615 1281 1686 adornatum,
1294 1631 1442 1673 eversores
1471 1614 1578 1671 debinc
1607 1614 1753 1670 luminum
1778 1629 1824 1669 oa·

113 1703 169 1755 iam
184 1699 372 1768 detestanda,
389 1716 478 1772 quam
494 1705 563 1758 nota
576 1706 631 1758 est.
656 1701 756 1758 Infans
780 1701 857 1758 farre
872 1718 940 1758 oon·
994 1716 1059 1777 nes,
1073 1721 1106 1760 ac
1126 1705 1308 1776 promiscuos
1324 1703 1472 1778 quoslibet
1486 1702 1661 1761 concubitus
1677 1706 1765 1775 atque
1778 1701 1824 1757 in·
1869 1737 1871 1740 >

113 1790 219 1860 tectus,
231 1793 267 1845 ut
282 1788 429 1861 decipiant
441 1791 586 1862 incantos,
615 1791 772 1865 apponitur
786 1791 810 1847 ei
828 1790 877 1863 qui
893 1807 941 1847 sa·
956 1814 981 1880 B
997 1796 1104 1850 cestus.
1121 1793 1163 1850 Ibi
1178 1798 1277 1851 tamen
1294 1792 1493 1851 Tertullianus
1509 1809 1566 1848 non
1592 1790 1744 1864 perspicue
1759 1805 1823 1847 om·

115 1877 167 1935 eris
181 1877 340 1934 imbuitur.
357 1879 385 1934 le
400 1878 497 1935 infans
513 1896 529 1935 a
543 1879 690 1936 tirunculo
715 1879 799 1936 farris
818 1879 943 1952 superfl-
998 1882 1067 1940 nino
1082 1882 1226 1955 edisserit,
1238 1881 1644 1956 quomodoinfanediocretur
1654 1896 1671 1937 a
1681 1877 1824 1936 Christia-

115 1966 162 2035 eie,
178 1966 270 2038 quasi
285 1967 321 2023 ad
337 1967 471 2025 innoxios
486 1967 562 2025 ictus
571 1972 737 2042 provocato,
751 1967 835 2025 cecis
849 1967 945 2025 cocul-
999 1971 1045 2029 nis
1059 1971 1163 2029 occidi.

114 2057 210 2128 usque
228 2053 402 2112 vulneribus
430 2057 583 2114 occiditur.
605 2058 714 2129 Hujus,
739 2057 812 2131 prob
842 2057 942 2115 nefasl
1035 2064 1141 2135 Aperte
1155 2057 1641 2134 autempoeteadeclaratstbnicoa
1656 2071 1826 2114 reversare·

114 2144 248 2201 sitienter
262 2144 437 2217 sanguinem
452 2145 693 2218 lambunt,bujns
707 2145 841 2203 certatim
850 2162 944 2204 mem·
999 2150 1110 2208 didisse
1124 2149 1323 2208 ecbristianis
1340 2153 1491 2223 exceptum
1507 2146 1628 2204 infantie
1643 2145 1750 2218 rudem,
1765 2145 1826 2202 sire

114 2233 163 2290 bra
177 2232 407 2306 dispertiunt...
433 2235 468 2290 llt
490 2236 527 2292 de
554 2235 814 2307 conviviofuotnm
841 2238 887 2292 est
889 2276 943 2294 .....
999 2239 1125 2297 crudum
1140 2240 1314 2314 sanquinem,
1338 2254 1431 2311 eoque
1454 2252 1559 2311 panem
1584 2235 1751 2304 intinctum,
1767 2249 1825 2307 quo

114 2321 270 2396 luepulsa
286 2321 410 2379 solemni
426 2323 593 2382 discocunt
607 2324 944 2396 cumomnibnsliberie,
999 2331 1063 2384 tum
1078 2327 1210 2401 quidem,
1225 2326 1475 2402 quemadmodum
1492 2328 1521 2383 et
1546 2323 1680 2396 ejusdem
1705 2319 1826 2378 infantis

115 2411 277 2480 somribus,
293 2412 449 2485 matribus,
466 2429 554 2471 sexus
569 2414 666 2471 omnia
682 2414 817 2471 homiues
839 2418 868 2470 et
882 2430 946 2471 cm·
999 2417 1148 2485 carnibus,
1163 2417 1356 2473 vescebantur
1370 2414 1449 2488 (ibid.
1477 2431 1541 2486 cap.
1570 2414 1598 2482 8,
1623 2427 1689 2485 pag.
1707 2411 1745 2483 9).
1761 2408 1825 2467 atio

116 2500 688 2576 nissctetis.lllicpostmultaeepulas,
714 2503 944 2560 ubiconvivium
999 2505 1138 2562 autemin
1153 2505 1228 2562 libro
1243 2504 1398 2562 obscurius
1427 2502 1568 2577 loquitur,
1600 2499 1732 2572 nihilque
1745 2497 1825 2556 aliud

117 2588 217 2658 euluit,
230 2594 259 2645 et
273 2588 390 2646 incesta
407 2590 538 2647 libidinis
563 2593 643 2648 furor
671 2592 811 2649 ebrietate
825 2591 943 2661 exarsit,
1000 2598 1152 2663 memorat,
1170 2594 1225 2650 nisi
1241 2616 1255 2645 e
1271 2592 1499 2660 infanticidium,
1511 2592 1612 2647 boram
1628 2589 1826 2656 lucernarum,

117 2677 260 2750 sanisqui
277 2678 559 2736 candelabronexus
580 2680 731 2752 est‚jactu
759 2680 945 2736 elfulanltra
999 2682 1138 2739 caninum
1159 2682 1366 2749 ministerium,
1393 2685 1421 2738 ot
1450 2681 1568 2754 ingenis
1596 2679 1825 2745 tenebrarum,»

118 2768 244 2840 spatium
262 2767 427 2840 linee,que
455 2768 573 2826 vinctus
600 2772 655 2837 eet,
685 2770 719 2825 ad
753 2769 945 2842 impetumst
999 2769 1107 2845 quibus
1125 2771 1288 2828 faventibus
1301 2768 1438 2829 cristiani
1459 2768 1589 2842 quolibet
1609 2771 1724 2839 stupro,
1741 2765 1825 2822 adul·

119 2856 223 2912 saltum
235 2863 419 2930 provocatur.
435 2858 483 2915 Sic
497 2874 597 2915 everso
613 2861 642 2915 et
666 2858 810 2915 exstincto
826 2858 944 2915 conscio
997 2861 1071 2917 tario
1084 2864 1114 2917 et
1128 2861 1239 2916 incestu
1252 2858 1445 2916 contaminari
1461 2858 1634 2913 dicebantur
1647 2853 1822 2927 (idom,lib.r

121 2944 239 3014 lumine,
250 2945 474 3017 impudentibus
489 2947 628 3016 tenebris,
645 2964 737 3004 naxus
750 2947 877 3004 infandas
892 2964 943 3003 ou·
997 2948 1032 3005 ad
1047 2949 1169 3020 Notion,
1181 2964 1244 3020 cap.
1261 2947 1296 3002 15
1310 2951 1339 3004 et
1365 2948 1407 3014 lli,
1425 2962 1491 3020 pag.
1516 2945 1572 3018 60).
1600 2943 1657 3000 Sed
1681 2942 1742 2998 bec
1768 2958 1822 2999 suo

121 3035 251 3108 piditatis
265 3035 428 3103 involvunt,
442 3052 494 3108 per
507 3037 652 3093 incertum
682 3037 780 3106 sortis,
800 3040 829 3093 et
844 3036 867 3092 ei
885 3052 942 3093 non
997 3035 1060 3093 loco
1076 3035 1258 3094 enucleatius
1272 3035 1481 3110 explicabimus
1507 3035 1633 3109 (litasset.
1655 3033 1687 3088 in
1708 3029 1821 3088 feristi.

120 3138 217 3181 omnes
230 3140 331 3197 opera,
346 3125 525 3181 conscientia
539 3130 638 3183 tamen
652 3125 767 3182 incesti.
784 3147 799 3177 ν
813 3124 942 3192 Qufdbie
998 3142 1062 3199 cup.
1077 3128 1122 3197 20,
1139 3131 1194 3184 art.
1212 3125 1247 3199 l).

121 3212 275 3270 ”defiblffi
289 3213 383 3287 4444848
405 3214 532 3287 04444646,
553 3214 689 3289 impium,
705 3212 942 3272 4444444444444444
1034 3234 1173 3308 Origenes
1188 3249 1257 3291 vem
1271 3231 1321 3290 ubl
1346 3230 1463 3291 Celsum
1492 3231 1553 3288 beo
1580 3229 1677 3287 adbuc
1697 3226 1822 3285 crimina

123 3298 295 3359 mitidum?
997 3323 1172 3380 christianis
1187 3320 1274 3381 solita
1289 3320 1464 3395 procacitate
1479 3321 1671 3392 objectantem
1691 3333 1743 3391 pro
1758 3332 1823 3374 me·

151 3393 186 3446 44
199 3391 373 3463 priusquam
389 3390 512 3449 4444044444
537 3392 771 3467 940840444444444ι
786 3391 942 3450 0444444444·
996 3411 1054 3469 rito
1068 3412 1203 3486 castiget,
1227 3411 1268 3468 lbi
1297 3410 1472 3467 testificatur
1485 3409 1575 3481 hujus
1602 3405 1767 3477 calumnia,
1787 3404 1824 3462 ab

123 3478 185 3535 dum
199 3483 244 3536 est
258 3479 289 3534 in
304 3481 505 3554 manuscripto
520 3481 619 3539 codice
642 3481 720 3555 legi:
740 3504 751 3532 ι
769 3486 890 3539 inceste
904 3479 940 3538 li·

124 3564 221 3625 bidinis
235 3569 331 3626 fervor
344 3569 507 3639 ebrietatis;
524 3591 538 3621 ν
556 3572 606 3627 sed
635 3570 748 3628 librarii
773 3570 940 3638 oscitantia,

125 3659 153 3710 ut
162 3657 290 3730 plerique
304 3657 437 3717 arbitrati
452 3659 681 3726 suntouociroa
693 3660 724 3716 in
736 3659 871 3733 pluribus
880 3658 941 3716 edi·

128 3741 242 3802 ionibus
253 3746 396 3818 scriptum
416 3747 573 3805 voluerunt
597 3749 737 3821 ebrietate,
752 3748 825 3805 satis
841 3748 943 3821 utique

130 3831 193 3891 eluro
206 3839 236 3891 et
256 3840 357 3908 apertu
372 3852 473 3893 sensu.
487 3837 599 3895 Verum
627 3838 688 3894 boeo
702 3836 868 3894 emendatio
883 3853 942 3893 non

130 3917 224 3988 thenit
239 3923 395 3992 Gronovio,
407 3926 456 3998 qui
471 3943 556 3983 voces
571 3929 684 3985 inceste
697 3926 824 3983 libidinis
837 3926 941 3998 depra-

130 4015 196 4069 nles
206 4014 377 4085 suspicatus
391 4019 445 4085 est,
457 4031 490 4070 so
507 4015 664 4089 legendum
680 4039 694 4067 ιι
723 4015 753 4071 in
768 4031 859 4071 cocae
873 4013 941 4070 libi·

120 4093 198 4159 'dines
211 4102 310 4159 feruor
323 4103 473 4161 ebrietatis
487 4106 605 4161 exarsit.
632 4127 647 4156 a
662 4105 735 4162 Nam
762 4104 798 4160 de
817 4105 942 4171 incestu,
996 4121 1004 4146 ν

121 4180 219 4263 bault,
236 4190 325 4264 paulo
340 4197 406 4264 post
421 4193 529 4249 dicitur
548 4210 554 4250 :
570 4196 736 4251 conscientia
752 4197 845 4249 tomen
867 4193 944 4265 pori-

997 3500 1061 3574 lpso
1077 3501 1224 3559 nascentis
1239 3499 1374 3557 Ecclesia
1388 3498 1471 3555 initio
1486 3496 1659 3554 Christianis
1669 3494 1825 3561 illata,su·

997 3594 1092 3647 utores
1106 3589 1197 3647 fuisse
1211 3606 1269 3646 non
1286 3588 1407 3663 quidem
1432 3586 1579 3656 ethnicos,
1595 3589 1647 3643 aut
1660 3583 1823 3651 hereticos,

996 3682 1031 3736 ut
1048 3679 1085 3735 ab
1109 3677 1268 3752 aliispaulo
1283 3683 1351 3736 ante
1364 3675 1621 3745 dictumvidimus,
1632 3674 1682 3731 scd
1695 3674 1823 3730 «ludaeos.

995 3767 1084 3825 Addit
1098 3771 1237 3840 preterea
1260 3783 1314 3824 suo
1329 3765 1426 3825 adbuc
1453 3769 1584 3838 tempore
1607 3763 1749 3836 quosdam
1779 3760 1825 3818 his

996 3857 1186 3930 quantumvis
1203 3855 1370 3914 falsissimis
1386 3854 1554 3912 rumoribus
1569 3853 1606 3909 ab
1620 3850 1824 3925 amplectenda

996 3946 1161 4003 Christiana
1180 3945 1320 4019 religione
1343 3944 1507 4011 deterritos,
1526 3942 1716 4012 omniumque
1738 3936 1822 3994 (thri-

996 4035 1161 4091 stianorum
1177 4035 1288 4108 fugisse
1302 4032 1457 4105 colloquia.
1473 4034 1552 4086 Δοκεῖ
1568 4050 1615 4104 μοι
1629 4022 1821 4103 παραπλήσιον

1006 4117 1139 4184 leuderici<
1166 4121 1354 4194 πεποιηκέναι,
1378 4124 1437 4183 τοῖς
1460 4119 1529 4174 κατὰ
1558 4119 1608 4187 τὴν
1636 4115 1726 4193 ἀρχὴν
1756 4118 1822 4187 lips·

997 4213 1157 4284 στιανισμαῡ
1178 4206 1388 4266 κατασκεδάσασι
1413 4205 1566 4286 δυσφημίαν
1588 4209 1638 4261 τοῦ
1662 4202 1757 4280 λόγου·
1782 4202 1821 4267 ὡς

113 4278 157 4335 494
169 4281 348 4338 4404444544
365 4286 479 4339 4444444444
495 4284 586 4354 44444444,
603 4288 636 4339 444
661 4280 943 4340 44444944444444444444
998 4296 1049 4377 ἄρα
1084 4297 1279 4361 καταθύσαντες
1311 4294 1418 4353 παιδίον
1453 4289 1704 4369 μεταλαμὸάνουσιν
1738 4291 1821 4348 αὑτοῦ

113 4369 603 4443 944444444444444444Ῑ4Β4“404’444444’44ῑ44
616 4369 945 4445 444444444444444444444440·
996 4393 1051 4446 τῶν
1071 4392 1188 4465 σαρκῶν·
1215 4388 1261 4443 καὶ
1285 4385 1379 4460 πάλιν,
1404 4383 1445 4441 ὅτι
1470 4384 1497 4438 oi
1520 4382 1573 4438 ἀπὸ
1595 4386 1644 4438 τοῦ
1669 4380 1766 4459 λόγου,
1789 4381 1824 4437 τὰ

113 4455 181 4514 44444
196 4459 424 4531 videanturJam
441 4461 666 4519 4444444444440·
679 4462 830 4519 4444444444
844 4463 945 4533 44444440
998 4480 1049 4534 τοῦ
1071 4475 1169 4533 σκότου
1193 4474 1318 4553 πράττειν
1346 4470 1522 4550 βουλόμεναι,
1538 4467 1695 4528 obtusiones
1721 4470 1769 4546 μὶν
1794 4469 1827 4527 τὸ

112 4547 370 4620 propiciacionis
394 4548 593 4621 alteralecti03
611 4550 741 4608 melioris
756 4555 854 4607 tamen
869 4549 948 4606 codi·
963 4551 987 4617 D
1002 4570 1071 4647 φῶς,
1100 4561 1212 4628 ἕκαστος
1241 4562 1270 4620 δι
1303 4563 1339 4640 τῇ
1371 4559 1565 4640 παρασχούσῃ
1595 4562 1728 4639 μίγνυται,
1748 4562 1829 4624 “Hace

112 4634 163 4693 (344
178 4637 353 4694 tumim
369 4638 648 4697 (49404004444414444
1004 4652 1145 4734 δυσφημῖα
1158 4651 1314 4731 παράλογος
1329 4648 1412 4707 πάλιν
1428 4653 1481 4726 μὴν
1496 4649 1630 4708 πλείστων
1654 4649 1725 4708 ὅσων
1752 4647 1831 4726 inpi-

156 4746 192 4801 nt
204 4745 286 4802 ouini
303 4745 507 4819 probabilitate
522 4746 594 4803 illud
623 4752 710 4821 caret,
732 4748 810 4821 quod
839 4748 950 4804 Grono·
1003 4742 1196 4815 sanccionem
1209 4741 1272 4805 τοὺς
1288 4739 1516 4819 &disceptassent
1534 4738 1632 4818 λόγου,
1646 4738 1690 4799 ὅτι
1712 4733 1832 4797 τοιοῦτοί

112 4833 312 4891 vineibidem
328 4835 443 4908 adjecit,
458 4835 506 4892 bis
533 4836 638 4894 cecilii
668 4835 951 4894 chhristianarum
1006 4831 1058 4889 elci
1082 4829 1250 4907 lipsa-umet.
1266 4829 1316 4886 ital
1344 4834 1389 4886 νῦν
1420 4826 1450 4885 tt
1478 4827 1518 4886 les
1545 4829 1634 4903 ἀπατᾷ
1664 4825 1832 4897 caseum·

116 4923 280 4996 synaxium
305 4923 402 4981 verbis
428 4924 576 4999 designari
604 4926 762 4982 infantiam
792 4925 952 4998 Baptisma.
1005 4920 1190 5000 cpencplveuc
1205 4917 1483 4976 διὰτᾶτοιαῦτακᾶν
1499 4919 1537 4983 cl<
1561 4916 1702 4975 nassovius
1729 4911 1833 4971 414404·

120 5006 360 5085 fiunqnidenim
377 5012 508 5070 cecilius
523 5012 681 5071 Gentilium
694 5012 859 5082 nomine,in
871 5013 953 5071 Chri·
1009 5011 1103 5089 στὲραν
1131 5014 1186 5066 τῶν
1215 5007 1304 5088 lieres
1326 5008 1403 5080 ἥκειν
1428 5008 1496 5086 πρὸς
1515 5003 1700 5085 Χριστιανούς.
1718 5002 1835 5061 «Vide-

125 5099 237 5157 stisnos
253 5100 445 5174 disputando,
460 5103 495 5159 de
510 5104 601 5160 sacris
617 5103 723 5160 borum
743 5103 955 5176 coetibusloqui
1009 5106 1070 5171 tur,
1086 5101 1191 5174 aiebat,
1208 5101 1282 5157 mihi
1297 5098 1399 5156 Celsus
1414 5097 1516 5155 fecisse
1532 5098 1620 5167 idem,
1636 5093 1714 5167 quod
1728 5089 1836 5159 ludat,

126 5190 305 5263 nonpotuit,
319 5189 376 5248 nisi
392 5191 570 5249 mentionem
579 5191 863 5266 Baptismifaceretf
877 5193 957 5249 Nun·
1011 5192 1181 5250 christiana
1196 5190 1337 5247 doctrina
1352 5188 1446 5256 initio,
1475 5203 1578 5259 sparso
1608 5198 1736 5253 rumore,
1758 5180 1838 5256 quod

134 5277 197 5346 quid
208 5277 253 5334 illi
267 5282 296 5335 et
303 5279 429 5337 ethnicis
439 5286 623 5354 compertum
638 5285 703 5337 erat
714 5279 857 5353 quidquid
869 5280 899 5337 in
909 5280 958 5338 bis
1013 5283 1077 5355 ejus
1093 5284 1180 5337 sectee
1193 5278 1329 5336 homines
1344 5275 1461 5333 mactati
1478 5275 1561 5348 pueri
1574 5276 1762 5331 vescerentur
1775 5287 1839 5329 oar·

138 5367 257 5424 cetibus
271 5368 583 5443 agebaturfNunquid
598 5371 687 5427 etiam
717 5369 844 5425 infantes
871 5370 959 5427 toties
1014 5371 1104 5428 nibus
1116 5387 1124 5440 ;
1135 5373 1165 5427 et
1187 5367 1265 5440 quod
1288 5364 1402 5437 quotics
1415 5364 1458 5421 eis
1472 5363 1563 5422 libeat
1576 5378 1695 5438 operam
1710 5363 1781 5419 dara
1797 5376 1842 5418 oo·

140 5469 217 5513 sacro
227 5457 408 5529 baptismate
423 5461 500 5519 480
524 5460 730 5529 initiabantur,
746 5458 863 5531 quoties
878 5460 959 5517 clari·
1015 5458 1103 5517 cultis
1113 5451 1843 5525 libidinibus,exstinotolumine,oonslupretquam

143 5543 225 5602 stium
240 5545 387 5606 solemnes
400 5550 519 5623 quidem
544 5566 614 5607 suos
642 5552 745 5616 emtus,
761 5535 811 5605 sed
837 5553 962 5609 secretos
1016 5549 1144 5623 quisque
1158 5543 1284 5619 primm
1299 5546 1403 5599 nociti!
1418 5540 1513 5599 suerii·
1526 5543 1594 5610 0¹²oe
1611 5541 1685 5599 48488
1699 5545 1728 5598 et
1743 5539 1845 5613 44441444

144 5630 277 5694 inibant?
292 5635 369 5695 Bene
381 5641 479 5697 tamen
494 5643 548 5708 est,
564 5639 641 5712 quod
659 5637 823 5697 Gronovius
836 5637 962 5697 infantes
1017 5636 1115 5712 opinio
1129 5634 1241 5692 dudum
1256 5630 1340 5690 valdo
1352 5630 1462 5690 multoe
1476 5649 1494 5690 a
1507 5631 1647 5707 religione
1662 5635 1762 5690 nostra
1776 5626 1844 5685 alie·
