3892 6104
132 278 206 346 libi
662 279 712 342 DE
735 278 1030 345 llAEllD'llCOliUM
1051 280 1299 348 BAP'l‘lelATE
1755 286 1830 351 libi

128 416 239 472 eisdem
254 415 328 487 ipsis
345 414 487 471 hereticis
503 422 621 488 propter
636 415 713 472 bunc
727 417 862 472 eumdem
879 431 956 473 erro·
969 421 996 484 Α
1011 427 1109 474 essent
1124 420 1284 478 invisibilia
1299 420 1505 488 nihilominus,
1521 437 1599 477 nunc
1614 436 1735 494 quoque
1745 421 1830 480 oculis

129 520 191 560 rem
207 503 350 560 conllctus
366 503 439 560 liber
466 503 515 576 qui
544 503 716 560 inscribitur
744 506 829 561 Paeti
848 505 954 578 praedi-
1010 506 1828 584 etincredulitstibomiuumvelexparte,uelaiiquando,

127 595 200 649 catio
214 594 281 666 (36).
299 594 329 650 ln
346 611 403 666 qno
413 593 487 649 libro
503 599 605 649 contra
619 611 720 650 omnes
745 594 911 666 Scripturas
926 598 956 651 at
1009 595 1052 650 vel
1068 596 1097 651 in
1113 597 1208 671 figura
1225 604 1295 656 sunt
1309 603 1474 656 monstrata
1488 601 1525 656 ad
1541 601 1791 656 corroborandam
1805 606 1828 658 et

128 683 165 740 ds
179 687 298 756 peccato
310 682 427 757 proprio
443 683 630 739 confitentem
648 683 778 740 invenies
793 682 953 751 Christum,
1009 685 1242 744 confirmandum
1257 688 1345 745 lldem
1360 694 1502 745 nostram.
1514 689 1570 746 Sed
1582 705 1637 745 nec
1647 688 1721 744 illud
1733 690 1829 747 omise-

130 773 180 846 qui
195 772 275 830 solus
290 772 409 829 omnino
424 770 498 828 nibil
515 771 649 845 deliquit,
663 777 692 829 ct
703 772 739 828 ad
750 771 954 845 accipiendum
1009 772 1064 828 rim
1081 776 1158 846 quod
1175 778 1363 851 Evangeiium
1379 779 1482 835 merito
1512 778 1663 850 predicat.
1684 778 1734 833 llit
1757 778 1826 836 enin

128 863 252 920 Josanis
266 864 414 937 baptisma
429 880 502 937 pene
515 863 639 919 invitam
655 879 672 919 e
687 868 781 919 matre
797 879 852 919 sus
867 862 956 919 bieria
1009 862 1167 936 paralytico
1182 865 1325 923 Dominus
1340 872 1459 924 noster:
1484 868 1558 924 Bono
1568 868 1666 922 animo
1690 868 1759 934 este,
1781 868 1825 938 iti,

129 969 193 1010 esee
207 953 414 1026 compulsum:
443 952 513 1009 item
534 969 600 1009 cnm
623 951 829 1025 baptizaretur,
856 952 953 1026 ignem
1008 951 1247 1012 dimittenlnrtibi
1269 964 1380 1029 peccatu
1399 955 1502 1028 (llatib.
1529 973 1567 1023 ιι,
1582 957 1623 1025 2),
1649 959 1682 1011 ut
1703 956 1827 1013 ostende

128 1059 335 1116 superaquam
351 1059 415 1100 esse
429 1041 542 1110 visum;
559 1042 636 1114 quod
652 1040 681 1097 in
698 1041 852 1114 Evangelio
874 1040 954 1098 nullo
1008 1044 1052 1096 ret
1068 1041 1124 1097 llde
1137 1043 1273 1100 mundari
1285 1044 1417 1101 cerdasd
1430 1043 1634 1101 remissionem
1646 1047 1825 1117 peccatorum

126 1136 171 1189 est
185 1133 347 1205 scriptum:
365 1134 467 1205 etpost
479 1129 826 1203 tantatemporaPetrum
839 1130 954 1186 etPsu-
1008 1132 1255 1202 consequendam.
1285 1133 1378 1198 Quam
1407 1133 1611 1190 remissionem
1647 1135 1826 1205 peccatorum

126 1220 190 1277 lum
207 1226 273 1295 post
284 1219 469 1277 collationem
479 1218 627 1293 Evangelii
635 1220 665 1275 in
676 1219 840 1276 Jerusalem
850 1224 879 1277 ot
890 1236 958 1276 mn·
1008 1225 1163 1276 consecuta
1173 1225 1219 1277 est
1231 1221 1321 1277 etiam
1337 1220 1388 1277 illa
1402 1238 1466 1295 qua
1481 1225 1543 1278 erat
1555 1220 1664 1279 mulier
1687 1221 1826 1294 peccatrix

127 1316 211 1368 tuam
226 1309 433 1384 cogitationem
441 1313 471 1365 et
486 1309 704 1366 altercationem
721 1313 856 1365 etrerum
867 1326 952 1384 agen·
1007 1307 1036 1363 in
1053 1307 1187 1379 civitate;
1203 1309 1250 1365 cui
1273 1309 1414 1367 Dominus
1424 1311 1482 1367 ait:
1499 1312 1687 1367 Dimittuntur
1701 1311 1758 1366 tibi
1768 1325 1825 1382 pee-

123 1400 229 1457 darnm
244 1399 480 1473 dispositionem,
495 1402 644 1471 postremo
656 1399 686 1454 in
698 1399 772 1456 Urbe
783 1400 868 1471 quasi
881 1404 952 1459 tunc
1005 1404 1066 1452 cata
1076 1398 1150 1467 (buc.
1166 1414 1217 1467 vn,
1234 1399 1278 1467 48,
1293 1399 1351 1471 50).
1367 1399 1402 1454 nt
1416 1415 1484 1455 cum
1500 1399 1660 1471 coepissent
1675 1398 1730 1471 qui
1745 1398 1824 1455 sinial

123 1489 252 1562 primum
268 1488 392 1545 invicem
403 1487 460 1544 sibi
471 1486 737 1560 esseeognitoszet
750 1489 952 1559 quadamslia
1006 1485 1238 1558 discumbebant,
1255 1488 1332 1560 apud
1348 1493 1442 1545 semet
1456 1488 1536 1560 ipsos
1559 1488 1674 1546 dicere:
1704 1488 1772 1557 Qur's
1791 1491 1824 1544 ert

119 1576 325 1649 hujuscemodi
338 1576 464 1633 absurde
480 1592 513 1633 ao
523 1577 649 1643 turpiter
660 1577 785 1633 eonllcts
797 1593 803 1632 :
815 1593 878 1648 qus
889 1594 950 1634 om·
1005 1573 1049 1630 bic
1063 1576 1112 1646 qai
1125 1584 1232 1648 peecata
1245 1575 1350 1632 dimitti
1359 1581 1372 1630 .⁹
1386 1577 1464 1648 quod
1480 1582 1510 1634 st
1532 1577 1609 1633 circa
1634 1575 1822 1650 paralyticum

119 1667 169 1723 nia
185 1667 214 1721 in
231 1664 314 1721 illum
329 1664 438 1721 librum
453 1665 583 1722 invenies
599 1670 745 1738 congesta.
776 1666 830 1731 Qui
849 1670 948 1722 sutem
1004 1663 1138 1719 acerbius
1166 1664 1272 1721 Scriba
1300 1671 1329 1721 et
1357 1664 1494 1721 Pharisaei
1516 1664 1821 1737 {obmurmuraverant

119 1772 178 1813 non
189 1755 327 1828 ignorant
340 1753 468 1826 Spiritus
483 1754 579 1812 suncti
591 1753 770 1828 qualitatem.
781 1753 947 1824 intelligunt
961 1776 985 1841 Β
1003 1751 1109 1807 12⁰4
1123 1751 1165 1807 ait
1179 1752 1214 1808 ad
1231 1752 1384 1809 mulierem
1400 1753 1541 1810 Dominus
1552 1771 1562 1809 :
1574 1752 1657 1810 Fides
1672 1761 1723 1811 tua
1737 1763 1763 1811 te
1777 1754 1822 1810 at

120 1844 198 1914 quod
214 1844 326 1900 dietam
342 1841 523 1916 aetdeigni,
541 1843 577 1898 de
603 1843 666 1914 ipse
694 1842 804 1914 Spiritu
833 1843 943 1899 dictum
1001 1856 1072 1910 earn,
1087 1841 1162 1910 fecit,
1177 1842 1247 1898 vade
1269 1843 1300 1897 in
1314 1857 1392 1910 pace.
1408 1845 1449 1897 lix
1472 1843 1582 1914 quibus
1607 1841 1760 1900 universis
1779 1858 1819 1900 cs·

121 1949 195 1990 esse.
212 1936 285 1988 Nam
301 1933 331 1988 ia
351 1931 433 1988 Actis
461 1930 659 2004 apostolorum
685 1931 848 1987 secuudum
870 1931 947 1987 banc
999 1927 1132 1984 tenditur
1146 1929 1202 1984 ssde
1218 1930 1371 1986 emundari
1388 1931 1486 2003 corda,
1503 1930 1616 2004 Spiritu
1632 1938 1737 1989 autem
1751 1930 1818 1987 ablui

117 2022 251 2078 eamdem
281 2020 510 2093 promissionem
536 2019 651 2075 Domini
695 2020 763 2092 (iet.
801 2023 843 2088 ιι),
880 2018 945 2091 ipso
999 2015 1133 2072 animes:
1153 2021 1353 2089 porroautem
1375 2034 1549 2091 peraquam
1575 2019 1671 2077 lavari
1697 2036 1816 2094 corpori,

116 2111 163 2166 dic
176 2112 357 2167 Pentecostes
372 2125 439 2165 cnm
456 2109 656 2165 descendisset
672 2108 798 2180 Spiritus
824 2113 944 2165 sanctus
999 2104 1464 2178 sanguinequoquet'astinsntins
1472 2107 1619 2181 perveniri
1629 2124 1818 2183 percompen·

117 2216 206 2271 super
229 2197 391 2271 discipulos
402 2197 472 2254 utin
489 2196 538 2252 illo
549 2196 776 2269 baptizarentur,
792 2196 860 2251 visa
875 2201 946 2254 sunt
999 2193 1081 2250 dium
1097 2195 1133 2250 ad
1150 2194 1253 2251 salutis
1269 2196 1389 2268 proemia
1403 2197 1471 2270 (37).

116 2284 944 2358 insidentessupersinguloslinguaquasiignis,utcon·
1034 2282 1106 2338 Xlll.
1123 2283 1195 2340 Puta
1216 2301 1270 2341 nos
1297 2284 1382 2358 plens
1410 2290 1563 2344 exsecutos
1587 2286 1816 2361 praedicationem

118 2379 209 2432 staret
219 2392 268 2431 ecs
288 2373 395 2448 Spiritu
412 2378 513 2431 sancto
528 2378 557 2430 et
572 2372 602 2429 in
618 2372 685 2445 igne
700 2374 872 2445 baptizatos,
890 2375 944 2432 hoo
998 2371 1134 2443 Baptista
1144 2372 1277 2445 ioannis,
1290 2374 1816 2449 uadeeermonsmsutnussxorsi,qui

116 2468 172 2530 est,
184 2463 334 2536 suspiritu
345 2463 396 2535 qui
406 2466 483 2519 esset
493 2462 554 2519 sive
579 2462 656 2535 ignis
671 2463 730 2517 sive
745 2463 829 2534 quasi
845 2463 941 2536 ignia:
998 2460 1071 2516 dixit
1081 2462 1116 2517 sd
1131 2462 1336 2536 ludsoszlipe
1358 2463 1468 2537 quidem
1491 2481 1536 2521 ecs
1567 2465 1685 2538 baptizo
1702 2467 1814 2538 mauis

117 2552 212 2625 qualis
227 2551 305 2625 ignis
320 2552 375 2608 luit
390 2552 485 2624 quiin
503 2552 576 2607 rubo
593 2551 713 2607 ardebat
727 2555 756 2606 ct
766 2551 872 2608 rubum
885 2570 942 2609 non
995 2551 1195 2622 pmitenriem.
1212 2552 1266 2621 Qui
1279 2556 1371 2608 autem
1382 2557 1443 2625 poet
1458 2555 1589 2610 mevenit
1601 2557 1761 2626 sanicrme
1773 2559 1814 2625 est,

118 2641 319 2713 comburebat,
331 2640 488 2713 qualisque
500 2644 545 2696 est
559 2638 608 2696 ille
622 2639 757 2713 ignisqui
769 2645 813 2696 est
825 2640 942 2715 angelo·
995 2639 1075 2710 cujas
1084 2655 1132 2711 epo
1145 2655 1201 2696 neu
1214 2657 1277 2697 sum
1296 2641 1398 2711 dianus
1420 2644 1525 2699 solome
1545 2645 1703 2715 corripiam
1721 2644 1814 2700 colas·

117 2749 184 2793 rum
201 2730 334 2800 spiritus,
350 2730 426 2786 sicut
441 2729 592 2801 Scriptura
607 2728 692 2785 dicit:
710 2729 764 2798 Qui
776 2731 943 2801 semicaper·
995 2729 1093 2783 meari.
1108 2729 1169 2801 lpse
1183 2744 1229 2785 ecs
1243 2730 1396 2801 bapticabit
1413 2733 1443 2786 in
1467 2731 1577 2804 Spiritu
1600 2740 1700 2789 macto
1720 2736 1746 2788 et
1765 2733 1815 2804 ipsi

116 2824 227 2880 terraer
242 2821 371 2888 spiritus,
386 2828 413 2875 et
426 2820 566 2874 ministres
593 2834 657 2874 seca
679 2819 776 2891 ipnem
803 2820 943 2877 ardentem
997 2815 1071 2887 (bne.
1088 2831 1129 2886 ιιι,
1147 2818 1202 2889 16).
1226 2819 1358 2875 Arbitror
1381 2824 1478 2876 autem
1502 2824 1532 2875 et
1551 2819 1681 2892 apostoli
1704 2820 1812 2879 Ioannis

113 2910 201 2984 (Paci.
219 2925 279 2974 cm,
295 2909 333 2980 l),
349 2907 400 2962 Cui
416 2924 483 2962 cum
499 2904 606 2963 similis
621 2910 672 2963 aut
687 2907 843 2963 sociusaut
853 2910 942 2980 parti·
996 2905 1160 2961 doctrinam
1175 2923 1228 2962 nos
1243 2923 1299 2962 non
1315 2907 1412 2979 inepte
1425 2908 1622 2979 disposuisse,
1639 2910 1691 2982 qui
1705 2911 1746 2967 eit
1757 2912 1813 2982 quis

115 3015 183 3069 ceps
199 2996 300 3065 fueris,
316 2996 425 3069 poteris
440 2994 939 3068 nullumignemtimere,necillnm
995 3002 1049 3050 tres
1058 2996 1247 3052 testimoniam
1259 2995 1413 3066 perbibent,
1426 2998 1548 3066 Spiritus
1568 3000 1594 3052 et
1620 3014 1694 3070 aqua
1715 3002 1742 3054 et
1761 3014 1812 3054 aaa

117 3086 235 3160 quidem
247 3084 298 3158 qui
309 3083 483 3140 antecedens
494 3086 616 3139 Domino
628 3085 657 3139 in
670 3083 940 3155 dieJndiciiconlla-
995 3085 1067 3155 pais,
1083 3085 1108 3139 et
1123 3085 1172 3139 isti
1192 3092 1246 3139 tres
1260 3091 1426 3139 enumerat
1440 3083 1463 3154 (Ι
1477 3084 1558 3140 ioan.
1574 3101 1602 3152 v,
1619 3086 1661 3156 8).
1686 3085 1746 3143 Nisi
1767 3084 1811 3141 ial-

115 3175 213 3249 grabit
228 3178 320 3230 totum
332 3173 433 3229 orbem
445 3178 528 3229 terra
543 3173 645 3229 1208
658 3173 742 3245 (Prot.
753 3190 828 3242 xcvi,
841 3176 869 3246 3,
877 3176 942 3232 abs·
955 3142 977 3210 G
996 3170 1040 3228 lor
1050 3175 1159 3238 autem,
1169 3171 1257 3227 etiam
1271 3170 1343 3227 illud
1354 3171 1575 3242 explanavimus
1588 3174 1671 3246 quod
1682 3174 1811 3231 Dominae

114 3280 171 3338 quc
186 3263 228 3319 eis
240 3262 288 3333 qni
300 3262 436 3334 baptizati
456 3267 526 3318 sunt
540 3261 569 3316 in
585 3261 694 3334 Spiritu
711 3269 811 3318 sancto
826 3269 855 3318 et
870 3262 941 3336 igni.
997 3264 1096 3317 noster
1107 3260 1164 3316 sit:
1178 3260 1420 3332 ioannerqaidem
1428 3262 1580 3334 baptizavit
1604 3280 1693 3334 aqua,
1713 3279 1756 3320 nes
1767 3280 1812 3320 cs·

151 3351 248 3408 XVlll.
265 3351 299 3406 lit
309 3350 481 3406 bominibus
497 3349 616 3422 quidem
632 3348 760 3422 Spiritus
779 3356 944 3422 perseverat
996 3358 1050 3406 tem
1060 3348 1279 3420 baptizabimini
1292 3351 1324 3406 in
1336 3351 1445 3421 Spiritu
1459 3357 1557 3408 sancte
1572 3353 1644 3424 (Act.
1662 3370 1683 3423 1,
1697 3354 1735 3423 5).
1749 3354 1812 3409 Pre-

119 3441 208 3500 hodie
222 3437 389 3505 invisibilis,
406 3439 483 3494 sicut
497 3438 639 3494 Dominus
655 3438 742 3494 dicit:
759 3438 880 3509 Spiritus
894 3441 944 3496 nbi
997 3442 1075 3494 terea
1084 3439 1219 3495 existimo
1230 3455 1284 3495 nos
1294 3455 1352 3495 non
1363 3438 1512 3495 infirmam
1524 3441 1672 3497 rationem
1684 3442 1810 3498 reddidit·

113 3532 172 3587 eali
184 3531 282 3600 spirat,
297 3532 324 3583 et
335 3528 422 3583 nescis
436 3526 507 3582 unde
521 3529 615 3583 veniat
630 3528 671 3583 oet
686 3543 737 3598 qno
751 3527 834 3584 eadat
852 3530 940 3599 lirion.
996 3544 1028 3584 se
1042 3528 1265 3584 consuetudinis
1281 3545 1412 3585 causam.
1427 3528 1560 3585 Tuemur
1570 3534 1683 3598 tamen,
1693 3532 1808 3603 etsipee

116 3635 158 3683 ιιι,
175 3616 213 3684 8).
230 3615 285 3671 Sed
297 3614 325 3669 io
345 3613 487 3686 principio
506 3614 636 3686 mysterii
652 3614 719 3670 fidei
745 3621 774 3671 st
801 3616 942 3687 spiritalis
996 3617 1101 3673 teriora
1111 3615 1174 3672 loco
1190 3616 1219 3671 id
1233 3616 1369 3685 iacimus,
1381 3633 1418 3674 ne
1434 3617 1484 3689 qui
1500 3622 1584 3690 putet
1600 3636 1656 3675 nos
1677 3619 1809 3676 unicoar·

116 3704 304 3777 baptismatis
318 3703 365 3758 bic
381 3702 457 3758 idem
473 3703 599 3776 Spiritus
616 3705 769 3760 manifeste
798 3706 876 3762 risus
898 3712 942 3764 est
996 3705 1086 3763 ticulo
1101 3709 1272 3777 presentem
1297 3705 1517 3762 altercationem
1544 3709 1701 3766 suscitare.
1726 3710 1808 3774 Quen·

117 3799 146 3851 et
160 3809 250 3866 super
265 3791 426 3864 discipulos
439 3790 587 3848 insedisse
597 3792 681 3864 quasi
692 3792 768 3865 ignis
778 3810 784 3848 :
796 3793 876 3866 item,
888 3811 942 3851 coe·
997 3812 1085 3867 quam
1097 3795 1158 3851 bec
1170 3795 1445 3852 consuetudoetiem
1454 3795 1808 3871 soladebsretapudbcmi·

115 3882 154 3938 lis
169 3881 289 3954 apertis,
306 3879 492 3936 descendisse
507 3896 596 3954 super
620 3881 777 3937 Dominum
799 3882 941 3940 columba
996 3901 1048 3941 nes
1063 3884 1197 3941 timorem
1213 3884 1264 3940 Dei
1279 3884 1419 3941 babentes
1434 3890 1464 3940 et
1477 3884 1621 3955 humiles,
1642 3887 1805 3960 precipuum

114 3970 262 4039 similem,
280 3968 420 4043 quonism
434 3968 583 4042 pleraque,
600 3970 659 4026 imo
674 3986 748 4043 pene
767 3973 941 4046 omniaque
995 3973 1093 4030 locum
1109 3973 1251 4030 obtinere.

114 4057 498 4117 essentiaturamanilesta
517 4063 603 4115 sunt:
634 4076 697 4132 que
725 4065 823 4117 tamen
853 4064 940 4120 modo

826 4208 994 4274 Variorum
1015 4219 1109 4276 nota.

150 4341 208 4413 (36)
220 4339 305 4398 Pauli
315 4337 491 4399 Praedicatio.
508 4340 551 4399 lta
565 4346 649 4399 vetus
662 4343 751 4399 codex
776 4341 940 4413 Remensis,
996 4343 1299 4416 teratrine,modosnb
1310 4345 1466 4418 utriusque
1476 4345 1597 4404 nomina
1608 4349 1805 4406 circumfertur.

114 4416 188 4468 teste
204 4411 341 4538 Riqaltip,
357 4414 407 4486 qui
437 4419 535 4498 tamen
559 4417 637 4471 Petri
655 4432 761 4499 nomen
785 4418 916 4487 reposuit
932 4436 939 4476 ε
961 4389 1091 4503 DDigna
1106 4422 1176 4473 sunt
1191 4434 1254 4500 qua
1269 4419 1464 4502 proferantur,
1480 4420 1570 4476 verbs
1586 4419 1804 4507 Laomtiizbe·

114 4483 613 4613 ttttttilltttibitibi
626 4490 941 4616 tttdtittttttl:
992 4488 1456 4632 tttti’ttittbttttt‘
1463 4492 1618 4618 iiim
1663 4489 1803 4620 ,bibl

115 4576 941 4713 turam'prastiteruntquoqueoxoniensesutrertsqui·
995 4634 1308 4689 elearaanrcirroin
1335 4635 1500 4688 nremoriam
1527 4579 1634 4706 sange
1658 4633 1799 4714 permansit·
1852 4686 1854 4695 .

113 4697 180 4751 dem
194 4715 200 4765 ;
216 4714 283 4752 nam
300 4704 401 4754 auctor
415 4715 580 4772 anonymus
595 4718 652 4756 non
665 4707 781 4769 erravit,
798 4708 831 4757 nt
855 4708 941 4776 puts·
995 4706 1064 4769 Qus
1080 4720 1151 4761 sane
1166 4705 1293 4760 maxims
1303 4719 1433 4760 consona
1443 4704 1798 4780 usperbibentur,qaabu

113 4772 182 4822 runt
195 4767 378 4851 ltigaltiuset
388 4769 534 4838 Dsluzius,
548 4773 631 4828 Pauli
644 4773 864 4856 pradicationem
883 4773 941 4831 col·
995 4777 1096 4833 statim
1109 4775 1210 4831 subdit
1226 4781 1324 4859 noster
1339 4791 1515 4902 anongmus.
1529 4776 1679 4859 Damna.
1751 4847 1757 4859 ι

113 4837 250 4923 laudans.
263 4840 412 4912 Siquidem
424 4858 458 4897 ex
467 4843 828 4930 Clementeflblexpndrmo.
839 4845 940 4931 Strcm.
1014 4918 1019 4930 ⁸
1031 4848 1093 4929 (37)
1102 4848 1143 4904 Ad
1156 4847 1398 4930 smutrapraemra.
1434 4856 1490 4930 rete.
1503 4848 1622 4975 Riffislut
1637 4854 1667 4905 et
1676 4848 1794 4933 onmeu·

112 4911 164 4967 lrb.
181 4928 220 4977 vr,
237 4928 303 4984 pag.
319 4913 382 4976 639,
398 4917 427 4967 et
441 4930 475 4969 ex
491 4914 650 4982 Lactantio,
668 4916 757 4971 Dinia.
775 4917 868 4973 insin.
888 4916 940 4972 lib.
996 4934 1074 4973 sium
1087 4921 1353 4991 interpunctionem
1363 4934 1526 4990 sequimur.
1562 4919 1793 4996 temperassen-

115 4999 154 5048 1v,
170 4999 232 5055 cap.
250 4983 460 5048 21,disoimus,
482 4986 554 5040 Petri
576 4987 697 5042 etPunli
716 4987 943 5058 predicationem
997 4991 1389 5061 nuntiasperueniriperccm
1409 4989 1685 5048 endiamadsaletis
1703 4999 1792 5066 prentt

116 5072 209 5112 unum
220 5055 359 5128 idemque
372 5057 428 5113 scri
436 5062 518 5130 ptum
534 5056 636 5124 luisse,
648 5060 822 5129 quodmodo
834 5061 888 5117 snb
899 5059 941 5117 al·
999 5067 1076 5133 pato,
1089 5065 1145 5117 stc.
1162 5062 1260 5118 Minus
1273 5066 1362 5119 recte.
1401 5078 1517 5120 inmun.
