3900 6112
47 214 50 219 Ι
107 264 170 329 4464
337 280 340 285 “
745 260 863 327 eleae
883 264 936 326 4444
957 262 1186 327 aetatulae.
1365 210 1373 227 Ι
1756 262 1817 329 940

110 382 201 474 'mem
216 409 242 457 44
251 398 533 471 sulptaroltomiao
556 396 589 453 de
611 398 677 454 roeto
699 396 777 469 (Gerr.
799 414 857 464 arx,
877 396 933 468 44).
950 399 977 465 Α
992 395 1076 452 llam.
1100 414 1158 460 avr.
1182 396 1219 466 9;
1246 397 1327 453 iletr.
1355 414 1374 452 r.
1400 396 1427 472 3)
1452 399 1481 453 44
1508 414 1526 453 4
1550 397 1701 471 prophetis
1724 401 1753 455 et
1780 400 1816 455 ah
1866 428 1870 435 ·
1933 408 1936 413 '

108 496 249 547 anteum
265 490 301 545 ad
317 488 465 545 Christum
482 488 521 559 (l)
549 504 556 541 ι
582 488 669 542 Filios
691 504 769 542 aneos
791 503 819 542 es
835 491 874 553 to,
890 501 938 556 epe
993 485 1133 558 apostolis
1158 486 1360 559 approbatur?
1382 488 1415 543 ur
1440 486 1512 543 suile
1533 485 1653 561 lengum
1681 486 1768 557 lucio,
1793 488 1820 545 sl

107 580 188 637 4444444
201 580 285 651 pecati
300 588 328 634 te
340 598 348 648 3
362 578 472 650 postule
485 593 529 632 aare
542 580 568 632 44
587 576 655 632 dato
670 576 721 631 tilii
744 584 836 645 prutes
849 575 936 633 taure-
992 574 1093 631 enisus
1108 574 1174 631 lure
1189 592 1290 631 omnes
1311 576 1431 632 ornaino
1447 577 1483 632 ad
1507 575 1583 633 hane
1607 580 1720 649 purtem
1735 593 1820 633 voees
1931 592 1937 603 ⁸

107 670 225 726 ditarem
238 676 326 736 tuem,
338 671 365 723 et
377 668 573 739 possessionem
589 670 665 721 taram
680 667 829 722 termiaoes
842 668 939 721 terrac?
993 679 1169 735 congregare
1179 682 1185 727 ;
1195 664 1435 736 quandoquidem
1451 682 1509 722 nou
1523 669 1584 721 tam
1600 665 1713 722 Veteris
1730 682 1820 737 quam

108 759 196 830 (l’sel.
213 758 335 829 44,7,8.)
352 752 938 812 44444444444444444444444444444444-
992 752 1081 809 etiem
1104 753 1176 809 Novi
1202 754 1381 810 Testamenti
1405 754 1555 828 Scriptura
1584 756 1682 812 diuina
1710 755 1820 828 ubique

108 848 148 903 bu
163 847 204 904 ait
220 866 226 903 :
249 847 328 902 erata
351 848 488 901 Dominus
504 845 579 900 4487
598 846 713 900 ltomiac
734 860 791 900 aree
811 862 820 899 :
841 843 909 900 Sede
921 859 940 898 e
993 844 1222 901 ostendatillum
1238 862 1272 902 ea
1283 850 1367 901 Patre
1379 849 1552 919 natum,per
1565 863 1654 919 quem
1664 847 1823 905 factasunt

107 936 214 993 44444444
231 952 309 1001 amre,
325 935 409 991 donce
431 951 533 1007 ponem
555 933 685 989 arrimicos
709 941 767 989 taos
787 934 940 989 scabellum
993 934 1104 1001 emnia,
1120 938 1149 990 et
1164 935 1226 991 sine
1242 952 1299 1008 444
1316 936 1425 991 iactum
1445 941 1490 992 est
1511 936 1596 1008 nihil,
1613 937 1662 1009 qui
1679 936 1822 995 obedierit
1892 984 1895 991 .

106 1026 210 1097 pedum
222 1024 459 1096 tuorumttPset.
476 1040 532 1093 cra,
549 1023 586 1091 1.)
605 1025 664 1077 444
687 1038 754 1077 curn
776 1022 855 1079 lauis
872 1039 937 1095 pre·
995 1023 1072 1079 44448
1084 1040 1200 1095 semper
1213 1024 1291 1079 Patri
1303 1026 1331 1080 et
1345 1023 1470 1093 obediat,
1482 1040 1598 1097 semper
1612 1026 1825 1085 habentemre·
1907 1008 1910 1015 ¹

108 1116 225 1189 phetias
240 1113 398 1186 explicans,
415 1113 528 1169 invenit
551 1112 679 1183 positum
696 1112 738 1167 sic
762 1116 854 1169 :Hac
872 1113 940 1169 dicit
994 1128 1060 1167 rum
1077 1111 1209 1168 omniurn
1226 1116 1411 1184 potestatem,
1437 1113 1488 1169 ssd
1512 1130 1571 1184 qua
1594 1115 1745 1185 traditam,
1770 1116 1822 1173 sed

106 1206 239 1261 Dominus
259 1202 365 1258 Clara'sto
390 1218 449 1258 mee
471 1202 609 1258 Domino?
624 1201 661 1273 (2)
677 1204 731 1257 Iso.
749 1218 811 1267 xcv,
828 1203 865 1274 l.)
882 1206 940 1258 aar
994 1217 1052 1273 que
1076 1217 1257 1269 concessam,
1275 1203 1324 1258 sed
1349 1218 1409 1274 qua
1431 1206 1548 1259 aPetro
1564 1204 1680 1276 proprie
1702 1204 1759 1260 eibi
1774 1204 1820 1261 in·

108 1310 175 1350 cum
200 1292 293 1364 legit:
318 1293 377 1348 Noa
400 1290 527 1347 descendi
550 1290 583 1346 de
601 1291 940 1360 celoatseciemeclua-
994 1290 1117 1347 dottam.
1134 1290 1207 1353 Quid
1225 1292 1508 1348 enimtameridens
1532 1296 1715 1365 potestesse,
1744 1293 1823 1351 hunc
1921 1346 1927 1357 ,

106 1383 192 1437 tatem
221 1396 322 1447 meam,
345 1378 391 1434 seat
420 1379 588 1434 uoluntatem
611 1378 670 1450 ejas
694 1378 743 1449 qui
770 1380 848 1434 misit
871 1381 941 1436 rae?
994 1396 1051 1434 non
1069 1379 1646 1455 Petrenresse‚sedFiliumqoanrquod
1662 1383 1823 1442 obaudiens
1929 1410 1934 1421 ·

108 1472 202 1543 (44444.
216 1486 257 1536 rr,
272 1468 330 1540 38.)
346 1471 403 1523 Aut
422 1467 493 1523 dum
508 1466 620 1523 invenit
635 1465 762 1539 pesitum
780 1485 787 1524 ε
805 1469 941 1536 Quoniam
994 1469 1071 1525 Patri
1087 1473 1144 1525 [reo
1169 1471 1352 1543 proponitur,
1370 1487 1406 1526 ne
1432 1470 1457 1527 si
1484 1471 1567 1527 Pater
1586 1488 1650 1527 ease
1676 1472 1822 1546 credatur,

108 1561 159 1633 qui
179 1575 220 1615 mc
235 1559 321 1621 misit,
337 1558 429 1628 aarojor
442 1574 487 1613 me
509 1560 570 1613 est?
593 1556 690 1629 (decul
713 1574 770 1624 xiv,
799 1558 856 1631 28.)
884 1561 941 1614 Α44
995 1558 1078 1615 444444
1098 1560 1162 1630 )“444
1183 1560 1329 1616 DcuPatri
1354 1560 1489 1617 Christus
1518 1561 1670 1631 subjectus
1698 1561 1824 1619 essedi·
1924 1560 1930 1575 “

109 1666 178 1705 cum
200 1648 367 1704 considerat
388 1646 554 1719 scripturn:
575 1648 615 1701 Ec
631 1646 666 1702 ori
683 1651 794 1703 Patrem
808 1664 899 1705 rusum
912 1657 940 1704 44
996 1652 1102 1704 catur?

109 1741 226 1795 Patrem
248 1740 382 1800 oestrum,
412 1738 500 1792 Deam
520 1752 615 1791 ereum
635 1744 660 1792 ct
684 1742 771 1791 Deum
793 1736 942 1793 vestrum?
1210 1737 1607 1810 circumstiterunt.

112 1830 202 1897 (leae.
218 1844 264 1895 xx,
284 1826 340 1899 47.)
354 1828 411 1881 Aut
431 1825 547 1898 quande
569 1825 658 1880 hebet
672 1840 739 1880 cum
755 1827 867 1882 ceteris
882 1826 940 1882 eol.
996 1828 1100 1884 Palalce
1119 1828 1262 1900 respondet
1275 1827 1312 1882 444
1335 1827 1407 1882 illud
1420 1844 1430 1880 .·
1446 1831 1504 1899 Ego
1519 1831 1548 1882 et
1563 1832 1645 1900 peter
1666 1844 1759 1885 unum
1774 1844 1824 1886 eu·

108 1916 238 1973 locatum
253 1915 292 1988 (3)
310 1933 316 1972 :
342 1914 393 1970 set
411 1915 443 1970 ia
467 1915 526 1983 lepe
544 1921 635 1970 cestre
657 1916 852 1986 scriptumest,
876 1917 943 1987 quio
1140 1916 1216 1967 ¹⁰³⁸,
1233 1900 1305 1971 l¹¹⁰d
1325 1898 1370 1953 5¹¹5
1382 1914 1431 1970 4440
1446 1914 1475 1953 ⁸⁶
1492 1900 1680 1956 militemini·
1942 1984 1945 1991 Ι

109 2007 230 2063 duorum
244 2005 432 2061 testiinonium
446 2020 542 2059 oerum
557 2013 615 2071 rst;
631 2019 681 2073 epe
697 2003 728 2059 dc
744 2020 787 2061 me
800 2006 942 2076 testificor,
1032 2004 1087 2060 Sed
1104 2004 1821 2078 quiatrequenterintenduntillumnobisleeum
1882 2030 1885 2035 ·
1933 2052 1938 2061 .

111 2100 137 2153 et
157 2095 319 2164 testificatus
334 2098 375 2149 est
385 2094 417 2149 dc
430 2109 475 2148 me
496 2094 547 2165 qai
568 2108 611 2148 me
638 2094 717 2149 arisit
733 2094 835 2149 Pater?
852 2096 941 2165 (444444.
997 2110 1055 2165 quo
1070 2094 1182 2150 dictum
1199 2094 1255 2150 sit:
1273 2096 1326 2165 Epo
1340 2102 1367 2149 44
1381 2095 1463 2150 Pater
1478 2110 1564 2150 unum
1578 2110 1672 2151 sumtis
1686 2096 1775 2167 (4444.
1791 2112 1821 2165 x,

110 2201 173 2243 vni.
191 2185 235 2251 47,
256 2184 313 2253 48.)
336 2186 394 2239 Aut
418 2182 536 2255 quando
559 2198 614 2237 voa
634 2182 669 2239 de
693 2182 764 2239 caelo
785 2183 940 2240 redditur:
996 2184 1060 2256 30);
1077 2187 1106 2239 et
1120 2184 1149 2238 in
1166 2183 1220 2238 hac
1236 2182 1302 2238 illos
1317 2199 1399 2255 mque
1416 2182 1498 2239 facile
1521 2184 1682 2240 vincemus.
1698 2185 1729 2241 Si
1744 2186 1823 2241 enim
1929 2200 1936 2209 ·

110 2276 144 2331 et
168 2274 358 2344 4444444444,
394 2276 420 2328 44
443 2270 658 2343 honorificate?
682 2271 770 2343 (44444.
804 2288 856 2339 xu,
884 2272 942 2345 28.)
996 2277 1069 2340 4444,
1087 2275 1119 2327 44
1141 2270 1269 2327 heretici
1296 2276 1412 2343 putant,
1433 2272 1674 2341 laterChristos,
1697 2273 1827 2347 oportuit

110 2366 171 2421 Aut
186 2362 337 2434 quaadoa
362 2361 444 2416 Petro
460 2361 655 2432 respondetur
668 2365 697 2416 et
718 2360 900 2418 diciturzlo
914 2378 943 2417 es
996 2361 1183 2430 (4444444444
1197 2371 1225 2417 44
1253 2363 1336 2417 Partcr
1363 2361 1401 2434 (4)
1429 2376 1499 2417 aeus
1520 2378 1580 2417 sum
1600 2363 1688 2433 (44444.
1712 2381 1740 2434 x,
1764 2364 1822 2435 30).
1900 2358 1903 2363 ’

113 2452 205 2508 Filius
221 2453 269 2508 4444
281 2451 354 2506 ariaci?
368 2450 476 2523 (444444.
488 2466 545 2517 444,
559 2450 614 2521 ld.)
626 2451 683 2504 Aut
698 2450 815 2520 quande
825 2450 862 2505 ab
877 2450 942 2523 ipae
996 2455 1033 2507 at
1048 2467 1114 2507 eum
1132 2452 1169 2523 (5)
1185 2454 1238 2522 Epo
1258 2450 1327 2506 dicit
1342 2450 1448 2506 deinde
1458 2451 1573 2506 Putrem
1596 2450 1821 2520 inlert‚dleende

115 2542 240 2597 Domino
255 2543 473 2597 sacramentum
488 2538 577 2609 hujus
598 2537 783 2595 revelationis
798 2540 941 2611 approbe—
996 2546 1051 2611 Epo
1066 2550 1093 2597 et
1103 2540 1402 2612 Peter,preprirtutem
1413 2556 1544 2612 persone
1560 2558 1629 2607 sure,
1645 2539 1674 2595 id
1689 2544 1734 2596 est
1745 2540 1819 2609 44444,

111 2634 174 2698 444,
188 2633 217 2685 44
241 2628 348 2684 dieitur
374 2646 380 2683 :
407 2630 505 2683 ltcatus
526 2644 565 2694 es,
589 2625 683 2682 Simon
703 2628 848 2697 Beriarac:
870 2644 941 2699 pue·
994 2635 1146 2703 apaterna
1160 2629 1816 2702 auctoritatediscernitatquedistinguit‚nen

111 2720 191 2774 nium
205 2717 254 2773 laec
267 2718 320 2773 4444
332 2733 387 2773 son
402 2717 534 2772 4444444444
546 2732 610 2771 cero
633 2720 659 2771 44
682 2718 807 2785 scriptiis,
828 2717 873 2771 scd
885 2719 938 2772 444-
993 2719 1196 2775 tantummode
1212 2718 1247 2773 de
1263 2734 1334 2774 sono
1349 2717 1487 2786 nominis,
1497 2718 1548 2773 sed
1559 2718 1645 2774 etiam
1663 2721 1699 2774 de
1714 2720 1818 2777 ordine

110 2815 155 2864 ter
169 2823 245 2863 tracas
260 2806 307 2879 qui
322 2808 350 2861 irr
365 2806 439 2862 caelis
454 2809 516 2861 cst?
529 2804 609 2872 (ibid.
625 2822 641 2860 4
656 2804 714 2876 47.)
735 2808 795 2860 Aut
820 2806 938 2877 quande
993 2807 1140 2880 disposita
1157 2807 1327 2880 potestatis3
1343 2806 1393 2880 qui
1409 2807 1554 2879 potuisset
1568 2806 1664 2862 dicere
1674 2824 1681 2873 ;
1692 2808 1747 2879 tipo
1759 2808 1816 2864 Pe·
1928 2796 1931 2801 ¹

110 2895 149 2952 ab
166 2896 230 2968 ipso
251 2895 365 2950 Christe
390 2893 584 2966 exprimitur:
601 2895 694 2963 Pater,
709 2895 833 2964 clarifice
847 2910 893 2950 mc
906 2911 938 2952 eo
992 2906 1046 2965 ter,
1063 2899 1086 2954 44
1101 2902 1216 2952 Patrem
1232 2912 1264 2952 se
1285 2911 1349 2952 esse
1374 2895 1567 2951 meminisset.
1592 2896 1626 2951 Et
1650 2896 1721 2967 quia
1744 2896 1820 2961 dixit

109 2986 216 3041 torrere
230 3000 283 3057 qaae
307 2985 353 3055 sei
372 2983 445 3055 upari
468 2993 503 3051 tc,
531 2988 679 3054 urrtrqaum
695 2984 814 3039 maenalus
836 2984 938 3055 fierit?
991 3004 1088 3057 auara,
1114 2985 1282 3057 intelligant
1310 2984 1438 3040 4444444444
1461 2983 1531 3051 quia
1554 3000 1613 3039 non
1636 2984 1710 3040 dixit
1732 3001 1817 3057 4444,

108 3075 200 3145 (teari.
224 3073 419 3146 xv11,5.)Aut
442 3088 506 3128 curn
522 3072 557 3127 ab
582 3072 684 3128 eodem
700 3071 807 3127 dicitur
822 3090 828 3127 :
845 3074 936 3137 Peter,
993 3078 1081 3133 Uram
1095 3074 1174 3131 euim
1198 3072 1370 3131 neutraliter
1385 3073 1512 3145 pesitum
1534 3072 1681 3129 societatis
1696 3090 1817 3133 caneer-

107 3164 232 3220 sciebam
253 3165 319 3235 paia
340 3178 445 3233 semper
462 3178 506 3217 me
527 3161 626 3224 oudam
643 3177 736 3217 verum
750 3170 862 3233 prepter
880 3163 935 3217 rir-
951 3142 973 3209 G
992 3164 1070 3220 diam
1099 3181 1157 3219 ncn
1182 3162 1325 3218 unitatem
1353 3177 1484 3234 persone
1507 3166 1600 3217 sonat.
1624 3163 1711 3218 444444
1738 3164 1816 3220 enirn

109 3255 276 3309 cumstontes
291 3252 364 3317 44444,
380 3259 409 3307 at
423 3250 535 3307 credent
549 3253 614 3323 arria
629 3257 659 3306 to
674 3266 717 3306 arc
732 3251 832 3307 arrisisti
846 3253 935 3323 (4444.
993 3271 1049 3310 aon
1065 3268 1135 3308 unus
1154 3268 1218 3308 esse
1233 3251 1350 3322 dicitur,
1367 3250 1506 3323 quoniam
1522 3267 1575 3306 nee
1601 3251 1637 3307 ed
1659 3268 1817 3310 numerum

109 3359 151 3410 444,
169 3342 224 3415 42.)
240 3344 296 3397 dut
312 3358 379 3397 curn
395 3340 525 3396 definitio
541 3340 646 3412 regula
671 3340 707 3396 ab
735 3340 798 3413 ipsc
823 3340 937 3397 Christo
991 3341 1184 3411 retertur,sed
1200 3340 1236 3396 ed
1253 3340 1421 3397 societatem
1435 3339 1556 3397 alterius
1571 3341 1753 3412 expromitur
1767 3342 1817 3414 (6).

111 3430 282 3498 4444444444,
296 3436 324 3486 44
346 3431 452 3486 dieitur
468 3448 475 3484 :
493 3435 559 3487 llaec
582 3434 621 3485 est
638 3432 731 3485 uatem
753 3431 808 3485 atta
823 3434 936 3499 4444444,
993 3431 1121 3503 lteoique
1140 3430 1242 3501 adjicit
1256 3430 1367 3497 dicens,
1384 3446 1488 3501 arianas,
1506 3446 1563 3485 non
1578 3438 1652 3499 sant,
1669 3434 1702 3487 ut
1716 3434 1819 3487 ostea-

108 3530 141 3577 ot
159 3522 249 3576 sciant
263 3529 289 3576 44
303 3536 389 3575 arram
412 3528 438 3576 et
461 3536 554 3576 4444444
572 3522 668 3589 Doara,
685 3522 710 3576 et
732 3535 813 3592 quem
837 3522 939 3575 misisti
992 3522 1073 3577 deret
1085 3536 1136 3592 per
1150 3519 1206 3575 hoc
1222 3521 1297 3592 quod
1314 3520 1397 3589 dixit,
1412 3536 1507 3575 sumas
1532 3522 1558 3575 et
1581 3520 1663 3575 Pater
1676 3520 1726 3592 (7),
1743 3520 1818 3577 duae

108 3613 201 3668 iescam
218 3610 365 3666 Christum.
391 3611 446 3679 Epo
469 3618 493 3665 te
517 3608 696 3679 horrerificooi
719 3614 936 3681 superterram,
993 3626 1059 3666 ease
1074 3624 1224 3681 personas.
1252 3609 1339 3665 Unam
1364 3614 1461 3663 autern
1478 3608 1555 3679 qued
1573 3606 1622 3675 ait,
1646 3609 1682 3663 ud
1698 3624 1818 3666 coneur-

107 3715 177 3772 epus
195 3701 299 3772 perfert
317 3699 389 3771 qood
409 3697 511 3753 dedisti
534 3699 627 3753 mitri?
646 3698 735 3768 (teau.
755 3714 823 3768 4444,
844 3700 872 3766 3,
898 3699 939 3785 4,)
993 3698 1072 3755 diam
1086 3703 1114 3753 et
1127 3698 1261 3753 eamdem
1277 3696 1450 3752 sententiam
1465 3704 1495 3752 et
1508 3696 1544 3752 444
1559 3695 1654 3769 ipsam
1667 3695 1828 3757 eharitatis.

106 3792 167 3845 Aut
180 3804 249 3844 eum
265 3788 334 3843 item
351 3788 386 3843 ab
406 3788 507 3843 ecdem
527 3787 670 3843 asseritur
688 3790 717 3842 et
730 3786 838 3843 dicitur
854 3803 860 3844 :
878 3789 939 3844 4444-
992 3786 1161 3843 societatem
1174 3786 1300 3858 pertinet
1310 3786 1365 3857 (8);
1382 3792 1414 3840 ut
1426 3785 1530 3841 meritc
1543 3800 1633 3839 unum
1645 3785 1684 3840 sit
1699 3782 1838 3853 Poterat!

105 3878 158 3933 444
180 3878 252 3933 atili
275 3876 381 3932 44444444
401 3880 465 3932 rarat
489 3894 505 3932 a
529 3878 613 3933 Putre
632 3879 716 3932 mee?
730 3877 807 3948 (Lae.
832 3894 859 3945 4,
880 3877 938 3950 22.)
994 3875 1155 3947 4444444444
1169 3874 1366 3941 concordiam,
1378 3879 1407 3929 ct
1421 3890 1473 3945 per
1487 3889 1627 3940 amorem,
1640 3878 1669 3929 et
1684 3889 1736 3944 per
1746 3874 1819 3931 dile-

106 3970 164 4023 444
178 3982 246 4022 cum
260 3967 361 4022 sedere
376 3966 412 4021 ad
432 3965 580 4022 dexteram
607 3966 701 4022 Patris
716 3965 805 4037 (Paul.
821 3981 878 4037 444,
898 3967 908 4021 4
930 3986 939 4038 3
995 3966 1132 4023 ctionem.
1150 3964 1183 4020 Et
1198 3964 1336 4034 queniam
1360 3980 1395 4020 eu
1417 3963 1500 4019 Putre
1515 3966 1570 4031 cst,
1587 3960 1730 4034 quidquid
1745 3962 1819 4020 illud

749 4119 905 4183 Gellandii
920 4118 1178 4183 commentarius.

147 4272 182 4341 (4)
198 4270 237 4326 ,444
252 4271 399 4326 (3444444444.
416 4270 446 4327 Si
467 4271 646 4327 laeksenum
671 4270 784 4338 audias,
801 4271 937 4326 addenda
991 4271 1110 4325 locutum
1131 4286 1140 4323 :
1164 4268 1247 4339 eique
1271 4268 1394 4322 oleoso
1418 4267 1592 4322 4444444444.
1618 4266 1819 4338 Congruenter

105 4342 158 4399 hie
182 4343 255 4399 lorte
276 4359 329 4399 vox
351 4343 468 4398 dicetur.
491 4344 545 4398 sed
572 4342 644 4396 nihil
670 4359 788 4398 necesse
814 4360 821 4399 ε
849 4343 936 4414 paulo
990 4358 1061 4397 sanc
1086 4340 1233 4413 prioribus
1256 4341 1374 4409 portiom
1397 4340 1544 4409 scriptam,
1559 4341 1613 4394 ete.
1640 4337 1730 4394 Paulo
1753 4341 1820 4412 poet

104 4415 188 4471 enim
199 4415 334 4486 superius
345 4415 418 4470 444444
429 4432 436 4470 :
449 4415 516 4469 Caua
526 4414 602 4485 legat
612 4413 806 4469 dietum-ad
818 4415 934 4470 Filiam:
991 4418 1129 4486 preterea
1146 4412 1296 4467 collocator
1310 4409 1444 4482 legimus.

128 4502 174 4542 ure
188 4486 303 4557 qrridem
318 4486 382 4542 due
396 4502 481 4541 voces
507 4486 560 4541 liae
583 4485 654 4540 item
676 4485 731 4541 laci
754 4486 932 4542 4444444444-
1025 4486 1064 4553 (4)
1080 4486 1282 4551 saciaretur.
1300 4480 1347 4536 Sic
1372 4481 1453 4535 editt.
1478 4478 1612 4537 Frobenii
1634 4482 1663 4535 et
1686 4479 1818 4538 Pamelil.
1920 4520 1923 4525 -

103 4503 160 4613 gas,
959 4556 1133 4647 DGagnaeus
1156 4570 1221 4609 vero
1244 4559 1271 4607 44
1295 4552 1446 4607 4444444444
1469 4568 1476 4607 :
1503 4552 1556 4620 Epo
1577 4559 1604 4607 44
1626 4553 1709 4608 Peter
1731 4568 1821 4609 uuum

144 4626 183 4698 (2)
198 4627 304 4684 Christe
327 4644 386 4683 mee
408 4628 531 4684 Domino.
558 4629 630 4683 Cum
655 4627 726 4682 Lxx
750 4627 939 4697 scripsissent
998 4643 1070 4682 4444.
1083 4629 1120 4680 444
1135 4624 1260 4680 editores
1274 4624 1317 4678 Aa
1339 4623 1428 4679 licani
1439 4640 1445 4678 :
1455 4623 1510 4689 Eae
1525 4627 1550 4679 44
1565 4629 1649 4679 Peter
1663 4640 1734 4680 unm
1748 4641 1820 4681 sam.

103 4705 199 4773 Κυρῳ,
228 4699 385 4772 antiquarii
420 4700 620 4756 existimantes
643 4699 750 4755 isaiam
788 4698 869 4772 loqui
909 4699 944 4755 de
998 4701 1066 4766 Quae
1095 4713 1163 4751 vera
1189 4640 1423 4761 videturqectic,
1455 4695 1490 4751 ab
1516 4695 1642 4769 ipsemet
1660 4695 1821 4753 Novatiaae

104 4771 315 4839 christotoco,
331 4788 384 4827 nee
401 4773 435 4827 ud
452 4772 557 4844 Cyrum
579 4772 774 4833 attendentes.
789 4775 943 4841 assumpta
998 4768 1085 4844 paulo
1100 4772 1166 4841 pest
1180 4784 1210 4823 re
1221 4767 1312 4822 retita.

103 4843 204 4899 vicina
229 4860 297 4899 voce
326 4841 415 4915 Κυρῐῳ
436 4842 531 4898 locum
545 4844 705 4913 Scripturas
716 4842 777 4913 jam
794 4843 864 4897 olim
879 4859 942 4897 cor·
1032 4842 1070 4913 (5)
1082 4843 1113 4895 ,44
1128 4857 1200 4897 carra.
1213 4786 1449 4895 il'elchnmnnas
1464 4854 1498 4894 ex
1513 4839 1736 4913 (lagaeamrltqui
1748 4854 1820 4895 mam.

114 4920 270 4987 ruperunt.
283 4918 465 4986 Quapropter
477 4915 676 4969 Tertullianus
687 4916 816 4970 oduarius
824 4915 941 4984 tiriaus,
996 4913 1051 4969 Sed
1066 4912 1202 4968 Gelenius
1213 4928 1247 4967 ex
1258 4927 1316 4967 ms.
1326 4910 1437 4966 Britan.
1452 4914 1481 4966 et
1497 4918 1562 4984 post
1575 4912 1660 4969 illum
1676 4909 1822 4968 l’ameliue

109 5002 177 5067 cap.
192 4986 220 5049 7,
236 4990 265 5041 44
289 4986 418 5041 aduersas
440 4992 579 5042 Praeeem
606 5003 668 5057 rap.
692 4987 733 5052 44,
759 4994 785 5040 44
807 4988 860 5053 a&
888 4987 940 5057 Cy·
996 4984 1161 5050 4444444444,
1179 4984 1209 5039 44
1225 4986 1432 5039 cucullosus.

108 5072 234 5130 prianos
250 5059 393 5113 Testimee.
411 5058 461 5113 lib.
479 5074 498 5123 1,
516 5058 626 5128 cap‘il
643 5056 940 5129 ;char1asuahric,
1031 5056 1069 5128 (44)
1095 5057 1292 5128 ttrpromittur.
1319 5055 1495 5127 deprimitur
1518 5059 1562 5110 est
1584 5054 1679 5126 aptior
1700 5050 1786 5109 lectio
1811 5068 1820 5109 t

109 5145 180 5184 eum
199 5128 332 5199 plurimis
348 5134 407 5184 tarn
424 5130 530 5185 Grecis
567 5146 635 5184 uem
653 5128 765 5183 Latinis
780 5130 858 5201 apud
874 5128 940 5183 llic-
995 5130 1071 5197 qued
1089 5126 1244 5196 legendum
1260 5127 1428 5197 suspicatur
1444 5123 1717 5180 tt'elehmenus.le.

113 5216 269 5272 ronymunr
286 5201 321 5255 ad
336 5200 415 5255 44444
429 5205 540 5256 textum
547 5145 604 5255 1ise.
617 5216 681 5271 aaa,
694 5216 704 5254 1
717 5218 723 5265 ;
739 5204 768 5255 et
783 5202 817 5255 ad
834 5202 939 5255 444444.
1031 5199 1068 5269 (7)
1085 5199 1187 5254 Sarritor
1201 5204 1226 5253 ct
1242 5202 1333 5254 Pater.
1350 5199 1396 5253 e'ic
1411 5197 1492 5252 editi.
1509 5195 1721 5252 Wclehnranue
1736 5198 1821 5266 putat

105 5288 153 5337 111,
176 5272 225 5327 ι3;
255 5268 341 5398 reple>
354 5272 465 5343 legunt,
483 5289 515 5327 ae
531 5273 566 5327 de
580 5271 693 5326 Christo
709 5272 832 5327 Domino
848 5272 938 5326 inter·
994 5266 1161 5343 legendum,
1188 5270 1287 5326 Sauras
1299 5286 1347 5341 cpe
1367 5272 1393 5325 44
1407 5271 1496 5324 Peter.
1518 5269 1611 5340 Atque
1635 5267 1677 5323 444
1689 5266 1719 5321 44
1739 5269 1820 5323 textu

108 5347 274 5417 pretantur.
303 5349 331 5399 tu
346 5343 522 5399 0444444444
538 5343 573 5399 ad
590 5360 653 5415 cap.
673 5345 704 5398 l‘2
717 5344 807 5415 Epist.
824 5344 852 5400 S.
870 5343 939 5397 Bar·
994 5341 1145 5425 rescripsit
1166 5342 1342 5408 4444444444,
1366 5340 1480 5397 vindice
1500 5341 1628 5396 auctoris
1657 5355 1757 5408 seusu,
1786 5341 1821 5395 ut

105 5415 202 5482 nubre,
213 5414 330 5471 Videsis
346 5418 485 5471 adnotata
497 5416 525 5469 in
537 5414 616 5470 hunc
631 5415 712 5470 lsaire
728 5413 940 5486 locum,tem.1
992 5411 1057 5485 ipse
1072 5420 1122 5469 art.

107 5491 218 5544 nestra
232 5486 321 5557 hujus
337 5486 475 5543 Biblioth.
494 5486 546 5541 PP.
564 5503 629 5559 pag.
649 5487 708 5541 132.
1029 5485 1066 5556 (8)
1082 5488 1211 5541 Pertinet.
1228 5488 1271 5539 ltu
1293 5481 1439 5538 Pamelios
1463 5499 1497 5539 ex
1521 5483 1647 5550 Latinio,
1668 5498 1720 5555 pre
1735 5480 1820 5554 aaut·

146 5558 183 5630 (3)
200 5557 377 5615 collocutum.
402 5558 614 5615 Welchmenus
642 5557 684 5614 sie
708 5557 873 5613 emandavit
895 5554 939 5612 vi·
992 5561 1141 5613 aereaett.
1158 5556 1239 5612 editt.
1262 5556 1356 5619 Quam
1376 5555 1605 5613 emindaticuem
1629 5554 1725 5617 secuti
1748 5569 1821 5631 que·

105 5630 218 5693 44444444
239 5630 467 5707 precedentium
497 5630 659 5691 editionum
683 5627 859 5707 scripturam
886 5629 940 5695 cot·
993 5644 1051 5705 qua
1066 5632 1137 5689 sunt
1151 5627 1278 5689 editores
1292 5624 1459 5701 anglicani.
