<?xml version="1.0" encoding="UTF-8"?>
<!DOCTYPE html PUBLIC "-//W3C//DTD XHTML 1.0 Transitional//EN"
    "http://www.w3.org/TR/xhtml1/DTD/xhtml1-transitional.dtd">
<html xmlns="http://www.w3.org/1999/xhtml" xml:lang="en" lang="en">
 <head>
  <title>
</title>
<meta http-equiv="Content-Type" content="text/html;charset=utf-8" />
  <meta name='ocr-system' content='tesseract 3.04.00' />
  <meta name='ocr-capabilities' content='ocr_page ocr_carea ocr_par ocr_line ocrx_word'/>
</head>
<body>
  <div class='ocr_page' id='page_1' title='image "./patrologiaecurs23goog_0058.png"; bbox 0 0 3892 6104; ppageno 0'>
   <div class='ocr_carea' id='block_1_1' title="bbox 581 500 1250 557">
    <p class='ocr_par' dir='ltr' id='par_1_1' title="bbox 581 500 1250 557">
     <span class='ocr_line' id='line_1_1' title="bbox 581 500 1250 557; baseline -0.003 -9"><span class='ocrx_word' id='word_1_1' title='bbox 581 501 700 548; x_wconf 77' lang='lat' dir='ltr'>SAECULO</span> <span class='ocrx_word' id='word_1_2' title='bbox 721 503 768 557; x_wconf 87' lang='lat'><strong>111,</strong></span> <span class='ocrx_word' id='word_1_3' title='bbox 792 501 880 548; x_wconf 81' lang='lat' dir='ltr'><strong>claua</strong></span> <span class='ocrx_word' id='word_1_4' title='bbox 901 500 1005 547; x_wconf 74' lang='lat' dir='ltr'><strong>ffltull</strong></span> <span class='ocrx_word' id='word_1_5' title='bbox 1027 501 1147 548; x_wconf 71' lang='lat' dir='ltr'>CHRISTI</span> <span class='ocrx_word' id='word_1_6' title='bbox 1168 501 1250 548; x_wconf 79' lang='lat' dir='ltr'><strong>catu.</strong></span> 
     </span>
    </p>
   </div>
   <div class='ocr_carea' id='block_1_2' title="bbox 788 665 1051 794">
    <p class='ocr_par' dir='ltr' id='par_1_2' title="bbox 788 665 1051 794">
     <span class='ocr_line' id='line_1_2' title="bbox 788 665 1051 794; baseline 0 -3"><span class='ocrx_word' id='word_1_7' title='bbox 788 665 1051 794; x_wconf 69' lang='lat' dir='ltr'><strong>ACTA</strong></span> 
     </span>
    </p>
   </div>
   <div class='ocr_carea' id='block_1_3' title="bbox 364 913 1474 1216">
    <p class='ocr_par' dir='ltr' id='par_1_3' title="bbox 364 913 1474 1216">
     <span class='ocr_line' id='line_1_3' title="bbox 364 913 1474 1010; baseline 0.005 -6"><span class='ocrx_word' id='word_1_8' title='bbox 364 916 451 1004; x_wconf 85' lang='lat' dir='ltr'><strong>SS.</strong></span> <span class='ocrx_word' id='word_1_9' title='bbox 513 913 871 1008; x_wconf 76' lang='lat' dir='ltr'><strong>PERPETUAE</strong></span> <span class='ocrx_word' id='word_1_10' title='bbox 921 916 1005 1004; x_wconf 78' lang='grc' dir='ltr'><strong>ΒΤ</strong></span> <span class='ocrx_word' id='word_1_11' title='bbox 1057 917 1474 1010; x_wconf 72' lang='lat' dir='ltr'><strong>nantelmus</strong></span> 
     </span>
     <span class='ocr_line' id='line_1_4' title="bbox 742 1122 1086 1216; baseline -0.003 0"><span class='ocrx_word' id='word_1_12' title='bbox 742 1122 1086 1216; x_wconf 79' lang='lat' dir='ltr'>MARTYRUM</span> 
     </span>
    </p>
   </div>
   <div class='ocr_carea' id='block_1_4' title="bbox 605 1461 1239 1589">
    <p class='ocr_par' dir='ltr' id='par_1_4' title="bbox 605 1461 1239 1589">
     <span class='ocr_line' id='line_1_5' title="bbox 605 1461 1239 1589; baseline 0.002 -2"><span class='ocrx_word' id='word_1_13' title='bbox 605 1461 1239 1589; x_wconf 86' lang='lat' dir='ltr'><strong>PROLEGOMENA</strong></span> 
     </span>
    </p>
   </div>
   <div class='ocr_carea' id='block_1_5' title="bbox 352 1687 1488 1766">
    <p class='ocr_par' dir='ltr' id='par_1_5' title="bbox 352 1687 1488 1766">
     <span class='ocr_line' id='line_1_6' title="bbox 352 1687 1488 1766; baseline -0.001 -16"><span class='ocrx_word' id='word_1_14' title='bbox 352 1693 405 1766; x_wconf 79' lang='lat' dir='ltr'><strong>(Ex</strong></span> <span class='ocrx_word' id='word_1_15' title='bbox 418 1691 498 1750; x_wconf 84' lang='lat' dir='ltr'><strong>Actis</strong></span> <span class='ocrx_word' id='word_1_16' title='bbox 512 1690 674 1765; x_wconf 73' lang='lat' dir='ltr'><strong>Martyrum</strong></span> <span class='ocrx_word' id='word_1_17' title='bbox 688 1689 812 1748; x_wconf 74' lang='lat' dir='ltr'><strong>sinceris</strong></span> <span class='ocrx_word' id='word_1_18' title='bbox 830 1690 862 1747; x_wconf 86' lang='lat' dir='ltr'><strong>v.</strong></span> <span class='ocrx_word' id='word_1_19' title='bbox 878 1693 909 1748; x_wconf 85' lang='lat' dir='ltr'><strong>G.</strong></span> <span class='ocrx_word' id='word_1_20' title='bbox 923 1687 1097 1747; x_wconf 77' lang='lat' dir='ltr'><strong>Theudorici</strong></span> <span class='ocrx_word' id='word_1_21' title='bbox 1112 1687 1254 1762; x_wconf 83' lang='lat' dir='ltr'><strong>itu1aasr,</strong></span> <span class='ocrx_word' id='word_1_22' title='bbox 1271 1706 1339 1765; x_wconf 88' lang='lat' dir='ltr'><strong>pag.</strong></span> <span class='ocrx_word' id='word_1_23' title='bbox 1352 1691 1389 1747; x_wconf 79' lang='lat'><strong>77</strong></span> <span class='ocrx_word' id='word_1_24' title='bbox 1409 1693 1488 1766; x_wconf 86' lang='lat' dir='ltr'><strong>sqq.)</strong></span> 
     </span>
    </p>
   </div>
   <div class='ocr_carea' id='block_1_6' title="bbox 770 1973 1058 2034">
    <p class='ocr_par' dir='ltr' id='par_1_6' title="bbox 770 1973 1058 2034">
     <span class='ocr_line' id='line_1_7' title="bbox 770 1973 1058 2034; baseline -0.01 -1"><span class='ocrx_word' id='word_1_25' title='bbox 770 1975 865 2033; x_wconf 79' lang='grc'>1-10</span> <span class='ocrx_word' id='word_1_26' title='bbox 882 1973 1058 2034; x_wconf 72' lang='lat' dir='ltr'><strong>ambesis.</strong></span> 
     </span>
    </p>
   </div>
   <div class='ocr_carea' id='block_1_7' title="bbox 63 2107 1769 2542">
    <p class='ocr_par' dir='ltr' id='par_1_7' title="bbox 63 2107 1769 2542">
     <span class='ocr_line' id='line_1_8' title="bbox 63 2107 1769 2182; baseline 0.001 -12"><span class='ocrx_word' id='word_1_27' title='bbox 63 2114 85 2170; x_wconf 90' lang='lat'><strong>1.</strong></span> <span class='ocrx_word' id='word_1_28' title='bbox 101 2113 139 2170; x_wconf 86' lang='lat' dir='ltr'><strong>lte</strong></span> <span class='ocrx_word' id='word_1_29' title='bbox 154 2114 256 2169; x_wconf 66' lang='lat' dir='ltr'><strong>mnam</strong></span> <span class='ocrx_word' id='word_1_30' title='bbox 270 2112 402 2168; x_wconf 82' lang='lat' dir='ltr'><strong>Actorum</strong></span> <span class='ocrx_word' id='word_1_31' title='bbox 416 2109 495 2167; x_wconf 79' lang='lat' dir='ltr'><strong>editis</strong></span> <span class='ocrx_word' id='word_1_32' title='bbox 510 2117 537 2165; x_wconf 90' lang='lat' dir='ltr'><strong>et</strong></span> <span class='ocrx_word' id='word_1_33' title='bbox 549 2123 617 2165; x_wconf 81' lang='lat' dir='ltr'><strong>mss.</strong></span> <span class='ocrx_word' id='word_1_34' title='bbox 633 2138 667 2149; x_wconf 90' lang='lat'>-</span> <span class='ocrx_word' id='word_1_35' title='bbox 690 2109 724 2165; x_wconf 91' lang='lat' dir='ltr'><strong>ll.</strong></span> <span class='ocrx_word' id='word_1_36' title='bbox 740 2111 876 2181; x_wconf 77' lang='lat' dir='ltr'><strong>Perpetua</strong></span> <span class='ocrx_word' id='word_1_37' title='bbox 889 2109 915 2165; x_wconf 86' lang='lat' dir='ltr'><strong>et</strong></span> <span class='ocrx_word' id='word_1_38' title='bbox 929 2107 1055 2164; x_wconf 72' lang='lat' dir='ltr'><strong>Felicitas</strong></span> <span class='ocrx_word' id='word_1_39' title='bbox 1075 2124 1113 2164; x_wconf 83' lang='lat' dir='ltr'><strong>aa</strong></span> <span class='ocrx_word' id='word_1_40' title='bbox 1129 2107 1331 2167; x_wconf 74' lang='lat' dir='ltr'><strong>coartatas.</strong></span> <span class='ocrx_word' id='word_1_41' title='bbox 1347 2140 1382 2152; x_wconf 92' lang='lat'><em>-</em></span> <span class='ocrx_word' id='word_1_42' title='bbox 1406 2110 1456 2167; x_wconf 86' lang='lat'>111.</span> <span class='ocrx_word' id='word_1_43' title='bbox 1482 2111 1541 2168; x_wconf 87' lang='lat' dir='ltr'><strong>Nou</strong></span> <span class='ocrx_word' id='word_1_44' title='bbox 1564 2112 1706 2182; x_wconf 84' lang='lat' dir='ltr'><strong>lulurbii,</strong></span> <span class='ocrx_word' id='word_1_45' title='bbox 1720 2114 1769 2172; x_wconf 81' lang='lat' dir='ltr'><strong>aad</strong></span> 
     </span>
     <span class='ocr_line' id='line_1_9' title="bbox 98 2179 1769 2264; baseline 0.001 -23"><span class='ocrx_word' id='word_1_46' title='bbox 98 2185 269 2255; x_wconf 75' lang='lat' dir='ltr'><strong>Cartbagine</strong></span> <span class='ocrx_word' id='word_1_47' title='bbox 282 2183 452 2254; x_wconf 79' lang='lat' dir='ltr'><strong>martyrium</strong></span> <span class='ocrx_word' id='word_1_48' title='bbox 470 2194 563 2253; x_wconf 74' lang='lat' dir='ltr'><strong>passe</strong></span> <span class='ocrx_word' id='word_1_49' title='bbox 579 2188 742 2264; x_wconf 33' lang='lat' dir='ltr'><strong>noscamur..</strong></span> <span class='ocrx_word' id='word_1_50' title='bbox 755 2210 789 2221; x_wconf 91' lang='lat'>-</span> <span class='ocrx_word' id='word_1_51' title='bbox 813 2179 861 2234; x_wconf 86' lang='lat' dir='ltr'><strong>IV.</strong></span> <span class='ocrx_word' id='word_1_52' title='bbox 878 2180 990 2252; x_wconf 83' lang='lat' dir='ltr'><strong>Tempus</strong></span> <span class='ocrx_word' id='word_1_53' title='bbox 1004 2181 1144 2263; x_wconf 74' lang='lat' dir='ltr'><strong>passionis</strong></span> <span class='ocrx_word' id='word_1_54' title='bbox 1159 2180 1325 2264; x_wconf 80' lang='lat' dir='ltr'><strong>inquiritur.</strong></span> <span class='ocrx_word' id='word_1_55' title='bbox 1345 2211 1381 2223; x_wconf 92' lang='lat'>-</span> <span class='ocrx_word' id='word_1_56' title='bbox 1403 2181 1437 2238; x_wconf 87' lang='lat' dir='ltr'><strong>V.</strong></span> <span class='ocrx_word' id='word_1_57' title='bbox 1452 2182 1492 2239; x_wconf 84' lang='lat' dir='ltr'><strong>lle</strong></span> <span class='ocrx_word' id='word_1_58' title='bbox 1515 2183 1616 2241; x_wconf 80' lang='lat' dir='ltr'><strong>tunam</strong></span> <span class='ocrx_word' id='word_1_59' title='bbox 1638 2185 1769 2243; x_wconf 80' lang='lat' dir='ltr'><strong>Actorum</strong></span> 
     </span>
     <span class='ocr_line' id='line_1_10' title="bbox 96 2250 1768 2383; baseline 0.002 -73"><span class='ocrx_word' id='word_1_60' title='bbox 96 2261 221 2338; x_wconf 57' lang='lat' dir='ltr'><strong>autore,</strong></span> <span class='ocrx_word' id='word_1_61' title='bbox 236 2271 286 2338; x_wconf 74' lang='lat' dir='ltr'><strong>aaa</strong></span> <span class='ocrx_word' id='word_1_62' title='bbox 298 2255 389 2326; x_wconf 80' lang='lat' dir='ltr'><strong>potius</strong></span> <span class='ocrx_word' id='word_1_63' title='bbox 402 2253 554 2309; x_wconf 86' lang='lat' dir='ltr'><strong>collectore.</strong></span> <span class='ocrx_word' id='word_1_64' title='bbox 571 2252 613 2307; x_wconf 75' lang='lat' dir='ltr'><strong>Aa</strong></span> <span class='ocrx_word' id='word_1_65' title='bbox 629 2252 823 2335; x_wconf 74' lang='lat' dir='ltr'><strong>Tertullianus.</strong></span> <span class='ocrx_word' id='word_1_66' title='bbox 840 2281 875 2334; x_wconf 42' lang='grc' dir='ltr'><strong>ᾗ-</strong></span> <span class='ocrx_word' id='word_1_67' title='bbox 888 2250 1005 2363; x_wconf 38' lang='lat' dir='ltr'><strong>Vidua</strong></span> <span class='ocrx_word' id='word_1_68' title='bbox 1015 2253 1552 2383; x_wconf 35' lang='lat' dir='ltr'><strong>(lafatlgtohethxztaflibrctrmlfflumi</strong></span> <span class='ocrx_word' id='word_1_69' title='bbox 1568 2287 1603 2299; x_wconf 95' lang='lat'><em>-</em></span> <span class='ocrx_word' id='word_1_70' title='bbox 1623 2255 1689 2341; x_wconf 50' lang='lat' dir='ltr'><strong>vlt„</strong></span> <span class='ocrx_word' id='word_1_71' title='bbox 1707 2259 1768 2315; x_wconf 73' lang='lat' dir='ltr'><strong>lla-</strong></span> 
     </span>
     <span class='ocr_line' id='line_1_11' title="bbox 94 2322 1769 2480; baseline 0.002 -26"><span class='ocrx_word' id='word_1_72' title='bbox 94 2324 979 2480; x_wconf 39' lang='lat' dir='ltr'><strong>&amp;euggraegiaztssorgidegeegtzmsffnglcetsslra}gxgamagom</strong></span> <span class='ocrx_word' id='word_1_73' title='bbox 991 2322 1147 2450; x_wconf 46' lang='lat' dir='ltr'><strong>{cotiaeum</strong></span> <span class='ocrx_word' id='word_1_74' title='bbox 1161 2394 1266 2452; x_wconf 87' lang='lat' dir='ltr'><strong>dudum</strong></span> <span class='ocrx_word' id='word_1_75' title='bbox 1280 2343 1434 2454; x_wconf 66' lang='lat' dir='ltr'><strong>uiuycticuta.</strong></span> <span class='ocrx_word' id='word_1_76' title='bbox 1447 2343 1550 2466; x_wconf 44' lang='lat' dir='ltr'><strong>Quanti</strong></span> <span class='ocrx_word' id='word_1_77' title='bbox 1563 2344 1769 2470; x_wconf 48' lang='lat' dir='ltr'><strong>munerantis-t.</strong></span> 
     </span>
     <span class='ocr_line' id='line_1_12' title="bbox 95 2466 695 2542; baseline -0.01 -16"><span class='ocrx_word' id='word_1_78' title='bbox 95 2471 162 2526; x_wconf 74' lang='lat' dir='ltr'><strong>Acta</strong></span> <span class='ocrx_word' id='word_1_79' title='bbox 173 2469 390 2542; x_wconf 75' lang='lat' dir='ltr'><strong>proconsularia</strong></span> <span class='ocrx_word' id='word_1_80' title='bbox 403 2466 528 2539; x_wconf 75' lang='lat' dir='ltr'><strong>deinceps</strong></span> <span class='ocrx_word' id='word_1_81' title='bbox 537 2466 695 2523; x_wconf 75' lang='lat' dir='ltr'><strong>omittenda.</strong></span> 
     </span>
    </p>
   </div>
   <div class='ocr_carea' id='block_1_8' title="bbox 61 2599 1827 5530">
    <p class='ocr_par' dir='ltr' id='par_1_8' title="bbox 61 2599 1827 3651">
     <span class='ocr_line' id='line_1_13' title="bbox 95 2599 1770 2674; baseline 0.001 -12"><span class='ocrx_word' id='word_1_82' title='bbox 95 2608 118 2665; x_wconf 90' lang='grc' dir='ltr'><strong>Ι.</strong></span> <span class='ocrx_word' id='word_1_83' title='bbox 134 2605 263 2660; x_wconf 85' lang='lat' dir='ltr'><strong>Multum</strong></span> <span class='ocrx_word' id='word_1_84' title='bbox 280 2603 453 2670; x_wconf 87' lang='lat' dir='ltr'><strong>desiderata,</strong></span> <span class='ocrx_word' id='word_1_85' title='bbox 469 2606 498 2658; x_wconf 89' lang='lat' dir='ltr'><strong>et</strong></span> <span class='ocrx_word' id='word_1_86' title='bbox 513 2602 624 2658; x_wconf 82' lang='lat' dir='ltr'><strong>frustra</strong></span> <span class='ocrx_word' id='word_1_87' title='bbox 638 2601 668 2657; x_wconf 91' lang='lat' dir='ltr'><strong>in</strong></span> <span class='ocrx_word' id='word_1_88' title='bbox 682 2600 772 2656; x_wconf 87' lang='lat' dir='ltr'><strong>variis</strong></span> <span class='ocrx_word' id='word_1_89' title='bbox 788 2599 970 2657; x_wconf 90' lang='lat' dir='ltr'><strong>bibliothecis</strong></span> <span class='ocrx_word' id='word_1_90' title='bbox 985 2602 1035 2657; x_wconf 91' lang='lat' dir='ltr'><strong>diu</strong></span> <span class='ocrx_word' id='word_1_91' title='bbox 1060 2600 1236 2673; x_wconf 90' lang='lat' dir='ltr'><strong>conquisita,</strong></span> <span class='ocrx_word' id='word_1_92' title='bbox 1256 2604 1328 2658; x_wconf 81' lang='lat' dir='ltr'><strong>Acta</strong></span> <span class='ocrx_word' id='word_1_93' title='bbox 1348 2617 1489 2674; x_wconf 88' lang='lat' dir='ltr'><strong>germana</strong></span> <span class='ocrx_word' id='word_1_94' title='bbox 1513 2609 1682 2662; x_wconf 86' lang='lat' dir='ltr'><strong>sanctarum</strong></span> <span class='ocrx_word' id='word_1_95' title='bbox 1697 2607 1770 2665; x_wconf 90' lang='lat' dir='ltr'><strong>Per·</strong></span> 
     </span>
     <span class='ocr_line' id='line_1_14' title="bbox 62 2689 1768 2769; baseline 0.002 -19"><span class='ocrx_word' id='word_1_96' title='bbox 62 2701 154 2769; x_wconf 81' lang='lat' dir='ltr'><strong>petuae</strong></span> <span class='ocrx_word' id='word_1_97' title='bbox 172 2698 203 2749; x_wconf 91' lang='lat' dir='ltr'><strong>et</strong></span> <span class='ocrx_word' id='word_1_98' title='bbox 216 2691 387 2758; x_wconf 77' lang='lat' dir='ltr'><strong>Felicitatis,</strong></span> <span class='ocrx_word' id='word_1_99' title='bbox 403 2692 512 2747; x_wconf 87' lang='lat' dir='ltr'><strong>invenit</strong></span> <span class='ocrx_word' id='word_1_100' title='bbox 526 2690 644 2746; x_wconf 68' lang='lat' dir='ltr'><strong>undem</strong></span> <span class='ocrx_word' id='word_1_101' title='bbox 667 2689 907 2746; x_wconf 88' lang='lat' dir='ltr'><strong>studiosissimus</strong></span> <span class='ocrx_word' id='word_1_102' title='bbox 931 2706 1022 2746; x_wconf 78' lang='lat' dir='ltr'><strong>sacrae</strong></span> <span class='ocrx_word' id='word_1_103' title='bbox 1044 2690 1232 2763; x_wconf 76' lang='lat' dir='ltr'><strong>antiquitatis</strong></span> <span class='ocrx_word' id='word_1_104' title='bbox 1248 2692 1412 2763; x_wconf 86' lang='lat' dir='ltr'><strong>indagator,</strong></span> <span class='ocrx_word' id='word_1_105' title='bbox 1426 2691 1519 2749; x_wconf 87' lang='lat' dir='ltr'><strong>Lucas</strong></span> <span class='ocrx_word' id='word_1_106' title='bbox 1542 2692 1722 2763; x_wconf 86' lang='lat' dir='ltr'><strong>Holstenius,</strong></span> <span class='ocrx_word' id='word_1_107' title='bbox 1737 2696 1768 2753; x_wconf 94' lang='lat' dir='ltr'><strong>in</strong></span> 
     </span>
     <span class='ocr_line' id='line_1_15' title="bbox 63 2777 1770 2854; baseline -0.001 -14"><span class='ocrx_word' id='word_1_108' title='bbox 63 2786 159 2840; x_wconf 90' lang='lat' dir='ltr'><strong>codice</strong></span> <span class='ocrx_word' id='word_1_109' title='bbox 176 2799 236 2838; x_wconf 89' lang='lat' dir='ltr'><strong>ms.</strong></span> <span class='ocrx_word' id='word_1_110' title='bbox 253 2781 327 2837; x_wconf 86' lang='lat' dir='ltr'><strong>sacri</strong></span> <span class='ocrx_word' id='word_1_111' title='bbox 342 2780 513 2836; x_wconf 87' lang='lat' dir='ltr'><strong>monasterii</strong></span> <span class='ocrx_word' id='word_1_112' title='bbox 526 2778 693 2835; x_wconf 56' lang='lat' dir='ltr'><strong>&amp;elnensis</strong></span> <span class='ocrx_word' id='word_1_113' title='bbox 710 2795 716 2833; x_wconf 93' lang='lat'>:</span> <span class='ocrx_word' id='word_1_114' title='bbox 734 2779 812 2833; x_wconf 90' lang='lat' dir='ltr'><strong>unde</strong></span> <span class='ocrx_word' id='word_1_115' title='bbox 828 2782 953 2836; x_wconf 83' lang='lat' dir='ltr'><strong>erutuet</strong></span> <span class='ocrx_word' id='word_1_116' title='bbox 968 2779 1066 2834; x_wconf 76' lang='lat' dir='ltr'><strong>Romae</strong></span> <span class='ocrx_word' id='word_1_117' title='bbox 1082 2777 1209 2851; x_wconf 89' lang='lat' dir='ltr'><strong>vulgata,</strong></span> <span class='ocrx_word' id='word_1_118' title='bbox 1225 2780 1326 2835; x_wconf 86' lang='lat' dir='ltr'><strong>cadem</strong></span> <span class='ocrx_word' id='word_1_119' title='bbox 1341 2785 1441 2852; x_wconf 86' lang='lat' dir='ltr'><strong>postea</strong></span> <span class='ocrx_word' id='word_1_120' title='bbox 1464 2797 1532 2837; x_wconf 93' lang='lat' dir='ltr'><strong>cum</strong></span> <span class='ocrx_word' id='word_1_121' title='bbox 1554 2783 1686 2854; x_wconf 90' lang='lat' dir='ltr'><strong>ejusdem</strong></span> <span class='ocrx_word' id='word_1_122' title='bbox 1704 2783 1770 2840; x_wconf 92' lang='lat' dir='ltr'><strong>tlol-</strong></span> 
     </span>
     <span class='ocr_line' id='line_1_16' title="bbox 62 2860 1827 2940; baseline -0.002 -9"><span class='ocrx_word' id='word_1_123' title='bbox 62 2874 146 2931; x_wconf 87' lang='lat' dir='ltr'><strong>stenii</strong></span> <span class='ocrx_word' id='word_1_124' title='bbox 163 2871 256 2938; x_wconf 92' lang='lat' dir='ltr'><strong>notis,</strong></span> <span class='ocrx_word' id='word_1_125' title='bbox 272 2869 391 2926; x_wconf 88' lang='lat' dir='ltr'><strong>Parisiis</strong></span> <span class='ocrx_word' id='word_1_126' title='bbox 406 2869 498 2926; x_wconf 86' lang='lat' dir='ltr'><strong>edidit</strong></span> <span class='ocrx_word' id='word_1_127' title='bbox 510 2869 652 2924; x_wconf 87' lang='lat' dir='ltr'><strong>Henrious</strong></span> <span class='ocrx_word' id='word_1_128' title='bbox 667 2866 810 2924; x_wconf 89' lang='lat' dir='ltr'><strong>Valesius.</strong></span> <span class='ocrx_word' id='word_1_129' title='bbox 828 2867 886 2923; x_wconf 91' lang='lat' dir='ltr'><strong>Nos</strong></span> <span class='ocrx_word' id='word_1_130' title='bbox 900 2884 967 2924; x_wconf 84' lang='lat' dir='ltr'><strong>vero</strong></span> <span class='ocrx_word' id='word_1_131' title='bbox 982 2884 1016 2923; x_wconf 90' lang='lat' dir='ltr'><strong>ea</strong></span> <span class='ocrx_word' id='word_1_132' title='bbox 1040 2867 1216 2940; x_wconf 83' lang='lat' dir='ltr'><strong>proterimus</strong></span> <span class='ocrx_word' id='word_1_133' title='bbox 1239 2884 1274 2923; x_wconf 82' lang='lat' dir='ltr'><strong>ex</strong></span> <span class='ocrx_word' id='word_1_134' title='bbox 1296 2868 1411 2924; x_wconf 92' lang='lat' dir='ltr'><strong>duobus</strong></span> <span class='ocrx_word' id='word_1_135' title='bbox 1435 2869 1583 2926; x_wconf 89' lang='lat' dir='ltr'><strong>codicibus</strong></span> <span class='ocrx_word' id='word_1_136' title='bbox 1608 2887 1680 2926; x_wconf 89' lang='lat' dir='ltr'><strong>mes.</strong></span> <span class='ocrx_word' id='word_1_137' title='bbox 1701 2887 1770 2928; x_wconf 89' lang='lat' dir='ltr'><strong>cnm</strong></span> <span class='ocrx_word' id='word_1_138' title='bbox 1824 2860 1827 2866; x_wconf 73' lang='grc'><strong>’</strong></span> 
     </span>
     <span class='ocr_line' id='line_1_17' title="bbox 61 2954 1793 3031; baseline -0.002 -12"><span class='ocrx_word' id='word_1_139' title='bbox 61 2963 162 3019; x_wconf 85' lang='lat' dir='ltr'><strong>eadem</strong></span> <span class='ocrx_word' id='word_1_140' title='bbox 175 2959 306 3016; x_wconf 85' lang='lat' dir='ltr'><strong>editione</strong></span> <span class='ocrx_word' id='word_1_141' title='bbox 322 2958 455 3015; x_wconf 86' lang='lat' dir='ltr'><strong>collatis:</strong></span> <span class='ocrx_word' id='word_1_142' title='bbox 472 2974 598 3029; x_wconf 90' lang='lat' dir='ltr'><strong>quorum</strong></span> <span class='ocrx_word' id='word_1_143' title='bbox 613 2973 690 3012; x_wconf 92' lang='lat' dir='ltr'><strong>unus</strong></span> <span class='ocrx_word' id='word_1_144' title='bbox 705 2960 749 3011; x_wconf 89' lang='lat' dir='ltr'><strong>est</strong></span> <span class='ocrx_word' id='word_1_145' title='bbox 764 2954 898 3012; x_wconf 79' lang='lat' dir='ltr'><strong>llcclesie</strong></span> <span class='ocrx_word' id='word_1_146' title='bbox 915 2955 1161 3027; x_wconf 74' lang='lat' dir='ltr'><strong>salisburgensis3</strong></span> <span class='ocrx_word' id='word_1_147' title='bbox 1178 2956 1487 3027; x_wconf 87' lang='lat' dir='ltr'><strong>cujuscodicisvarias</strong></span> <span class='ocrx_word' id='word_1_148' title='bbox 1503 2956 1640 3015; x_wconf 91' lang='lat' dir='ltr'><strong>lectiones</strong></span> <span class='ocrx_word' id='word_1_149' title='bbox 1653 2958 1771 3031; x_wconf 90' lang='lat' dir='ltr'><strong>sapien·</strong></span> <span class='ocrx_word' id='word_1_150' title='bbox 1792 3025 1793 3028; x_wconf 7' lang='grc' dir='ltr'><strong>Ἴ</strong></span> 
     </span>
     <span class='ocr_line' id='line_1_18' title="bbox 61 3043 1768 3120; baseline -0.002 -13"><span class='ocrx_word' id='word_1_151' title='bbox 61 3051 170 3110; x_wconf 87' lang='lat' dir='ltr'><strong>tissimi</strong></span> <span class='ocrx_word' id='word_1_152' title='bbox 185 3049 241 3103; x_wconf 83' lang='lat' dir='ltr'><strong>riri</strong></span> <span class='ocrx_word' id='word_1_153' title='bbox 256 3047 375 3103; x_wconf 76' lang='lat' dir='ltr'><strong>Antonii</strong></span> <span class='ocrx_word' id='word_1_154' title='bbox 392 3047 494 3114; x_wconf 83' lang='lat' dir='ltr'><strong>Faure,</strong></span> <span class='ocrx_word' id='word_1_155' title='bbox 511 3044 637 3117; x_wconf 80' lang='lat' dir='ltr'><strong>theologi</strong></span> <span class='ocrx_word' id='word_1_156' title='bbox 652 3044 828 3101; x_wconf 88' lang='lat' dir='ltr'><strong>Parisiensis</strong></span> <span class='ocrx_word' id='word_1_157' title='bbox 841 3048 870 3101; x_wconf 89' lang='lat' dir='ltr'><strong>et</strong></span> <span class='ocrx_word' id='word_1_158' title='bbox 897 3044 1050 3101; x_wconf 84' lang='lat' dir='ltr'><strong>Remensis</strong></span> <span class='ocrx_word' id='word_1_159' title='bbox 1075 3043 1203 3101; x_wconf 81' lang='lat' dir='ltr'><strong>ecclesie</strong></span> <span class='ocrx_word' id='word_1_160' title='bbox 1227 3043 1384 3117; x_wconf 80' lang='lat' dir='ltr'><strong>praepositi,</strong></span> <span class='ocrx_word' id='word_1_161' title='bbox 1410 3045 1552 3103; x_wconf 84' lang='lat' dir='ltr'><strong>beneficio</strong></span> <span class='ocrx_word' id='word_1_162' title='bbox 1578 3046 1768 3120; x_wconf 87' lang='lat' dir='ltr'><strong>accepimus:</strong></span> 
     </span>
     <span class='ocr_line' id='line_1_19' title="bbox 64 3132 1767 3208; baseline -0.002 -12"><span class='ocrx_word' id='word_1_163' title='bbox 64 3140 138 3197; x_wconf 83' lang='lat' dir='ltr'><strong>alter</strong></span> <span class='ocrx_word' id='word_1_164' title='bbox 151 3154 222 3194; x_wconf 83' lang='lat' dir='ltr'><strong>vero</strong></span> <span class='ocrx_word' id='word_1_165' title='bbox 238 3135 290 3208; x_wconf 91' lang='lat' dir='ltr'><strong>qui</strong></span> <span class='ocrx_word' id='word_1_166' title='bbox 305 3135 341 3190; x_wconf 92' lang='lat' dir='ltr'><strong>ad</strong></span> <span class='ocrx_word' id='word_1_167' title='bbox 357 3152 450 3191; x_wconf 89' lang='lat' dir='ltr'><strong>annos</strong></span> <span class='ocrx_word' id='word_1_168' title='bbox 464 3136 518 3191; x_wconf 84' lang='lat'><strong>800</strong></span> <span class='ocrx_word' id='word_1_169' title='bbox 532 3134 654 3201; x_wconf 89' lang='lat' dir='ltr'><strong>accedit,</strong></span> <span class='ocrx_word' id='word_1_170' title='bbox 670 3137 715 3189; x_wconf 91' lang='lat' dir='ltr'><strong>est</strong></span> <span class='ocrx_word' id='word_1_171' title='bbox 730 3132 910 3189; x_wconf 79' lang='lat' dir='ltr'><strong>bibliothece</strong></span> <span class='ocrx_word' id='word_1_172' title='bbox 925 3132 1018 3189; x_wconf 79' lang='lat' dir='ltr'><strong>nostri</strong></span> <span class='ocrx_word' id='word_1_173' title='bbox 1040 3133 1210 3190; x_wconf 88' lang='lat' dir='ltr'><strong>monasterii</strong></span> <span class='ocrx_word' id='word_1_174' title='bbox 1234 3133 1333 3190; x_wconf 79' lang='lat' dir='ltr'><strong>Sancti</strong></span> <span class='ocrx_word' id='word_1_175' title='bbox 1361 3132 1487 3190; x_wconf 78' lang='lat' dir='ltr'><strong>Cornelii</strong></span> <span class='ocrx_word' id='word_1_176' title='bbox 1514 3135 1767 3208; x_wconf 77' lang='lat' dir='ltr'><strong>compendiensis.</strong></span> 
     </span>
     <span class='ocr_line' id='line_1_20' title="bbox 66 3220 1769 3297; baseline -0.002 -12"><span class='ocrx_word' id='word_1_177' title='bbox 66 3229 238 3285; x_wconf 79' lang='lat' dir='ltr'><strong>Invenimus</strong></span> <span class='ocrx_word' id='word_1_178' title='bbox 253 3225 342 3282; x_wconf 86' lang='lat' dir='ltr'><strong>etiarn</strong></span> <span class='ocrx_word' id='word_1_179' title='bbox 358 3224 389 3279; x_wconf 93' lang='lat' dir='ltr'><strong>in</strong></span> <span class='ocrx_word' id='word_1_180' title='bbox 404 3222 520 3281; x_wconf 88' lang='lat' dir='ltr'><strong>schedis</strong></span> <span class='ocrx_word' id='word_1_181' title='bbox 533 3222 692 3279; x_wconf 82' lang='lat' dir='ltr'><strong>ltabillonii</strong></span> <span class='ocrx_word' id='word_1_182' title='bbox 709 3222 801 3278; x_wconf 88' lang='lat' dir='ltr'><strong>nostri</strong></span> <span class='ocrx_word' id='word_1_183' title='bbox 817 3225 952 3293; x_wconf 86' lang='lat' dir='ltr'><strong>excerpta</strong></span> <span class='ocrx_word' id='word_1_184' title='bbox 965 3237 1000 3277; x_wconf 82' lang='lat' dir='ltr'><strong>ex</strong></span> <span class='ocrx_word' id='word_1_185' title='bbox 1023 3220 1129 3277; x_wconf 89' lang='lat' dir='ltr'><strong>iisdem</strong></span> <span class='ocrx_word' id='word_1_186' title='bbox 1142 3221 1224 3277; x_wconf 82' lang='lat' dir='ltr'><strong>Actis</strong></span> <span class='ocrx_word' id='word_1_187' title='bbox 1248 3238 1305 3278; x_wconf 92' lang='lat' dir='ltr'><strong>non</strong></span> <span class='ocrx_word' id='word_1_188' title='bbox 1331 3222 1567 3292; x_wconf 68' lang='lat' dir='ltr'><strong>conwmnenda;</strong></span> <span class='ocrx_word' id='word_1_189' title='bbox 1594 3224 1645 3281; x_wconf 90' lang='lat' dir='ltr'><strong>sed</strong></span> <span class='ocrx_word' id='word_1_190' title='bbox 1668 3240 1684 3280; x_wconf 92' lang='lat' dir='ltr'><strong>e</strong></span> <span class='ocrx_word' id='word_1_191' title='bbox 1710 3239 1769 3297; x_wconf 93' lang='lat' dir='ltr'><strong>qno</strong></span> 
     </span>
     <span class='ocr_line' id='line_1_21' title="bbox 64 3308 1770 3384; baseline -0.002 -10"><span class='ocrx_word' id='word_1_192' title='bbox 64 3317 161 3373; x_wconf 87' lang='lat' dir='ltr'><strong>codice</strong></span> <span class='ocrx_word' id='word_1_193' title='bbox 173 3332 210 3372; x_wconf 88' lang='lat' dir='ltr'><strong>ea</strong></span> <span class='ocrx_word' id='word_1_194' title='bbox 223 3313 372 3384; x_wconf 86' lang='lat' dir='ltr'><strong>descripta</strong></span> <span class='ocrx_word' id='word_1_195' title='bbox 385 3312 455 3379; x_wconf 89' lang='lat' dir='ltr'><strong>sint,</strong></span> <span class='ocrx_word' id='word_1_196' title='bbox 472 3327 529 3367; x_wconf 91' lang='lat' dir='ltr'><strong>non</strong></span> <span class='ocrx_word' id='word_1_197' title='bbox 545 3311 703 3367; x_wconf 89' lang='lat' dir='ltr'><strong>indicatur.</strong></span> <span class='ocrx_word' id='word_1_198' title='bbox 719 3315 807 3367; x_wconf 89' lang='lat' dir='ltr'><strong>Porro</strong></span> <span class='ocrx_word' id='word_1_199' title='bbox 822 3310 851 3365; x_wconf 90' lang='lat' dir='ltr'><strong>in</strong></span> <span class='ocrx_word' id='word_1_200' title='bbox 868 3309 904 3365; x_wconf 91' lang='lat' dir='ltr'><strong>iis</strong></span> <span class='ocrx_word' id='word_1_201' title='bbox 916 3308 988 3367; x_wconf 90' lang='lat' dir='ltr'><strong>locis</strong></span> <span class='ocrx_word' id='word_1_202' title='bbox 1004 3310 1034 3365; x_wconf 91' lang='lat' dir='ltr'><strong>in</strong></span> <span class='ocrx_word' id='word_1_203' title='bbox 1050 3310 1157 3382; x_wconf 91' lang='lat' dir='ltr'><strong>quibus</strong></span> <span class='ocrx_word' id='word_1_204' title='bbox 1172 3310 1286 3368; x_wconf 90' lang='lat' dir='ltr'><strong>codices</strong></span> <span class='ocrx_word' id='word_1_205' title='bbox 1301 3326 1375 3367; x_wconf 89' lang='lat' dir='ltr'><strong>mes.</strong></span> <span class='ocrx_word' id='word_1_206' title='bbox 1390 3311 1467 3367; x_wconf 91' lang='lat' dir='ltr'><strong>inter</strong></span> <span class='ocrx_word' id='word_1_207' title='bbox 1480 3327 1545 3368; x_wconf 90' lang='lat' dir='ltr'><strong>sose</strong></span> <span class='ocrx_word' id='word_1_208' title='bbox 1562 3310 1608 3368; x_wconf 83' lang='lat' dir='ltr'><strong>vel</strong></span> <span class='ocrx_word' id='word_1_209' title='bbox 1629 3312 1666 3369; x_wconf 87' lang='lat' dir='ltr'><strong>ab</strong></span> <span class='ocrx_word' id='word_1_210' title='bbox 1681 3313 1770 3371; x_wconf 87' lang='lat' dir='ltr'><strong>editis</strong></span> 
     </span>
     <span class='ocr_line' id='line_1_22' title="bbox 65 3398 1803 3473; baseline -0.002 -11"><span class='ocrx_word' id='word_1_211' title='bbox 65 3405 220 3470; x_wconf 84' lang='lat' dir='ltr'><strong>dissident,</strong></span> <span class='ocrx_word' id='word_1_212' title='bbox 234 3406 265 3458; x_wconf 91' lang='lat' dir='ltr'><strong>et</strong></span> <span class='ocrx_word' id='word_1_213' title='bbox 278 3405 377 3456; x_wconf 67' lang='lat' dir='ltr'><strong>umen</strong></span> <span class='ocrx_word' id='word_1_214' title='bbox 393 3405 517 3473; x_wconf 92' lang='lat' dir='ltr'><strong>utraque</strong></span> <span class='ocrx_word' id='word_1_215' title='bbox 531 3399 618 3456; x_wconf 89' lang='lat' dir='ltr'><strong>lectio</strong></span> <span class='ocrx_word' id='word_1_216' title='bbox 633 3400 700 3455; x_wconf 82' lang='lat' dir='ltr'><strong>ferri</strong></span> <span class='ocrx_word' id='word_1_217' title='bbox 717 3403 823 3471; x_wconf 74' lang='lat' dir='ltr'><strong>potest,</strong></span> <span class='ocrx_word' id='word_1_218' title='bbox 838 3398 1007 3455; x_wconf 84' lang='lat' dir='ltr'><strong>varietatem</strong></span> <span class='ocrx_word' id='word_1_219' title='bbox 1023 3399 1051 3454; x_wconf 91' lang='lat' dir='ltr'><strong>in</strong></span> <span class='ocrx_word' id='word_1_220' title='bbox 1068 3399 1179 3456; x_wconf 87' lang='lat' dir='ltr'><strong>notulis</strong></span> <span class='ocrx_word' id='word_1_221' title='bbox 1192 3398 1395 3471; x_wconf 87' lang='lat' dir='ltr'><strong>apposuimus,</strong></span> <span class='ocrx_word' id='word_1_222' title='bbox 1407 3416 1443 3457; x_wconf 92' lang='lat' dir='ltr'><strong>ne</strong></span> <span class='ocrx_word' id='word_1_223' title='bbox 1457 3404 1566 3458; x_wconf 89' lang='lat' dir='ltr'><strong>temere</strong></span> <span class='ocrx_word' id='word_1_224' title='bbox 1581 3400 1611 3458; x_wconf 86' lang='lat' dir='ltr'><strong>in</strong></span> <span class='ocrx_word' id='word_1_225' title='bbox 1625 3403 1687 3458; x_wconf 90' lang='lat' dir='ltr'><strong>tarn</strong></span> <span class='ocrx_word' id='word_1_226' title='bbox 1701 3417 1770 3473; x_wconf 91' lang='lat' dir='ltr'><strong>pre·</strong></span> <span class='ocrx_word' id='word_1_227' title='bbox 1801 3453 1803 3459; x_wconf 81' lang='grc'>,</span> 
     </span>
     <span class='ocr_line' id='line_1_23' title="bbox 63 3487 1769 3561; baseline -0.002 -11"><span class='ocrx_word' id='word_1_228' title='bbox 63 3495 136 3551; x_wconf 88' lang='lat' dir='ltr'><strong>tioso</strong></span> <span class='ocrx_word' id='word_1_229' title='bbox 152 3490 289 3549; x_wconf 73' lang='lat' dir='ltr'><strong>Ecclesia</strong></span> <span class='ocrx_word' id='word_1_230' title='bbox 304 3494 496 3546; x_wconf 88' lang='lat' dir='ltr'><strong>monumento</strong></span> <span class='ocrx_word' id='word_1_231' title='bbox 511 3488 622 3561; x_wconf 86' lang='lat' dir='ltr'><strong>aliquid</strong></span> <span class='ocrx_word' id='word_1_232' title='bbox 637 3489 810 3545; x_wconf 87' lang='lat' dir='ltr'><strong>immutasse</strong></span> <span class='ocrx_word' id='word_1_233' title='bbox 825 3487 998 3544; x_wconf 88' lang='lat' dir='ltr'><strong>videremur.</strong></span> <span class='ocrx_word' id='word_1_234' title='bbox 1016 3488 1124 3545; x_wconf 76' lang='lat' dir='ltr'><strong>Eadem</strong></span> <span class='ocrx_word' id='word_1_235' title='bbox 1140 3488 1228 3545; x_wconf 90' lang='lat' dir='ltr'><strong>etiam</strong></span> <span class='ocrx_word' id='word_1_236' title='bbox 1242 3488 1357 3545; x_wconf 64' lang='lat' dir='ltr'><strong>canule</strong></span> <span class='ocrx_word' id='word_1_237' title='bbox 1372 3488 1419 3545; x_wconf 88' lang='lat' dir='ltr'><strong>usi</strong></span> <span class='ocrx_word' id='word_1_238' title='bbox 1434 3505 1550 3559; x_wconf 89' lang='lat' dir='ltr'><strong>sumne,</strong></span> <span class='ocrx_word' id='word_1_239' title='bbox 1566 3490 1722 3561; x_wconf 90' lang='lat' dir='ltr'><strong>siquando</strong></span> <span class='ocrx_word' id='word_1_240' title='bbox 1738 3490 1769 3547; x_wconf 94' lang='lat' dir='ltr'><strong>in</strong></span> 
     </span>
     <span class='ocr_line' id='line_1_24' title="bbox 65 3575 1395 3651; baseline -0.005 -13"><span class='ocrx_word' id='word_1_241' title='bbox 65 3599 134 3641; x_wconf 90' lang='lat' dir='ltr'><strong>mss.</strong></span> <span class='ocrx_word' id='word_1_242' title='bbox 151 3580 306 3638; x_wconf 86' lang='lat' dir='ltr'><strong>codicibus</strong></span> <span class='ocrx_word' id='word_1_243' title='bbox 321 3577 372 3635; x_wconf 89' lang='lat' dir='ltr'><strong>ubi</strong></span> <span class='ocrx_word' id='word_1_244' title='bbox 387 3578 488 3635; x_wconf 87' lang='lat' dir='ltr'><strong>eadem</strong></span> <span class='ocrx_word' id='word_1_245' title='bbox 502 3580 574 3634; x_wconf 84' lang='lat' dir='ltr'><strong>Acta</strong></span> <span class='ocrx_word' id='word_1_246' title='bbox 586 3576 689 3633; x_wconf 83' lang='lat' dir='ltr'><strong>vitiata</strong></span> <span class='ocrx_word' id='word_1_247' title='bbox 702 3577 857 3643; x_wconf 87' lang='lat' dir='ltr'><strong>habentur,</strong></span> <span class='ocrx_word' id='word_1_248' title='bbox 874 3575 984 3647; x_wconf 89' lang='lat' dir='ltr'><strong>aliquid</strong></span> <span class='ocrx_word' id='word_1_249' title='bbox 1001 3580 1103 3634; x_wconf 87' lang='lat' dir='ltr'><strong>notatu</strong></span> <span class='ocrx_word' id='word_1_250' title='bbox 1119 3577 1242 3651; x_wconf 90' lang='lat' dir='ltr'><strong>dignum</strong></span> <span class='ocrx_word' id='word_1_251' title='bbox 1258 3577 1395 3634; x_wconf 88' lang='lat' dir='ltr'><strong>occurrit.</strong></span> 
     </span>
    </p>

    <p class='ocr_par' dir='ltr' id='par_1_9' title="bbox 66 3664 1781 5249">
     <span class='ocr_line' id='line_1_25' title="bbox 98 3664 1772 3740; baseline 0 -14"><span class='ocrx_word' id='word_1_252' title='bbox 98 3676 135 3727; x_wconf 87' lang='lat'><strong>11.</strong></span> <span class='ocrx_word' id='word_1_253' title='bbox 153 3670 226 3728; x_wconf 82' lang='lat' dir='ltr'><strong>Tria</strong></span> <span class='ocrx_word' id='word_1_254' title='bbox 240 3667 364 3740; x_wconf 85' lang='lat' dir='ltr'><strong>inquirit</strong></span> <span class='ocrx_word' id='word_1_255' title='bbox 378 3667 512 3723; x_wconf 88' lang='lat' dir='ltr'><strong>eruditus</strong></span> <span class='ocrx_word' id='word_1_256' title='bbox 524 3665 660 3722; x_wconf 88' lang='lat' dir='ltr'><strong>Valesius</strong></span> <span class='ocrx_word' id='word_1_257' title='bbox 675 3665 705 3720; x_wconf 90' lang='lat' dir='ltr'><strong>in</strong></span> <span class='ocrx_word' id='word_1_258' title='bbox 721 3664 887 3734; x_wconf 85' lang='lat' dir='ltr'><strong>prelatione</strong></span> <span class='ocrx_word' id='word_1_259' title='bbox 902 3664 939 3721; x_wconf 86' lang='lat' dir='ltr'><strong>sd</strong></span> <span class='ocrx_word' id='word_1_260' title='bbox 954 3664 1016 3722; x_wconf 82' lang='lat' dir='ltr'><strong>heo</strong></span> <span class='ocrx_word' id='word_1_261' title='bbox 1031 3668 1103 3722; x_wconf 82' lang='lat' dir='ltr'><strong>Acta</strong></span> <span class='ocrx_word' id='word_1_262' title='bbox 1119 3682 1126 3721; x_wconf 74' lang='grc' dir='ltr'><strong>ι</strong></span> <span class='ocrx_word' id='word_1_263' title='bbox 1154 3666 1260 3738; x_wconf 91' lang='lat' dir='ltr'><strong>primo,</strong></span> <span class='ocrx_word' id='word_1_264' title='bbox 1285 3666 1407 3722; x_wconf 91' lang='lat' dir='ltr'><strong>ubinam</strong></span> <span class='ocrx_word' id='word_1_265' title='bbox 1433 3667 1476 3723; x_wconf 81' lang='lat' dir='ltr'><strong>he</strong></span> <span class='ocrx_word' id='word_1_266' title='bbox 1500 3666 1639 3725; x_wconf 87' lang='lat' dir='ltr'><strong>mulieres</strong></span> <span class='ocrx_word' id='word_1_267' title='bbox 1664 3670 1772 3726; x_wconf 83' lang='lat' dir='ltr'><strong>sancte</strong></span> 
     </span>
     <span class='ocr_line' id='line_1_26' title="bbox 66 3753 1772 3834; baseline -0.001 -18"><span class='ocrx_word' id='word_1_268' title='bbox 66 3777 159 3834; x_wconf 74' lang='lat' dir='ltr'><strong>paese</strong></span> <span class='ocrx_word' id='word_1_269' title='bbox 174 3759 257 3826; x_wconf 78' lang='lat' dir='ltr'><strong>sint3</strong></span> <span class='ocrx_word' id='word_1_270' title='bbox 275 3756 415 3823; x_wconf 89' lang='lat' dir='ltr'><strong>secundo,</strong></span> <span class='ocrx_word' id='word_1_271' title='bbox 432 3772 489 3827; x_wconf 91' lang='lat' dir='ltr'><strong>qno</strong></span> <span class='ocrx_word' id='word_1_272' title='bbox 510 3760 640 3826; x_wconf 90' lang='lat' dir='ltr'><strong>tempore</strong></span> <span class='ocrx_word' id='word_1_273' title='bbox 664 3753 838 3824; x_wconf 86' lang='lat' dir='ltr'><strong>martyrium</strong></span> <span class='ocrx_word' id='word_1_274' title='bbox 863 3755 1116 3823; x_wconf 82' lang='lat' dir='ltr'><strong>consummarint3</strong></span> <span class='ocrx_word' id='word_1_275' title='bbox 1142 3771 1176 3810; x_wconf 89' lang='lat' dir='ltr'><strong>ac</strong></span> <span class='ocrx_word' id='word_1_276' title='bbox 1198 3755 1317 3812; x_wconf 66' lang='lat' dir='ltr'><strong>undem</strong></span> <span class='ocrx_word' id='word_1_277' title='bbox 1341 3755 1480 3827; x_wconf 88' lang='lat' dir='ltr'><strong>quisnam</strong></span> <span class='ocrx_word' id='word_1_278' title='bbox 1500 3756 1606 3813; x_wconf 91' lang='lat' dir='ltr'><strong>horum</strong></span> <span class='ocrx_word' id='word_1_279' title='bbox 1631 3761 1772 3816; x_wconf 78' lang='lat' dir='ltr'><strong>seuram</strong></span> 
     </span>
     <span class='ocr_line' id='line_1_27' title="bbox 68 3841 1772 3918; baseline -0.002 -12"><span class='ocrx_word' id='word_1_280' title='bbox 68 3855 167 3906; x_wconf 74' lang='lat' dir='ltr'><strong>enctm</strong></span> <span class='ocrx_word' id='word_1_281' title='bbox 181 3863 235 3904; x_wconf 89' lang='lat' dir='ltr'><strong>sen</strong></span> <span class='ocrx_word' id='word_1_282' title='bbox 251 3844 349 3918; x_wconf 91' lang='lat' dir='ltr'><strong>potius</strong></span> <span class='ocrx_word' id='word_1_283' title='bbox 363 3843 499 3900; x_wconf 89' lang='lat' dir='ltr'><strong>collector</strong></span> <span class='ocrx_word' id='word_1_284' title='bbox 514 3843 623 3899; x_wconf 83' lang='lat' dir='ltr'><strong>luerit:</strong></span> <span class='ocrx_word' id='word_1_285' title='bbox 648 3843 683 3899; x_wconf 86' lang='lat' dir='ltr'><strong>de</strong></span> <span class='ocrx_word' id='word_1_286' title='bbox 704 3841 815 3914; x_wconf 90' lang='lat' dir='ltr'><strong>quibus</strong></span> <span class='ocrx_word' id='word_1_287' title='bbox 829 3841 966 3900; x_wconf 91' lang='lat' dir='ltr'><strong>omnibus</strong></span> <span class='ocrx_word' id='word_1_288' title='bbox 979 3843 1065 3899; x_wconf 88' lang='lat' dir='ltr'><strong>etiam</strong></span> <span class='ocrx_word' id='word_1_289' title='bbox 1082 3843 1129 3899; x_wconf 92' lang='lat' dir='ltr'><strong>hic</strong></span> <span class='ocrx_word' id='word_1_290' title='bbox 1144 3844 1246 3915; x_wconf 88' lang='lat' dir='ltr'><strong>paneis</strong></span> <span class='ocrx_word' id='word_1_291' title='bbox 1261 3843 1406 3915; x_wconf 86' lang='lat' dir='ltr'><strong>agendum</strong></span> <span class='ocrx_word' id='word_1_292' title='bbox 1422 3847 1476 3902; x_wconf 91' lang='lat' dir='ltr'><strong>est.</strong></span> <span class='ocrx_word' id='word_1_293' title='bbox 1492 3844 1574 3909; x_wconf 84' lang='lat' dir='ltr'><strong>Quod</strong></span> <span class='ocrx_word' id='word_1_294' title='bbox 1589 3845 1626 3901; x_wconf 90' lang='lat' dir='ltr'><strong>ad</strong></span> <span class='ocrx_word' id='word_1_295' title='bbox 1642 3846 1772 3918; x_wconf 85' lang='lat' dir='ltr'><strong>primum</strong></span> 
     </span>
     <span class='ocr_line' id='line_1_28' title="bbox 67 3931 1773 4010; baseline -0.002 -17"><span class='ocrx_word' id='word_1_296' title='bbox 67 3939 169 3995; x_wconf 87' lang='lat' dir='ltr'><strong>attinet</strong></span> <span class='ocrx_word' id='word_1_297' title='bbox 185 3937 362 4010; x_wconf 89' lang='lat' dir='ltr'><strong>priusquam</strong></span> <span class='ocrx_word' id='word_1_298' title='bbox 378 3933 493 3989; x_wconf 89' lang='lat' dir='ltr'><strong>sincera</strong></span> <span class='ocrx_word' id='word_1_299' title='bbox 507 3933 613 3989; x_wconf 89' lang='lat' dir='ltr'><strong>harum</strong></span> <span class='ocrx_word' id='word_1_300' title='bbox 628 3936 791 4003; x_wconf 82' lang='lat' dir='ltr'><strong>martyrum</strong></span> <span class='ocrx_word' id='word_1_301' title='bbox 806 3933 877 3986; x_wconf 83' lang='lat' dir='ltr'><strong>Acts</strong></span> <span class='ocrx_word' id='word_1_302' title='bbox 891 3935 1007 4004; x_wconf 89' lang='lat' dir='ltr'><strong>reperta</strong></span> <span class='ocrx_word' id='word_1_303' title='bbox 1021 3931 1156 3999; x_wconf 82' lang='lat' dir='ltr'><strong>inissent,</strong></span> <span class='ocrx_word' id='word_1_304' title='bbox 1172 3948 1258 3987; x_wconf 91' lang='lat' dir='ltr'><strong>namo</strong></span> <span class='ocrx_word' id='word_1_305' title='bbox 1273 3932 1332 3987; x_wconf 84' lang='lat' dir='ltr'><strong>lere</strong></span> <span class='ocrx_word' id='word_1_306' title='bbox 1347 3931 1378 3987; x_wconf 93' lang='lat' dir='ltr'><strong>in</strong></span> <span class='ocrx_word' id='word_1_307' title='bbox 1393 3932 1517 3989; x_wconf 90' lang='lat' dir='ltr'><strong>dubium</strong></span> <span class='ocrx_word' id='word_1_308' title='bbox 1532 3932 1685 3990; x_wconf 84' lang='lat' dir='ltr'><strong>revocabat</strong></span> <span class='ocrx_word' id='word_1_309' title='bbox 1700 3935 1773 4005; x_wconf 90' lang='lat' dir='ltr'><strong>quin</strong></span> 
     </span>
     <span class='ocr_line' id='line_1_29' title="bbox 68 4018 1772 4099; baseline -0.001 -17"><span class='ocrx_word' id='word_1_310' title='bbox 68 4029 174 4083; x_wconf 75' lang='lat' dir='ltr'><strong>cadem</strong></span> <span class='ocrx_word' id='word_1_311' title='bbox 191 4026 262 4099; x_wconf 79' lang='lat' dir='ltr'><strong>ipse</strong></span> <span class='ocrx_word' id='word_1_312' title='bbox 279 4024 388 4080; x_wconf 87' lang='lat' dir='ltr'><strong>luerint</strong></span> <span class='ocrx_word' id='word_1_313' title='bbox 403 4038 476 4095; x_wconf 91' lang='lat' dir='ltr'><strong>quas</strong></span> <span class='ocrx_word' id='word_1_314' title='bbox 491 4022 547 4077; x_wconf 84' lang='lat' dir='ltr'><strong>snb</strong></span> <span class='ocrx_word' id='word_1_315' title='bbox 561 4021 725 4077; x_wconf 82' lang='lat' dir='ltr'><strong>Sanctarum</strong></span> <span class='ocrx_word' id='word_1_316' title='bbox 741 4020 989 4076; x_wconf 74' lang='lat' dir='ltr'><strong>tuburbitanorum</strong></span> <span class='ocrx_word' id='word_1_317' title='bbox 1004 4018 1208 4076; x_wconf 85' lang='lat' dir='ltr'><strong>nominaverit</strong></span> <span class='ocrx_word' id='word_1_318' title='bbox 1223 4024 1356 4077; x_wconf 90' lang='lat' dir='ltr'><strong>auctores</strong></span> <span class='ocrx_word' id='word_1_319' title='bbox 1370 4019 1573 4078; x_wconf 81' lang='lat' dir='ltr'><strong>&#39;celebrabant</strong></span> <span class='ocrx_word' id='word_1_320' title='bbox 1594 4022 1625 4078; x_wconf 93' lang='lat' dir='ltr'><strong>Id</strong></span> <span class='ocrx_word' id='word_1_321' title='bbox 1649 4038 1772 4094; x_wconf 88' lang='lat' dir='ltr'><strong>persua·</strong></span> 
     </span>
     <span class='ocr_line' id='line_1_30' title="bbox 69 4108 1772 4187; baseline -0.001 -17"><span class='ocrx_word' id='word_1_322' title='bbox 69 4115 163 4182; x_wconf 88' lang='lat' dir='ltr'><strong>debat,</strong></span> <span class='ocrx_word' id='word_1_323' title='bbox 180 4118 288 4187; x_wconf 79' lang='lat' dir='ltr'><strong>preter</strong></span> <span class='ocrx_word' id='word_1_324' title='bbox 301 4112 509 4185; x_wconf 91' lang='lat' dir='ltr'><strong>quorumdam,</strong></span> <span class='ocrx_word' id='word_1_325' title='bbox 524 4110 765 4177; x_wconf 87' lang='lat' dir='ltr'><strong>aliamveterum,</strong></span> <span class='ocrx_word' id='word_1_326' title='bbox 784 4108 1057 4182; x_wconf 64' lang='lat' dir='ltr'><strong>mnrtprologiornm</strong></span> <span class='ocrx_word' id='word_1_327' title='bbox 1079 4108 1295 4178; x_wconf 89' lang='lat' dir='ltr'><strong>anctoritatem,</strong></span> <span class='ocrx_word' id='word_1_328' title='bbox 1310 4115 1383 4166; x_wconf 73' lang='lat' dir='ltr'><strong>Acta</strong></span> <span class='ocrx_word' id='word_1_329' title='bbox 1406 4126 1469 4182; x_wconf 81' lang='lat' dir='ltr'><strong>qne</strong></span> <span class='ocrx_word' id='word_1_330' title='bbox 1493 4110 1550 4168; x_wconf 83' lang='lat' dir='ltr'><strong>aab</strong></span> <span class='ocrx_word' id='word_1_331' title='bbox 1572 4111 1719 4184; x_wconf 79' lang='lat' dir='ltr'><strong>Perpetua</strong></span> <span class='ocrx_word' id='word_1_332' title='bbox 1742 4115 1772 4168; x_wconf 90' lang='lat' dir='ltr'><strong>et</strong></span> 
     </span>
     <span class='ocr_line' id='line_1_31' title="bbox 70 4197 1771 4272; baseline -0.002 -14"><span class='ocrx_word' id='word_1_333' title='bbox 70 4204 229 4260; x_wconf 75' lang='lat' dir='ltr'><strong>felicitatis</strong></span> <span class='ocrx_word' id='word_1_334' title='bbox 243 4201 364 4258; x_wconf 88' lang='lat' dir='ltr'><strong>nomine</strong></span> <span class='ocrx_word' id='word_1_335' title='bbox 378 4199 668 4266; x_wconf 80' lang='lat' dir='ltr'><strong>circumferebantur,</strong></span> <span class='ocrx_word' id='word_1_336' title='bbox 680 4199 709 4253; x_wconf 94' lang='lat' dir='ltr'><strong>in</strong></span> <span class='ocrx_word' id='word_1_337' title='bbox 721 4198 829 4270; x_wconf 90' lang='lat' dir='ltr'><strong>quihus</strong></span> <span class='ocrx_word' id='word_1_338' title='bbox 843 4213 893 4254; x_wconf 88' lang='lat' dir='ltr'><strong>ess</strong></span> <span class='ocrx_word' id='word_1_339' title='bbox 907 4197 1046 4255; x_wconf 81' lang='lat' dir='ltr'><strong>Tuburbii</strong></span> <span class='ocrx_word' id='word_1_340' title='bbox 1059 4215 1161 4271; x_wconf 80' lang='lat' dir='ltr'><strong>passas</strong></span> <span class='ocrx_word' id='word_1_341' title='bbox 1171 4198 1263 4255; x_wconf 83' lang='lat' dir='ltr'><strong>fuisse</strong></span> <span class='ocrx_word' id='word_1_342' title='bbox 1273 4198 1390 4255; x_wconf 89' lang='lat' dir='ltr'><strong>disertis</strong></span> <span class='ocrx_word' id='word_1_343' title='bbox 1399 4199 1497 4256; x_wconf 83' lang='lat' dir='ltr'><strong>verbis</strong></span> <span class='ocrx_word' id='word_1_344' title='bbox 1510 4216 1681 4272; x_wconf 82' lang='lat' dir='ltr'><strong>expressum</strong></span> <span class='ocrx_word' id='word_1_345' title='bbox 1692 4203 1771 4257; x_wconf 87' lang='lat' dir='ltr'><strong>erat:</strong></span> 
     </span>
     <span class='ocr_line' id='line_1_32' title="bbox 70 4285 1772 4364; baseline -0.003 -16"><span class='ocrx_word' id='word_1_346' title='bbox 70 4297 96 4348; x_wconf 93' lang='lat' dir='ltr'><strong>et</strong></span> <span class='ocrx_word' id='word_1_347' title='bbox 109 4293 248 4364; x_wconf 84' lang='lat' dir='ltr'><strong>quamvis</strong></span> <span class='ocrx_word' id='word_1_348' title='bbox 263 4291 293 4345; x_wconf 92' lang='lat' dir='ltr'><strong>in</strong></span> <span class='ocrx_word' id='word_1_349' title='bbox 307 4290 355 4347; x_wconf 88' lang='lat' dir='ltr'><strong>his</strong></span> <span class='ocrx_word' id='word_1_350' title='bbox 369 4289 449 4344; x_wconf 80' lang='lat' dir='ltr'><strong>Actis</strong></span> <span class='ocrx_word' id='word_1_351' title='bbox 464 4287 605 4345; x_wconf 90' lang='lat' dir='ltr'><strong>nonnulla</strong></span> <span class='ocrx_word' id='word_1_352' title='bbox 618 4287 687 4343; x_wconf 88' lang='lat' dir='ltr'><strong>viris</strong></span> <span class='ocrx_word' id='word_1_353' title='bbox 702 4286 824 4344; x_wconf 89' lang='lat' dir='ltr'><strong>eruditis</strong></span> <span class='ocrx_word' id='word_1_354' title='bbox 848 4286 953 4344; x_wconf 86' lang='lat' dir='ltr'><strong>vitiosa</strong></span> <span class='ocrx_word' id='word_1_355' title='bbox 976 4304 1008 4343; x_wconf 88' lang='lat' dir='ltr'><strong>ac</strong></span> <span class='ocrx_word' id='word_1_356' title='bbox 1032 4288 1188 4360; x_wconf 81' lang='lat' dir='ltr'><strong>depravata</strong></span> <span class='ocrx_word' id='word_1_357' title='bbox 1210 4287 1388 4355; x_wconf 87' lang='lat' dir='ltr'><strong>viderentur,</strong></span> <span class='ocrx_word' id='word_1_358' title='bbox 1404 4287 1504 4343; x_wconf 89' lang='lat' dir='ltr'><strong>nullus</strong></span> <span class='ocrx_word' id='word_1_359' title='bbox 1527 4292 1626 4344; x_wconf 72' lang='lat' dir='ltr'><strong>umen</strong></span> <span class='ocrx_word' id='word_1_360' title='bbox 1650 4288 1685 4343; x_wconf 90' lang='lat' dir='ltr'><strong>de</strong></span> <span class='ocrx_word' id='word_1_361' title='bbox 1708 4285 1772 4345; x_wconf 90' lang='lat' dir='ltr'><strong>loco</strong></span> 
     </span>
     <span class='ocr_line' id='line_1_33' title="bbox 71 4374 1774 4453; baseline -0.002 -17"><span class='ocrx_word' id='word_1_362' title='bbox 71 4382 201 4453; x_wconf 77' lang='lat' dir='ltr'><strong>martyrii</strong></span> <span class='ocrx_word' id='word_1_363' title='bbox 217 4380 361 4436; x_wconf 88' lang='lat' dir='ltr'><strong>hactenus</strong></span> <span class='ocrx_word' id='word_1_364' title='bbox 385 4377 574 4452; x_wconf 77' lang='lat' dir='ltr'><strong>questionem</strong></span> <span class='ocrx_word' id='word_1_365' title='bbox 596 4381 734 4432; x_wconf 83' lang='lat' dir='ltr'><strong>moverat.</strong></span> <span class='ocrx_word' id='word_1_366' title='bbox 748 4376 869 4443; x_wconf 89' lang='lat' dir='ltr'><strong>Verum,</strong></span> <span class='ocrx_word' id='word_1_367' title='bbox 891 4393 983 4448; x_wconf 91' lang='lat' dir='ltr'><strong>quum</strong></span> <span class='ocrx_word' id='word_1_368' title='bbox 1007 4375 1201 4433; x_wconf 81' lang='lat' dir='ltr'><strong>Holstenianae</strong></span> <span class='ocrx_word' id='word_1_369' title='bbox 1229 4377 1367 4433; x_wconf 88' lang='lat' dir='ltr'><strong>editionis</strong></span> <span class='ocrx_word' id='word_1_370' title='bbox 1394 4376 1545 4433; x_wconf 80' lang='lat' dir='ltr'><strong>occasione</strong></span> <span class='ocrx_word' id='word_1_371' title='bbox 1573 4392 1620 4432; x_wconf 91' lang='lat' dir='ltr'><strong>res</strong></span> <span class='ocrx_word' id='word_1_372' title='bbox 1643 4374 1774 4433; x_wconf 88' lang='lat' dir='ltr'><strong>exactius</strong></span> 
     </span>
     <span class='ocr_line' id='line_1_34' title="bbox 73 4463 1773 4538; baseline -0.002 -13"><span class='ocrx_word' id='word_1_373' title='bbox 73 4470 275 4536; x_wconf 77' lang='lat' dir='ltr'><strong>discuteretur,</strong></span> <span class='ocrx_word' id='word_1_374' title='bbox 291 4468 376 4524; x_wconf 91' lang='lat' dir='ltr'><strong>aliter</strong></span> <span class='ocrx_word' id='word_1_375' title='bbox 390 4467 460 4523; x_wconf 88' lang='lat' dir='ltr'><strong>viris</strong></span> <span class='ocrx_word' id='word_1_376' title='bbox 474 4465 654 4522; x_wconf 88' lang='lat' dir='ltr'><strong>doctioribus</strong></span> <span class='ocrx_word' id='word_1_377' title='bbox 668 4466 764 4522; x_wconf 85' lang='lat' dir='ltr'><strong>visum</strong></span> <span class='ocrx_word' id='word_1_378' title='bbox 779 4468 833 4536; x_wconf 88' lang='lat' dir='ltr'><strong>eet,</strong></span> <span class='ocrx_word' id='word_1_379' title='bbox 849 4481 883 4521; x_wconf 92' lang='lat' dir='ltr'><strong>ac</strong></span> <span class='ocrx_word' id='word_1_380' title='bbox 907 4481 965 4537; x_wconf 83' lang='lat' dir='ltr'><strong>pra</strong></span> <span class='ocrx_word' id='word_1_381' title='bbox 990 4466 1102 4523; x_wconf 81' lang='lat' dir='ltr'><strong>ceteris</strong></span> <span class='ocrx_word' id='word_1_382' title='bbox 1126 4466 1250 4522; x_wconf 83' lang='lat' dir='ltr'><strong>Henrico</strong></span> <span class='ocrx_word' id='word_1_383' title='bbox 1274 4464 1410 4534; x_wconf 87' lang='lat' dir='ltr'><strong>Valasio;</strong></span> <span class='ocrx_word' id='word_1_384' title='bbox 1437 4464 1488 4537; x_wconf 91' lang='lat' dir='ltr'><strong>qai</strong></span> <span class='ocrx_word' id='word_1_385' title='bbox 1514 4463 1627 4522; x_wconf 88' lang='lat' dir='ltr'><strong>libratis</strong></span> <span class='ocrx_word' id='word_1_386' title='bbox 1650 4481 1713 4538; x_wconf 84' lang='lat' dir='ltr'><strong>qua</strong></span> <span class='ocrx_word' id='word_1_387' title='bbox 1738 4480 1773 4521; x_wconf 85' lang='lat' dir='ltr'><strong>ex</strong></span> 
     </span>
     <span class='ocr_line' id='line_1_35' title="bbox 73 4553 1774 4633; baseline -0.002 -18"><span class='ocrx_word' id='word_1_388' title='bbox 73 4564 197 4633; x_wconf 89' lang='lat' dir='ltr'><strong>utraque</strong></span> <span class='ocrx_word' id='word_1_389' title='bbox 211 4563 293 4631; x_wconf 86' lang='lat' dir='ltr'><strong>parte</strong></span> <span class='ocrx_word' id='word_1_390' title='bbox 308 4555 404 4613; x_wconf 81' lang='lat' dir='ltr'><strong>afferri</strong></span> <span class='ocrx_word' id='word_1_391' title='bbox 420 4558 555 4627; x_wconf 87' lang='lat' dir='ltr'><strong>poterant</strong></span> <span class='ocrx_word' id='word_1_392' title='bbox 568 4554 737 4626; x_wconf 90' lang='lat' dir='ltr'><strong>momentis,</strong></span> <span class='ocrx_word' id='word_1_393' title='bbox 753 4555 806 4611; x_wconf 90' lang='lat' dir='ltr'><strong>has</strong></span> <span class='ocrx_word' id='word_1_394' title='bbox 822 4558 976 4626; x_wconf 78' lang='lat' dir='ltr'><strong>martyres,</strong></span> <span class='ocrx_word' id='word_1_395' title='bbox 992 4571 1050 4611; x_wconf 92' lang='lat' dir='ltr'><strong>non</strong></span> <span class='ocrx_word' id='word_1_396' title='bbox 1066 4553 1219 4619; x_wconf 85' lang='lat' dir='ltr'><strong>Tuburbii,</strong></span> <span class='ocrx_word' id='word_1_397' title='bbox 1236 4553 1287 4609; x_wconf 91' lang='lat' dir='ltr'><strong>sed</strong></span> <span class='ocrx_word' id='word_1_398' title='bbox 1306 4553 1480 4626; x_wconf 87' lang='lat' dir='ltr'><strong>Carthagine</strong></span> <span class='ocrx_word' id='word_1_399' title='bbox 1504 4553 1677 4626; x_wconf 74' lang='lat' dir='ltr'><strong>martyrium</strong></span> <span class='ocrx_word' id='word_1_400' title='bbox 1704 4569 1774 4611; x_wconf 89' lang='lat' dir='ltr'><strong>oon·</strong></span> 
     </span>
     <span class='ocr_line' id='line_1_36' title="bbox 72 4642 1776 4717; baseline -0.003 -13"><span class='ocrx_word' id='word_1_401' title='bbox 72 4664 238 4704; x_wconf 88' lang='lat' dir='ltr'><strong>summasae</strong></span> <span class='ocrx_word' id='word_1_402' title='bbox 253 4649 453 4703; x_wconf 75' lang='lat' dir='ltr'><strong>asseveranter</strong></span> <span class='ocrx_word' id='word_1_403' title='bbox 466 4643 675 4717; x_wconf 85' lang='lat' dir='ltr'><strong>pronuntiavit.</strong></span> <span class='ocrx_word' id='word_1_404' title='bbox 692 4643 773 4700; x_wconf 89' lang='lat' dir='ltr'><strong>Hanc</strong></span> <span class='ocrx_word' id='word_1_405' title='bbox 788 4643 965 4700; x_wconf 88' lang='lat' dir='ltr'><strong>sententiam</strong></span> <span class='ocrx_word' id='word_1_406' title='bbox 981 4643 1083 4715; x_wconf 91' lang='lat' dir='ltr'><strong>probat</strong></span> <span class='ocrx_word' id='word_1_407' title='bbox 1097 4643 1131 4697; x_wconf 86' lang='lat' dir='ltr'><strong>V.</strong></span> <span class='ocrx_word' id='word_1_408' title='bbox 1148 4645 1177 4698; x_wconf 86' lang='lat' dir='ltr'><strong>C.</strong></span> <span class='ocrx_word' id='word_1_409' title='bbox 1194 4647 1259 4698; x_wconf 90' lang='lat' dir='ltr'><strong>tum</strong></span> <span class='ocrx_word' id='word_1_410' title='bbox 1281 4657 1316 4697; x_wconf 82' lang='lat' dir='ltr'><strong>ex</strong></span> <span class='ocrx_word' id='word_1_411' title='bbox 1336 4642 1410 4714; x_wconf 88' lang='lat' dir='ltr'><strong>ipsis</strong></span> <span class='ocrx_word' id='word_1_412' title='bbox 1431 4643 1522 4710; x_wconf 76' lang='lat' dir='ltr'><strong>Actis,</strong></span> <span class='ocrx_word' id='word_1_413' title='bbox 1538 4647 1602 4700; x_wconf 88' lang='lat' dir='ltr'><strong>tum</strong></span> <span class='ocrx_word' id='word_1_414' title='bbox 1627 4642 1715 4700; x_wconf 87' lang='lat' dir='ltr'><strong>etiarn</strong></span> <span class='ocrx_word' id='word_1_415' title='bbox 1740 4659 1776 4700; x_wconf 82' lang='lat' dir='ltr'><strong>ex</strong></span> 
     </span>
     <span class='ocr_line' id='line_1_37' title="bbox 74 4730 1777 4809; baseline -0.003 -17"><span class='ocrx_word' id='word_1_416' title='bbox 74 4739 265 4809; x_wconf 85' lang='lat' dir='ltr'><strong>antiquorum</strong></span> <span class='ocrx_word' id='word_1_417' title='bbox 281 4733 457 4806; x_wconf 90' lang='lat' dir='ltr'><strong>scriptorum</strong></span> <span class='ocrx_word' id='word_1_418' title='bbox 469 4731 649 4788; x_wconf 88' lang='lat' dir='ltr'><strong>auctoritate.</strong></span> <span class='ocrx_word' id='word_1_419' title='bbox 666 4732 706 4787; x_wconf 78' lang='lat' dir='ltr'><strong>hx</strong></span> <span class='ocrx_word' id='word_1_420' title='bbox 719 4732 800 4787; x_wconf 82' lang='lat' dir='ltr'><strong>Actis</strong></span> <span class='ocrx_word' id='word_1_421' title='bbox 818 4731 963 4788; x_wconf 89' lang='lat' dir='ltr'><strong>evincitur</strong></span> <span class='ocrx_word' id='word_1_422' title='bbox 988 4730 1041 4787; x_wconf 91' lang='lat' dir='ltr'><strong>has</strong></span> <span class='ocrx_word' id='word_1_423' title='bbox 1063 4734 1206 4803; x_wconf 86' lang='lat' dir='ltr'><strong>martyres</strong></span> <span class='ocrx_word' id='word_1_424' title='bbox 1230 4730 1441 4803; x_wconf 85' lang='lat' dir='ltr'><strong>proconsulari</strong></span> <span class='ocrx_word' id='word_1_425' title='bbox 1453 4735 1595 4803; x_wconf 85' lang='lat' dir='ltr'><strong>potestate</strong></span> <span class='ocrx_word' id='word_1_426' title='bbox 1619 4733 1777 4788; x_wconf 86' lang='lat' dir='ltr'><strong>damnatas</strong></span> 
     </span>
     <span class='ocr_line' id='line_1_38' title="bbox 75 4817 1778 4897; baseline -0.005 -15"><span class='ocrx_word' id='word_1_427' title='bbox 75 4827 186 4894; x_wconf 85' lang='lat' dir='ltr'><strong>inisse;</strong></span> <span class='ocrx_word' id='word_1_428' title='bbox 203 4841 237 4880; x_wconf 90' lang='lat' dir='ltr'><strong>ac</strong></span> <span class='ocrx_word' id='word_1_429' title='bbox 252 4823 389 4897; x_wconf 78' lang='lat' dir='ltr'><strong>proinde,</strong></span> <span class='ocrx_word' id='word_1_430' title='bbox 405 4825 438 4877; x_wconf 90' lang='lat' dir='ltr'><strong>ut</strong></span> <span class='ocrx_word' id='word_1_431' title='bbox 462 4821 512 4889; x_wconf 86' lang='lat' dir='ltr'><strong>ait,</strong></span> <span class='ocrx_word' id='word_1_432' title='bbox 528 4838 586 4876; x_wconf 93' lang='lat' dir='ltr'><strong>non</strong></span> <span class='ocrx_word' id='word_1_433' title='bbox 601 4820 742 4876; x_wconf 81' lang='lat' dir='ltr'><strong>Tuhurbii</strong></span> <span class='ocrx_word' id='word_1_434' title='bbox 756 4820 786 4875; x_wconf 92' lang='lat' dir='ltr'><strong>in</strong></span> <span class='ocrx_word' id='word_1_435' title='bbox 802 4818 988 4890; x_wconf 86' lang='lat' dir='ltr'><strong>Mauritania,</strong></span> <span class='ocrx_word' id='word_1_436' title='bbox 1004 4835 1095 4891; x_wconf 90' lang='lat' dir='ltr'><strong>quum</strong></span> <span class='ocrx_word' id='word_1_437' title='bbox 1112 4820 1141 4875; x_wconf 93' lang='lat' dir='ltr'><strong>in</strong></span> <span class='ocrx_word' id='word_1_438' title='bbox 1157 4836 1191 4876; x_wconf 90' lang='lat' dir='ltr'><strong>ea</strong></span> <span class='ocrx_word' id='word_1_439' title='bbox 1206 4818 1355 4892; x_wconf 87' lang='lat' dir='ltr'><strong>provincie</strong></span> <span class='ocrx_word' id='word_1_440' title='bbox 1376 4818 1491 4875; x_wconf 89' lang='lat' dir='ltr'><strong>nullum</strong></span> <span class='ocrx_word' id='word_1_441' title='bbox 1512 4821 1563 4892; x_wconf 77' lang='lat' dir='ltr'><strong>J&#39;ue</strong></span> <span class='ocrx_word' id='word_1_442' title='bbox 1587 4817 1778 4892; x_wconf 84' lang='lat' dir='ltr'><strong>proconsules</strong></span> 
     </span>
     <span class='ocr_line' id='line_1_39' title="bbox 77 4906 1778 4983; baseline -0.006 -13"><span class='ocrx_word' id='word_1_443' title='bbox 77 4915 235 4982; x_wconf 69' lang='lat' dir='ltr'><strong>haberent,</strong></span> <span class='ocrx_word' id='word_1_444' title='bbox 251 4927 364 4978; x_wconf 90' lang='lat' dir='ltr'><strong>verum,</strong></span> <span class='ocrx_word' id='word_1_445' title='bbox 380 4915 414 4966; x_wconf 89' lang='lat' dir='ltr'><strong>ut</strong></span> <span class='ocrx_word' id='word_1_446' title='bbox 427 4909 457 4965; x_wconf 95' lang='lat' dir='ltr'><strong>in</strong></span> <span class='ocrx_word' id='word_1_447' title='bbox 473 4927 547 4967; x_wconf 89' lang='lat' dir='ltr'><strong>nova</strong></span> <span class='ocrx_word' id='word_1_448' title='bbox 558 4910 686 4966; x_wconf 87' lang='lat' dir='ltr'><strong>aditione</strong></span> <span class='ocrx_word' id='word_1_449' title='bbox 700 4909 915 4983; x_wconf 83' lang='lat' dir='ltr'><strong>Augustiniana</strong></span> <span class='ocrx_word' id='word_1_450' title='bbox 930 4911 1116 4965; x_wconf 82' lang='lat' dir='ltr'><strong>obseruatum</strong></span> <span class='ocrx_word' id='word_1_451' title='bbox 1131 4914 1186 4982; x_wconf 89' lang='lat' dir='ltr'><strong>est,</strong></span> <span class='ocrx_word' id='word_1_452' title='bbox 1202 4925 1296 4982; x_wconf 91' lang='lat' dir='ltr'><strong>quum</strong></span> <span class='ocrx_word' id='word_1_453' title='bbox 1311 4907 1419 4980; x_wconf 88' lang='lat' dir='ltr'><strong>duplex</strong></span> <span class='ocrx_word' id='word_1_454' title='bbox 1434 4908 1521 4964; x_wconf 84' lang='lat' dir='ltr'><strong>luerit</strong></span> <span class='ocrx_word' id='word_1_455' title='bbox 1542 4908 1726 4966; x_wconf 85' lang='lat' dir='ltr'><strong>Tuburbium</strong></span> <span class='ocrx_word' id='word_1_456' title='bbox 1747 4906 1778 4961; x_wconf 94' lang='lat' dir='ltr'><strong>in</strong></span> 
     </span>
     <span class='ocr_line' id='line_1_40' title="bbox 77 4996 1779 5077; baseline -0.006 -17"><span class='ocrx_word' id='word_1_457' title='bbox 77 5000 280 5077; x_wconf 86' lang='lat' dir='ltr'><strong>proconsulari</strong></span> <span class='ocrx_word' id='word_1_458' title='bbox 293 5000 443 5074; x_wconf 87' lang='lat' dir='ltr'><strong>provincia</strong></span> <span class='ocrx_word' id='word_1_459' title='bbox 457 4999 559 5070; x_wconf 87' lang='lat' dir='ltr'><strong>eitum,</strong></span> <span class='ocrx_word' id='word_1_460' title='bbox 575 5003 662 5070; x_wconf 85' lang='lat' dir='ltr'><strong>atquc</strong></span> <span class='ocrx_word' id='word_1_461' title='bbox 677 4999 706 5054; x_wconf 89' lang='lat' dir='ltr'><strong>in</strong></span> <span class='ocrx_word' id='word_1_462' title='bbox 723 4998 864 5056; x_wconf 88' lang='lat' dir='ltr'><strong>alterutra</strong></span> <span class='ocrx_word' id='word_1_463' title='bbox 877 5013 977 5056; x_wconf 89' lang='lat' dir='ltr'><strong>earnm</strong></span> <span class='ocrx_word' id='word_1_464' title='bbox 993 4997 1143 5054; x_wconf 72' lang='lat' dir='ltr'><strong>niutatum</strong></span> <span class='ocrx_word' id='word_1_465' title='bbox 1159 4997 1293 5056; x_wconf 83' lang='lat' dir='ltr'><strong>fortassis</strong></span> <span class='ocrx_word' id='word_1_466' title='bbox 1308 4996 1558 5070; x_wconf 86' lang='lat' dir='ltr'><strong>amphitheatrum</strong></span> <span class='ocrx_word' id='word_1_467' title='bbox 1573 5000 1659 5066; x_wconf 72' lang='lat' dir='ltr'><strong>emet,</strong></span> <span class='ocrx_word' id='word_1_468' title='bbox 1671 5010 1779 5069; x_wconf 89' lang='lat' dir='ltr'><strong>quum·</strong></span> 
     </span>
     <span class='ocr_line' id='line_1_41' title="bbox 79 5083 1781 5166; baseline -0.004 -18"><span class='ocrx_word' id='word_1_469' title='bbox 79 5110 133 5166; x_wconf 89' lang='lat' dir='ltr'><strong>que</strong></span> <span class='ocrx_word' id='word_1_470' title='bbox 147 5110 182 5149; x_wconf 90' lang='lat' dir='ltr'><strong>ex</strong></span> <span class='ocrx_word' id='word_1_471' title='bbox 192 5091 230 5148; x_wconf 89' lang='lat' dir='ltr'><strong>iis</strong></span> <span class='ocrx_word' id='word_1_472' title='bbox 240 5108 310 5162; x_wconf 88' lang='lat' dir='ltr'><strong>una,</strong></span> <span class='ocrx_word' id='word_1_473' title='bbox 326 5089 493 5146; x_wconf 86' lang='lat' dir='ltr'><strong>Tuburbium</strong></span> <span class='ocrx_word' id='word_1_474' title='bbox 506 5089 596 5160; x_wconf 80' lang='lat' dir='ltr'><strong>majus</strong></span> <span class='ocrx_word' id='word_1_475' title='bbox 611 5087 765 5155; x_wconf 90' lang='lat' dir='ltr'><strong>diceretur,</strong></span> <span class='ocrx_word' id='word_1_476' title='bbox 781 5104 886 5160; x_wconf 89' lang='lat' dir='ltr'><strong>parurn</strong></span> <span class='ocrx_word' id='word_1_477' title='bbox 900 5086 979 5145; x_wconf 87' lang='lat' dir='ltr'><strong>valet</strong></span> <span class='ocrx_word' id='word_1_478' title='bbox 991 5104 1025 5145; x_wconf 87' lang='lat' dir='ltr'><strong>ea</strong></span> <span class='ocrx_word' id='word_1_479' title='bbox 1038 5087 1147 5145; x_wconf 88' lang='lat' dir='ltr'><strong>Valesii</strong></span> <span class='ocrx_word' id='word_1_480' title='bbox 1159 5089 1234 5145; x_wconf 90' lang='lat' dir='ltr'><strong>ratio</strong></span> <span class='ocrx_word' id='word_1_481' title='bbox 1249 5104 1257 5144; x_wconf 77' lang='lat' dir='ltr'><strong>t</strong></span> <span class='ocrx_word' id='word_1_482' title='bbox 1278 5087 1336 5144; x_wconf 90' lang='lat' dir='ltr'><strong>nisi</strong></span> <span class='ocrx_word' id='word_1_483' title='bbox 1352 5087 1467 5144; x_wconf 87' lang='lat' dir='ltr'><strong>dicatur</strong></span> <span class='ocrx_word' id='word_1_484' title='bbox 1490 5085 1699 5160; x_wconf 83' lang='lat' dir='ltr'><strong>martyrologia</strong></span> <span class='ocrx_word' id='word_1_485' title='bbox 1721 5083 1781 5142; x_wconf 83' lang='lat' dir='ltr'><strong>lere</strong></span> 
     </span>
     <span class='ocr_line' id='line_1_42' title="bbox 80 5177 796 5249; baseline -0.008 -11"><span class='ocrx_word' id='word_1_486' title='bbox 80 5183 179 5238; x_wconf 87' lang='lat' dir='ltr'><strong>omnia</strong></span> <span class='ocrx_word' id='word_1_487' title='bbox 194 5180 361 5237; x_wconf 79' lang='lat' dir='ltr'><strong>luburblum</strong></span> <span class='ocrx_word' id='word_1_488' title='bbox 376 5181 406 5234; x_wconf 83' lang='lat' dir='ltr'><strong>iu</strong></span> <span class='ocrx_word' id='word_1_489' title='bbox 421 5180 594 5235; x_wconf 69' lang='lat' dir='ltr'><strong>Mauruanla</strong></span> <span class='ocrx_word' id='word_1_490' title='bbox 608 5177 796 5249; x_wconf 86' lang='lat' dir='ltr'><strong>expressisse.</strong></span> 
     </span>
    </p>

    <p class='ocr_par' dir='ltr' id='par_1_10' title="bbox 81 5263 1787 5530">
     <span class='ocr_line' id='line_1_43' title="bbox 112 5263 1783 5343; baseline -0.005 -13"><span class='ocrx_word' id='word_1_491' title='bbox 112 5277 161 5330; x_wconf 86' lang='grc'><strong>11</strong></span> <span class='ocrx_word' id='word_1_492' title='bbox 179 5277 232 5327; x_wconf 90' lang='lat'>111.</span> <span class='ocrx_word' id='word_1_493' title='bbox 248 5273 362 5329; x_wconf 78' lang='lat' dir='ltr'><strong>certius</strong></span> <span class='ocrx_word' id='word_1_494' title='bbox 378 5286 413 5326; x_wconf 86' lang='lat' dir='ltr'><strong>ex</strong></span> <span class='ocrx_word' id='word_1_495' title='bbox 426 5271 631 5343; x_wconf 85' lang='lat' dir='ltr'><strong>argumentum</strong></span> <span class='ocrx_word' id='word_1_496' title='bbox 657 5267 734 5339; x_wconf 92' lang='lat' dir='ltr'><strong>qnod</strong></span> <span class='ocrx_word' id='word_1_497' title='bbox 748 5281 783 5322; x_wconf 84' lang='lat' dir='ltr'><strong>ex</strong></span> <span class='ocrx_word' id='word_1_498' title='bbox 811 5265 983 5325; x_wconf 88' lang='lat' dir='ltr'><strong>auctoritate</strong></span> <span class='ocrx_word' id='word_1_499' title='bbox 996 5271 1128 5326; x_wconf 85' lang='lat' dir='ltr'><strong>veterum</strong></span> <span class='ocrx_word' id='word_1_500' title='bbox 1143 5265 1193 5342; x_wconf 90' lang='lat' dir='ltr'><strong>qui</strong></span> <span class='ocrx_word' id='word_1_501' title='bbox 1217 5267 1253 5324; x_wconf 93' lang='lat' dir='ltr'><strong>de</strong></span> <span class='ocrx_word' id='word_1_502' title='bbox 1272 5267 1385 5325; x_wconf 88' lang='lat' dir='ltr'><strong>sanctia</strong></span> <span class='ocrx_word' id='word_1_503' title='bbox 1409 5270 1551 5339; x_wconf 86' lang='lat' dir='ltr'><strong>Perpetua</strong></span> <span class='ocrx_word' id='word_1_504' title='bbox 1579 5268 1607 5322; x_wconf 90' lang='lat' dir='ltr'><strong>et</strong></span> <span class='ocrx_word' id='word_1_505' title='bbox 1634 5263 1783 5322; x_wconf 78' lang='lat' dir='ltr'><strong>Felicitate</strong></span> 
     </span>
     <span class='ocr_line' id='line_1_44' title="bbox 81 5352 1787 5436; baseline -0.005 -16"><span class='ocrx_word' id='word_1_506' title='bbox 81 5364 276 5436; x_wconf 88' lang='lat' dir='ltr'><strong>scripserunt,</strong></span> <span class='ocrx_word' id='word_1_507' title='bbox 303 5358 467 5416; x_wconf 89' lang='lat' dir='ltr'><strong>deducitur.</strong></span> <span class='ocrx_word' id='word_1_508' title='bbox 493 5357 579 5425; x_wconf 83' lang='lat' dir='ltr'><strong>iiam,</strong></span> <span class='ocrx_word' id='word_1_509' title='bbox 606 5356 800 5430; x_wconf 76' lang='lat' dir='ltr'><strong>preterquam</strong></span> <span class='ocrx_word' id='word_1_510' title='bbox 830 5357 908 5428; x_wconf 92' lang='lat' dir='ltr'><strong>qnod</strong></span> <span class='ocrx_word' id='word_1_511' title='bbox 936 5357 1033 5415; x_wconf 90' lang='lat' dir='ltr'><strong>Victor</strong></span> <span class='ocrx_word' id='word_1_512' title='bbox 1046 5356 1176 5414; x_wconf 87' lang='lat' dir='ltr'><strong>Vitensis</strong></span> <span class='ocrx_word' id='word_1_513' title='bbox 1189 5373 1239 5414; x_wconf 87' lang='lat' dir='ltr'><strong>aaa</strong></span> <span class='ocrx_word' id='word_1_514' title='bbox 1255 5379 1269 5407; x_wconf 84' lang='lat' dir='ltr'><strong>u</strong></span> <span class='ocrx_word' id='word_1_515' title='bbox 1285 5357 1461 5429; x_wconf 86' lang='lat' dir='ltr'><strong>Carthagine</strong></span> <span class='ocrx_word' id='word_1_516' title='bbox 1481 5356 1513 5412; x_wconf 87' lang='lat' dir='ltr'><strong>tn</strong></span> <span class='ocrx_word' id='word_1_517' title='bbox 1535 5354 1658 5412; x_wconf 86' lang='lat' dir='ltr'><strong>basilica</strong></span> <span class='ocrx_word' id='word_1_518' title='bbox 1680 5352 1787 5428; x_wconf 78' lang='lat' dir='ltr'><strong>majori</strong></span> 
     </span>
     <span class='ocr_line' id='line_1_45' title="bbox 82 5445 1786 5530; baseline -0.005 -20"><span class='ocrx_word' id='word_1_519' title='bbox 82 5455 214 5530; x_wconf 89' lang='lat' dir='ltr'><strong>sepultas</strong></span> <span class='ocrx_word' id='word_1_520' title='bbox 229 5451 320 5509; x_wconf 85' lang='lat' dir='ltr'><strong>luisse</strong></span> <span class='ocrx_word' id='word_1_521' title='bbox 335 5472 350 5501; x_wconf 74' lang='lat' dir='ltr'><strong>a</strong></span> <span class='ocrx_word' id='word_1_522' title='bbox 364 5449 494 5506; x_wconf 86' lang='lat' dir='ltr'><strong>aiflrmat</strong></span> <span class='ocrx_word' id='word_1_523' title='bbox 509 5449 559 5522; x_wconf 87' lang='lat'><strong>(1),</strong></span> <span class='ocrx_word' id='word_1_524' title='bbox 575 5447 699 5519; x_wconf 89' lang='lat' dir='ltr'><strong>Prosper</strong></span> <span class='ocrx_word' id='word_1_525' title='bbox 713 5447 743 5501; x_wconf 93' lang='lat' dir='ltr'><strong>in</strong></span> <span class='ocrx_word' id='word_1_526' title='bbox 759 5445 889 5505; x_wconf 80' lang='lat' dir='ltr'><strong>Chronico</strong></span> <span class='ocrx_word' id='word_1_527' title='bbox 904 5448 1074 5517; x_wconf 76' lang='lat' dir='ltr'><strong>labbeano,</strong></span> <span class='ocrx_word' id='word_1_528' title='bbox 1090 5447 1166 5505; x_wconf 87' lang='lat' dir='ltr'><strong>Beda</strong></span> <span class='ocrx_word' id='word_1_529' title='bbox 1180 5446 1209 5503; x_wconf 92' lang='lat' dir='ltr'><strong>in</strong></span> <span class='ocrx_word' id='word_1_530' title='bbox 1225 5446 1300 5503; x_wconf 90' lang='lat' dir='ltr'><strong>libro</strong></span> <span class='ocrx_word' id='word_1_531' title='bbox 1324 5447 1357 5504; x_wconf 86' lang='lat' dir='ltr'><strong>de</strong></span> <span class='ocrx_word' id='word_1_532' title='bbox 1378 5460 1428 5505; x_wconf 80' lang='lat' dir='ltr'><strong>aea</strong></span> <span class='ocrx_word' id='word_1_533' title='bbox 1439 5446 1579 5504; x_wconf 83' lang='lat' dir='ltr'><strong>AEtuttbus</strong></span> <span class='ocrx_word' id='word_1_534' title='bbox 1601 5445 1710 5517; x_wconf 80' lang='lat' dir='ltr'><strong>uuult,</strong></span> <span class='ocrx_word' id='word_1_535' title='bbox 1726 5445 1786 5502; x_wconf 89' lang='lat' dir='ltr'><strong>imo</strong></span> 
     </span>
    </p>
   </div>
   <div class='ocr_carea' id='block_1_9' title="bbox 116 5605 1627 5804">
    <p class='ocr_par' dir='ltr' id='par_1_11' title="bbox 116 5605 1627 5804">
     <span class='ocr_line' id='line_1_46' title="bbox 116 5605 1341 5689; baseline -0.005 -19"><span class='ocrx_word' id='word_1_536' title='bbox 116 5616 157 5689; x_wconf 76' lang='lat'><strong>(1)</strong></span> <span class='ocrx_word' id='word_1_537' title='bbox 171 5612 249 5669; x_wconf 85' lang='lat' dir='ltr'><strong>Vict.</strong></span> <span class='ocrx_word' id='word_1_538' title='bbox 264 5611 337 5680; x_wconf 79' lang='lat' dir='ltr'><strong>vta,</strong></span> <span class='ocrx_word' id='word_1_539' title='bbox 351 5610 386 5667; x_wconf 86' lang='lat' dir='ltr'><strong>de</strong></span> <span class='ocrx_word' id='word_1_540' title='bbox 398 5611 534 5666; x_wconf 81' lang='lat' dir='ltr'><strong>Persecut.</strong></span> <span class='ocrx_word' id='word_1_541' title='bbox 552 5608 680 5678; x_wconf 78' lang='lat' dir='ltr'><strong>laudat,</strong></span> <span class='ocrx_word' id='word_1_542' title='bbox 697 5605 748 5665; x_wconf 88' lang='lat' dir='ltr'><strong>llb.</strong></span> <span class='ocrx_word' id='word_1_543' title='bbox 765 5625 784 5681; x_wconf 86' lang='lat' dir='ltr'><strong>r,</strong></span> <span class='ocrx_word' id='word_1_544' title='bbox 801 5624 864 5680; x_wconf 87' lang='lat' dir='ltr'><strong>cap.</strong></span> <span class='ocrx_word' id='word_1_545' title='bbox 880 5625 923 5677; x_wconf 89' lang='lat'><strong>111,</strong></span> <span class='ocrx_word' id='word_1_546' title='bbox 940 5625 1007 5684; x_wconf 89' lang='lat' dir='ltr'><strong>pag.</strong></span> <span class='ocrx_word' id='word_1_547' title='bbox 1023 5609 1050 5680; x_wconf 91' lang='lat'><strong>5,</strong></span> <span class='ocrx_word' id='word_1_548' title='bbox 1067 5608 1136 5665; x_wconf 91' lang='lat' dir='ltr'><strong>edit.</strong></span> <span class='ocrx_word' id='word_1_549' title='bbox 1153 5605 1245 5664; x_wconf 88' lang='lat' dir='ltr'><strong>Paris.</strong></span> <span class='ocrx_word' id='word_1_550' title='bbox 1262 5606 1341 5664; x_wconf 81' lang='lat' dir='ltr'><strong>tout.</strong></span> 
     </span>
     <span class='ocr_line' id='line_1_47' title="bbox 245 5716 1627 5804; baseline -0.002 -3"><span class='ocrx_word' id='word_1_551' title='bbox 245 5739 376 5804; x_wconf 79' lang='lat' dir='ltr'><strong>Person</strong></span> <span class='ocrx_word' id='word_1_552' title='bbox 399 5737 452 5802; x_wconf 92' lang='lat' dir='ltr'><strong>lll.</strong></span> <span class='ocrx_word' id='word_1_553' title='bbox 953 5716 958 5727; x_wconf 75' lang='grc'><strong>’</strong></span> <span class='ocrx_word' id='word_1_554' title='bbox 1612 5735 1627 5798; x_wconf 91' lang='lat' dir='ltr'><strong>t</strong></span> 
     </span>
    </p>
   </div>
   <div class='ocr_carea' id='block_1_10' title="bbox 0 0 1988 6100">
    <p class='ocr_par' dir='ltr' id='par_1_12' title="bbox 0 0 1988 6100">
     <span class='ocr_line' id='line_1_48' title="bbox 0 0 1988 6100; baseline 0 0"><span class='ocrx_word' id='word_1_555' title='bbox 0 0 1988 6100; x_wconf 95' lang='lat' dir='ltr'><strong> </strong></span> 
     </span>
    </p>
   </div>
  </div>
 </body>
</html>
