3892 6104
83 252 200 345 ἰιιο
622 280 824 345 esest-
843 278 1094 345 ιιοιιοιιιιιιιιι
1114 278 1320 345 vercona.
1741 280 1822 343 ιιιι
1879 230 1884 249 ’

294 409 407 475 ’ίοθνιος
421 410 474 468 ἀπό
488 410 653 475 Νιαιιθλιιος
667 412 751 471 ιίπιν.
956 418 985 487 A
1233 412 1329 471 lunius
1342 429 1361 470 a
1372 413 1488 486 Neapoli
1500 413 1584 471 dicit.

155 520 216 575 'An'
230 516 344 587 ίνιοίνοο,
372 518 404 575 οὗ
418 519 487 590 ἅπαξ
503 517 655 596 ἐκρίναμεν,
670 519 702 575 οὐ
717 519 884 597 χωρίζομαι·
897 515 944 573 'lor
1033 520 1135 590 Abeo,
1160 522 1239 593 quod
1265 521 1357 579 mmet
1382 520 1563 589 censuimus,
1588 536 1646 579 noa
1670 520 1773 579 recedo
1787 525 1821 577 ut

114 606 182 671 τοὺς
196 604 350 683 elpererii<
365 605 428 671 τοὺς
443 605 611 684 ἕρχομίνονι
635 606 674 671 εἷς
700 608 750 677 τὴν
779 605 942 679 Ἐκκλησίαν
997 607 1148 667 hereticas
1162 610 1310 667 venientes
1324 610 1360 667 ad
1374 608 1531 667 Ecclesiam
1544 610 1739 685 baptizamus.

117 694 305 773 βαπτίζωμιν.

286 830 437 903 Κυπριανθς
455 829 508 886 ἀπὸ
523 828 698 907 Καρχηδόνος
711 831 779 889 ιίπι.
1178 834 1335 905 Cyprianus
1349 850 1366 889 a
1380 832 1546 905 Cartbagine
1559 834 1642 891 tlt'cut't.

153 936 209 1005 Τὴν
233 934 303 1010 ipris
328 935 461 1015 ἀπόφασιν
488 935 644 1012 ὁλόκληρος
666 933 796 991 διίκνοαιν
811 934 944 1005 ίπιοτολὴ
1036 938 1130 995 Meum
1146 939 1321 995 sententiam
1344 939 1513 1012 plenissime
1535 942 1674 1013 exprimit
1688 941 1824 1014 epistola,

114 1024 189 1101 πρὸς
212 1018 342 1081 Ἰνὸιανὸν
373 1025 568 1082 revertimini
593 1028 673 1099 ἡμῶν
698 1030 853 1105 γραγῑῖσα·
881 1025 945 1088 τοὺς
1000 1044 1065 1101 quoe
1088 1029 1122 1085 ad
1145 1029 1300 1085 Jovienum
1325 1028 1530 1103 coepiscopum
1560 1035 1695 1088 nostrum
1717 1030 1828 1105 scripta

114 1111 271 1189 atpsrmebr
303 1112 371 1169 rari
401 1114 451 1184 τὴν
484 1113 665 1191 ιραγγιλικὴν
686 1114 731 1169 καὶ
760 1110 945 1185 tremoleto
1001 1122 1065 1173 eet:
1083 1116 1234 1174 hereticas
1249 1117 1458 1191 evangelicoet
1481 1119 1642 1191 apostolico
1660 1118 1828 1177 testimonio

117 1202 270 1279 μαρτυρίαν
294 1200 428 1266 ίναντίοος
460 1208 509 1258 τοῦ
537 1204 656 1281 Χριστοῦ
683 1202 727 1259 καὶ
756 1202 946 1280 ἀντιχρίπους
1003 1205 1826 1280 adversariosChristietantichristosappellatos,qttando
1936 1262 1940 1269 .

116 1290 330 1366 ὄνομασθὲντας,
357 1289 456 1346 ὁπόταν
471 1294 507 1367 τῇ
527 1289 677 1365 Ἐκκλησία
700 1290 883 1369 προσοίθωσι,
909 1294 948 1364 τῷ
1002 1296 1038 1351 ad
1066 1294 1224 1351 Ecclesiam
1247 1296 1389 1367 venerint,
1411 1296 1498 1352 unico
1522 1295 1655 1352 Ecclesia
1679 1295 1825 1370 baptismo

116 1378 159 1437 tsi
174 1386 226 1450 τῆς
239 1379 403 1452 Ἐκκληοίας
417 1380 585 1457 βαιιτισματι
603 1379 776 1457 βαπτίζεσθαι
801 1377 879 1436 δεῖν·
902 1377 949 1435 ‘irs
1002 1384 1193 1459 baptizandos
1208 1400 1292 1453 eese;
1317 1389 1350 1440 ut
1372 1384 1488 1457 possint
1511 1384 1573 1441 lieri
1599 1384 1634 1441 do
1649 1384 1826 1444 adversariis

117 1464 255 1541 δυνηθῶσι
269 1467 392 1545 γενέσθαι
405 1468 463 1525 ἄντί
485 1468 589 1549 ίχθρῶν
606 1468 694 1551 pilot,
708 1468 752 1526 nsi
779 1468 804 1541 ίξ
828 1468 949 1547 ἀντιχρί-
1003 1472 1100 1541 amici,
1116 1475 1144 1529 et
1159 1474 1194 1529 da
1208 1470 1388 1529 antichristis
1402 1472 1570 1529 Christiani.

117 1578 190 1615 πων
207 1556 377 1633 Χριστιανοί.

154 1650 276 1703 zuene.
295 1643 377 1705 Δῶται
396 1648 444 1720 μίν
460 1646 550 1702 οὔναί
569 1650 678 1723 γνῶμαι
702 1650 756 1701 τῶν
775 1645 801 1704 te
822 1650 856 1721 τῇ
886 1668 948 1701 σον·
1038 1651 1168 1709 ZONAR.
1198 1650 1246 1707 Hm
1283 1654 1354 1709 eunt
1390 1651 1481 1725 igitur
1517 1651 1635 1709 Petrum
1663 1652 1827 1723 sententie,

117 1731 176 1807 ὁθῳ
204 1734 288 1809 τοίη,
315 1735 497 1800 συνελθόντων
527 1737 654 1811 Πατίρων
675 1736 715 1808 τῷ
747 1734 860 1813 μεγάλῳ
892 1741 944 1791 Ku-
1003 1742 1054 1813 qui
1084 1756 1151 1796 cum
1177 1756 1283 1815 magno
1311 1740 1497 1815 Cyprianoin
1526 1741 1650 1798 concilio
1674 1742 1730 1799 isto
1758 1758 1827 1800 can·

117 1830 249 1899 πριανῷ·
283 1825 347 1883 ἀλλ’
373 1826 435 1882 οὔτε
462 1826 506 1881 ἐπὶ
533 1830 592 1889 τοῖς
620 1827 767 1902 αἱριτικοῖς
797 1825 946 1903 ίκράτηοαν
961 1786 986 1853 Β
1002 1833 1158 1886 venerant:
1190 1828 1241 1885 sed
1270 1845 1322 1885 noo
1349 1828 1427 1902 apud
1460 1846 1563 1887 omnes
1592 1830 1744 1888 hereticos
1772 1847 1825 1888 nott

120 1920 213 1988 πᾶσιν,
227 1914 290 1972 stre
313 1912 358 1971 inl
384 1917 443 1979 τοῖς
472 1921 675 1993 ο-χισμοιιικοῖς.
701 1917 737 1973 Ἥ
757 1916 809 1992 γὰρ
837 1912 948 1989 δευτέρα
1000 1919 1078 1992 apud
1105 1917 1309 1977 schismaticos
1335 1919 1499 1977 valuerunt.
1528 1920 1602 1977 Nam
1630 1919 1760 1978 secunda
1775 1936 1824 1995 sy·
1905 1976 1915 1995 Ι

120 2002 299 2079 οίιιονμιινιὴ
314 2002 438 2076 σύνοδοι.
454 2006 491 2067 ὡς
507 2002 561 2075 ἤδη
578 2001 696 2081 εἴρηται,
722 2002 845 2078 insistit
871 2026 947 2067 τινας
1002 2007 1299 2079 codusoeaumenics,
1324 2014 1357 2065 ut
1371 2009 1434 2081 jam
1458 2008 1570 2065 dictum
1593 2012 1648 2075 est,
1671 2008 1823 2067 hereticos

119 2096 174 2150 rte
211 2094 366 2171 αἱριιιιῶν,
408 2093 453 2151 καὶ
491 2094 551 2150 ἄνευ
594 2093 780 2171 βαπτίσματος
821 2090 947 2171 δίχισθαι
1002 2096 1160 2155 οοιιιιιιίίοο
1180 2095 1303 2169 excepit,
1329 2113 1362 2153 sc
1387 2096 1450 2155 sine
1475 2096 1622 2169 baptismo
1641 2096 1825 2169 recipiendos

117 2181 234 2246 τούτους
281 2182 436 2254 trectense,
483 2182 647 2259 χριομένοις
685 2180 768 2257 μόνον
804 2187 845 2256 τῷ
883 2182 947 2256 estrp
1001 2183 1068 2243 illos
1097 2185 1204 2255 sanxit,
1240 2190 1342 2242 sancto
1374 2184 1534 2243 chrismate
1564 2189 1680 2243 tentum
1710 2190 1825 2259 οοοίοι,

122 2271 204 2349 μύρῳ
243 2272 288 2328 καὶ
324 2270 565 2345 transpontem<
610 2274 661 2342 τὴν
711 2270 811 2329 οἰκείαν
845 2268 946 2348 cipere
1001 2273 1178 2347 steinguloe
1201 2273 1349 2347 propriam
1374 2272 1508 2329 heresim
1533 2289 1566 2330 aa
1589 2272 1708 2331 omuino
1723 2290 1826 2333 omues

118 2356 246 2430 ἷκαπον,
279 2361 323 2414 καὶ
360 2360 447 2425 ποίοις
478 2359 582 2422 ἁπλῶς.
620 2360 673 2419 Καὶ
702 2356 746 2417 διὰ
773 2364 854 2417 τοῦτο
884 2358 948 2419 octe
1001 2362 1293 2423 anathematizantes.
1324 2366 1419 2434 Atque
1450 2361 1505 2418 heo
1543 2362 1579 2418 ds
1613 2378 1703 2419 cauea
1731 2378 1826 2435 neque

119 2446 290 2524 ίξηγηθησαν
327 2450 355 2505 αὶ
384 2452 491 2524 γνῶμαι
521 2446 608 2520 οὗτοι,
646 2448 683 2511 ὡς
723 2450 762 2523 μὴ
792 2450 946 2526 ἀναγκαῖαι,
1001 2448 1827 2525 expositasunthussntentie‚utpoteminusnecessa·

119 2539 165 2595 οία
207 2534 279 2611 μηδι
316 2537 482 2617 ἐνεργοῦσαν,
531 2535 604 2595 ἀλλὰ
644 2538 689 2595 καὶ
730 2539 799 2595 κατὰ
835 2537 946 2614 σύνοψιν
1001 2539 1061 2615 ria,
1076 2543 1105 2595 et
1120 2555 1185 2613 quse
1199 2555 1257 2597 aon
1279 2539 1386 2608 velem,
1408 2540 1458 2596 sad
1483 2544 1512 2595 et
1532 2539 1740 2611 compendiose
1759 2556 1824 2613 per·

121 2624 291 2707 ίγριίρηοάν.
1001 2630 1116 2702 euripus
1131 2634 1209 2689 suot

546 2985 731 3047 couctttou
750 2988 991 3057 litteratiori
1009 2986 1106 3045 clete
1124 2987 1244 3046 tonost
1263 2986 1387 3045 cuttu.

153 3138 294 3205 Quamvis
309 3154 480 3213 persuasum
497 3138 616 3197 omnino
632 3140 756 3197 habeam
772 3142 802 3198 S.
826 3142 1035 3215 Hieronymum
1050 3139 1171 3213 lapsum
1187 3140 1278 3197 luisse
1291 3157 1382 3214 quum
1405 3138 1522 3212 scripsit
1536 3138 1654 3196 eosdem
1669 3140 1824 3215 episcopos

117 3226 273 3284 Africanae
288 3229 338 3301 qui
354 3229 611 3301 rebaptizationem
627 3246 693 3286 cum
711 3230 739 3287 S.
756 3232 897 3304 cypriano
919 3232 1111 3301 sanciverant,
1126 3247 1244 3287 rursum
1268 3230 1483 3296 convenientes,
1499 3246 1607 3286 navum
1623 3228 1758 3286 amisisse
1771 3230 1823 3285 de·

117 3320 244 3389 oretum,
260 3334 293 3375 ac
309 3319 484 3374 sermotiem
501 3319 536 3375 dc
552 3318 698 3393 baptismo
713 3337 797 3376 suum
814 3324 954 3389 mutasse,
970 3318 1067 3393 putavi
1087 3324 1184 3377 tamen
1199 3320 1328 3377 dandum
1344 3334 1408 3375 esee
1423 3316 1453 3373 iu
1466 3316 1522 3374 hac
1537 3320 1637 3375 nostra
1652 3315 1821 3375 collectione

115 3402 216 3463 locum
231 3405 298 3463 huia
313 3406 515 3479 episcoporum
532 3409 697 3477 conventui,
714 3408 965 3481 quemadmodum
981 3408 1123 3466 nonnulla
1136 3407 1259 3465 οοιιοίίίο
1273 3408 1440 3465 reseruntur
1455 3408 1484 3464 in
1503 3404 1628 3479 vulgatis
1643 3404 1822 3464 editionibus

115 3494 321 3565 conciliorum,
337 3512 399 3568 que
414 3502 512 3553 tamen
524 3502 639 3554 constet
654 3497 754 3554 hahita
768 3515 825 3554 nan
840 3499 941 3566 luisse,
952 3502 1068 3555 tautum
1084 3514 1121 3555 us
1136 3498 1207 3570 quid
1222 3498 1308 3555 istius
1318 3495 1484 3569 argumenti
1500 3496 1750 3569 pretermittitur,
1762 3495 1824 3555 siva

114 3598 219 3639 verum
234 3583 317 3655 illud,
334 3584 394 3641 sive
408 3584 513 3641 laisum
530 3585 578 3641 sit.
594 3587 641 3642 Ait
658 3602 726 3659 erga
743 3587 938 3661 Hieronymus
953 3588 983 3643 in
1011 3588 1121 3657 biatopo
1136 3586 1245 3643 artum.
1271 3587 1402 3657 lucifer,
1418 3585 1484 3642 illos
1509 3584 1588 3658 ipsas
1603 3584 1756 3657 episcopos
1771 3584 1824 3659 qui

114 3686 184 3727 eum
201 3671 285 3728 besto
300 3672 442 3746 Cypriane
458 3679 621 3730 statuerant
643 3674 793 3732 hereticos
817 3691 881 3733 esse
906 3675 1140 3747 rebaptizandos.
1166 3675 1201 3731 sd
1227 3675 1380 3746 antiquam
1406 3672 1649 3730 consuetudinem
1665 3671 1824 3743 revolutos,

113 3775 224 3816 novum
239 3762 373 3819 emisisse
394 3764 555 3829 decretum,
571 3779 629 3837 quo
645 3764 777 3821 videlicet
803 3765 1000 3821 damnabatur
1025 3764 1185 3838 superioris
1207 3764 1322 3821 concilii
1342 3763 1473 3820 doctriua
1488 3764 1523 3819 dc
1545 3762 1691 3834 baptismo
1705 3762 1821 3819 hereti-

113 3864 230 3907 aarum.

150 3938 225 3996 Huic
240 3938 407 4013 Hieronymi
422 3940 551 4014 apiniani
569 3942 661 3999 multu
675 3959 838 4015 repugnare
857 3943 1004 4001 videntur.
1028 3942 1161 3999 Primum
1176 3942 1266 4013 enim,
1283 3945 1399 3999 constat
1423 3940 1595 3996 auctoritate
1619 3938 1735 3996 concilii
1751 3946 1818 3997 trs·

116 4026 249 4096 totenais,
264 4029 395 4103 viguisse
411 4046 461 4101 per
475 4030 571 4087 multa
585 4036 716 4105 tempora
731 4036 798 4105 post
811 4032 988 4105 cyprianum
1013 4032 1176 4088 doctrinam
1194 4033 1230 4089 de
1253 4031 1481 4105 rebaptizatione
1497 4028 1573 4101 apud
1588 4028 1683 4085 Atros.
1699 4028 1818 4098 briuds,

114 4116 196 4173 istud
221 4116 318 4189 ipsum
347 4118 488 4190 probatur
514 4119 602 4175 etiam
632 4134 666 4175 ex
693 4120 816 4176 concilio
844 4120 1018 4193 Carthagine
1046 4120 1146 4176 habita
1175 4122 1253 4193 apud
1280 4124 1401 4177 Gratum
1430 4118 1620 4191 episcopum
1646 4116 1723 4191 quad
1752 4115 1821 4173 licet
1940 4130 1943 4135 ·

113 4205 280 4263 constiterit
295 4223 329 4263 ex
343 4207 489 4280 episcopis
502 4224 627 4281 quorum
643 4209 761 4265 unimus
777 4208 937 4267 abhorrens
962 4214 1054 4267 erata
1069 4210 1306 4283 rebaptizatione,
1330 4208 1437 4266 evincit
1451 4213 1548 4264 tamea
1575 4224 1638 4263 eam
1654 4206 1818 4265 doctrinam

113 4295 246 4351 nondum
270 4294 409 4352 abolitam
424 4295 516 4353 tuisse
539 4298 616 4370 apud
631 4297 726 4370 Atros,
751 4297 867 4355 tametsi
883 4298 1014 4371 plerique
1037 4304 1139 4357 contra
1160 4300 1313 4357 sentirent.
1343 4300 1494 4367 Preterca,
1510 4294 1665 4352 concilium
1681 4294 1818 4367 Cypriani

112 4382 210 4441 adhuc
237 4400 297 4440 evo
325 4384 469 4443 vincentii
499 4385 662 4444 Lirinensis
691 4387 721 4441 in
758 4387 932 4444 auctoritate
961 4386 1063 4457 luisse,
1101 4387 1206 4460 probet
1232 4384 1398 4458 exemplum
1439 4385 1666 4451 Donatistarum,
1694 4383 1757 4454 qui,
1785 4386 1819 4438 ut

111 4470 154 4527 ait
167 4470 245 4529 ldem
258 4472 440 4542 Vincentius,
457 4478 486 4530 et
500 4480 616 4531 constat
630 4491 664 4531 ex
678 4475 770 4548 gestis
784 4474 949 4533 collationis
964 4476 1205 4550 carthaginensis
1223 4482 1253 4532 et
1266 4491 1300 4531 ex
1315 4474 1450 4547 plurlbus
1467 4472 1622 4546 Augustini
1638 4471 1721 4539 locis,
1735 4470 1819 4530 illius

110 4560 285 4618 auctoritate
299 4563 415 4619 concilii
433 4561 612 4636 rebaptizare
627 4580 658 4619 ee
678 4564 864 4635 jactitabant.
892 4564 1030 4638 Denique,
1056 4564 1172 4622 nullum
1198 4565 1263 4621 novi
1288 4564 1374 4620 istius
1398 4563 1507 4619 decreti
1528 4560 1729 4619 testimonium
1744 4562 1815 4619 alibi

110 4648 250 4707 tutatio
267 4655 327 4707 tota
341 4652 525 4724 antiquitate.
539 4654 619 4720 Quod
635 4658 733 4709 temen
750 4654 775 4709 si
792 4652 904 4723 luisset,
928 4652 1007 4711 haud
1023 4654 1111 4711 dubie
1125 4671 1160 4711 ao
1183 4654 1228 4711 uei
1243 4654 1410 4727 frequentor
1424 4656 1523 4709 essent
1545 4650 1703 4708 adversarii
1718 4650 1814 4707 Dona-

109 4738 259 4796 tistarum.
274 4744 382 4799 Contra
395 4742 580 4813 Augustinus
594 4742 626 4797 in
641 4743 763 4814 Epistola
778 4758 864 4806 ιονιι,
888 4744 1010 4799 annotat
1033 4758 1091 4798 ιιοιι
1106 4740 1229 4798 inveniri
1253 4740 1430 4813 Cypriacam
1447 4740 1621 4797 senteutiam
1639 4740 1673 4797 de
1688 4740 1817 4813 rebapti-

109 4827 213 4883 zandis
228 4828 371 4886 hereticis
382 4846 467 4886 suam
481 4831 660 4899 cor-renisam
677 4832 755 4905 quod
779 4830 867 4888 etiem
883 4830 982 4905 colligi
1007 4832 1124 4887 abunde
1149 4835 1243 4904 potest
1267 4846 1302 4885 ex
1323 4846 1387 4903 cap.
1403 4832 1430 4899 8,
1453 4828 1504 4887 lib.
1521 4846 1553 4899 u,
1572 4838 1669 4885 οοιιίια
1683 4828 1817 4885 Gauden-

110 4918 193 4974 tiam.
211 4916 310 4988 itaque
325 4918 386 4975 llari
400 4923 496 4991 potest
509 4924 541 4975 ut
555 4920 761 4994 Hieronymus,
784 4936 851 4977 cum
866 4920 977 4977 videret
999 4920 1256 4992 rebaptizationem
1273 4936 1290 4975 a
1305 4918 1462 4975 Catholicis
1483 4918 1561 4974 Alcis
1575 4917 1667 4989 rejici,
1682 4916 1818 4974 lortussls

111 5004 179 5061 odio
193 5006 336 5063 adversus
350 5006 528 5078 Donatistae,
545 5008 691 5081 putaverit
717 5010 798 5065 Atros
812 5010 848 5066 ad
873 5009 1027 5083 antiquam
1044 5009 1287 5067 consuetudinem
1312 5007 1458 5065 revolutos
1474 5023 1537 5064 esse
1552 5007 1652 5063 statim
1667 5010 1733 5079 poet
1747 5022 1815 5061 con·

109 5092 213 5151 cilium
229 5094 362 5152 babitum
378 5096 433 5153 sub
449 5096 604 5171 Cypriane.
630 5100 879 5170 quemadmodum
901 5098 1086 5172 Augustinus
1108 5098 1138 5154 in
1153 5099 1205 5155 lib.
1222 5116 1264 5168 ιιι,
1290 5098 1324 5155 ris
1346 5098 1493 5169 Baptismo,
1510 5112 1574 5168 asp.
1598 5098 1627 5163 ⁴3,
1640 5095 1681 5151 eit
1698 5092 1764 5152 illos
1777 5095 1815 5151 ad

107 5182 264 5256 pristinum
280 5186 522 5242 consuetudinem
537 5187 661 5244 rediisse
676 5193 741 5261 poet
757 5188 961 5261 Agrippinum.
976 5192 1078 5243 brnen
1093 5188 1246 5245 Brcuzrus.
1263 5190 1353 5261 (Alaea
1367 5187 1499 5243 collectio
1514 5184 1630 5255 Cancri.)
