3900 6112
143 300 204 367 Μ
809 310 843 371 S.
866 304 1049 371 coenem!
1070 306 1187 371 PAPAE
1788 304 1853 373 828

146 450 210 495 cum
223 436 272 511 qni
280 452 324 495 inc
334 436 432 503 misit:
451 443 477 497 et
495 438 545 513 qm·
557 439 648 513 reiicit
659 454 703 499 ros
722 438 790 517 (92),
810 456 855 500 mc
866 440 967 517 rejicit,
980 443 1008 513 A
1022 440 1066 500 llli
1079 458 1144 501 esse
1158 439 1326 518 caepissent,
1339 458 1392 501 nec
1402 440 1467 516 tam
1481 438 1645 517 quidquam
1659 438 1695 499 de
1711 440 1853 501 sacerde-

144 528 243 583 etcum
255 528 304 599 qui
314 544 356 585 nie
366 528 440 585 irrisit
460 528 536 601 (tue.
552 548 581 601 x,
606 530 660 603 19).
690 534 724 587 Et
737 548 804 588 cum
819 531 969 605 leprosum
1022 532 1075 589 tuli
1085 532 1195 591 honore
1205 538 1232 590 et
1248 534 1422 591 auctoritate
1442 532 1602 589 retinerent
1616 548 1623 588 :
1636 536 1735 587 tumen
1749 532 1853 605 ipsum

144 616 337 673 emundasset
354 634 361 686 ;
379 618 458 689 l'cdc,
481 619 586 691 inquit.
607 629 633 676 ct
651 620 810 677 demonstres
830 630 856 677 te
879 636 969 679 sceer-
1022 620 1157 693 quamvis
1168 622 1254 678 inane
1267 638 1373 679 nornen
1387 626 1416 677 et
1431 623 1568 677 umbram
1583 621 1854 693 quamdsmsscer·

143 704 309 777 docilitatis.
326 722 387 774 viii,
404 706 442 777 l).
459 707 537 765 892
565 709 680 765 Etcum
712 715 814 783 pastea
836 714 968 783 tempore
1022 709 1099 767 dotis
1112 710 1243 783 cogitans
1258 710 1366 768 Paulus
1382 727 1389 767 2
1406 711 1567 768 desinebam
1586 712 1691 781 [ratres
1712 710 1735 745 ⁸¹
1756 710 1856 781 (idid,

144 793 327 867 pumiceisil
341 794 456 868 alapam
481 797 641 867 accepisset
663 814 778 855 eserie
797 798 968 871 sacerdotis,
1021 799 1062 869 5),
1087 798 1194 871 inquit,
1214 802 1280 872 quic
1302 801 1432 872 pontisera
1458 808 1499 855 cst
1522 800 1680 871 ;scriptcm
1701 808 1741 855 cst
1766 800 1861 871 enini,

145 883 313 955 cumquest
330 884 461 955 dixisset,
477 885 523 942 Sic
540 887 685 956 respondes
701 888 828 960 pontifici·
846 890 859 943 t
878 888 967 961 (doen.
1024 889 1151 960 l'ri'ncr’pi'
1171 889 1258 961 plebis
1282 897 1338 947 tusc
1367 890 1424 961 (99)
1457 906 1514 945 non
1538 888 1684 945 maledices
1708 887 1856 961 stiliconi.

145 984 226 1043 xviii,
241 972 288 1044 22)
303 973 443 1029 adsersus
459 974 626 1047 pontificem
650 976 794 1033 Dominus
817 980 969 1032 contume·
1024 994 1094 1049 xxii,
1109 978 1167 1049 28).

145 1058 219 1117 liose
234 1060 307 1116 nibil
322 1060 405 1129 dixit,
421 1078 473 1119 nec
492 1064 657 1136 quidquem
686 1064 721 1121 de
741 1064 901 1123 sacerdotis
916 1066 968 1122 be·
1059 1066 1092 1122 V.
1109 1066 1181 1122 Cum
1195 1065 1256 1122 hee
1271 1070 1352 1123 tanta
1367 1083 1400 1122 sc
1413 1066 1483 1123 talis
1493 1069 1521 1123 et
1536 1064 1629 1121 multa
1643 1064 1701 1122 slis
1714 1064 1855 1137 exempla

145 1150 723 1219 ueredetruxit;sedinnocentismsusm
734 1154 970 1227 magisesserens
1024 1157 1198 1228 precedant,
1214 1154 1323 1227 quibus
1342 1152 1532 1211 sacerdotalis
1561 1153 1719 1211 aucteritas
1748 1156 1780 1209 et
1800 1169 1855 1226 po-

145 1242 175 1295 et
188 1239 356 1307 ostendens,
373 1240 403 1295 Si
413 1243 494 1309 mete,
513 1242 620 1314 inquit,
632 1245 735 1299 locutus
753 1261 823 1311 siim,
835 1244 971 1315 exprobra
1024 1247 1116 1301 testes
1126 1245 1162 1300 de
1177 1243 1275 1299 divine
1288 1242 1457 1317 dignatione
1473 1244 1625 1311 tirmutur;
1642 1241 1747 1315 quales
1763 1246 1855 1315 putas

145 1326 265 1385 demoto
285 1328 318 1399 ⁸¹,
327 1331 353 1385 si
370 1339 462 1386 aetem
474 1332 552 1399 dene,
564 1332 630 1403 quid
640 1348 683 1387 iiic
697 1333 781 1390 cedis
795 1332 895 1405 tillid.
912 1334 969 1403 23.)
1024 1349 1088 1390 esse
1102 1332 1216 1405 eosqui
1232 1332 1416 1389 sacerdotum
1428 1332 1674 1399 hostee,etcentrs
1688 1329 1854 1387 Ecclesiam

145 1416 219 1475 ltem
234 1416 263 1471 in
284 1417 363 1475 lictis
377 1419 582 1491 Apostolorum
590 1422 889 1494 postmodumbeutus
899 1426 970 1479 Peu-
1024 1421 1198 1479 catholicam
1215 1419 1349 1489 rebelles,
1364 1436 1417 1477 nec
1425 1420 1632 1494 praemonentis
1646 1418 1855 1476 Dominicom·

28 1552 31 1557 .
145 1504 282 1573 lus,cum
298 1507 324 1563 ei
345 1507 455 1564 dictum
473 1514 560 1575 esset,
585 1510 630 1567 Sic
648 1512 740 1567 insilis
754 1511 809 1584 (93)
826 1512 856 1567 iri
880 1527 970 1569 secer·
1025 1510 1266 1581 minutione,uec
1295 1510 1385 1565 futuri
1411 1509 1515 1581 judicii
1543 1508 1653 1564 ultione
1673 1508 1854 1565 terrentur?

145 1593 235 1653 dotem
257 1597 312 1653 Dei
331 1598 548 1655 maledicendo?
574 1600 642 1671 (det.
667 1617 746 1668 xxiii,
767 1601 803 1672 i),
836 1600 971 1673 quamvis
1024 1600 1125 1673 Neque
1137 1600 1215 1655 enim
1231 1598 1595 1655 aliundebaeresesoborte
1610 1598 1711 1653 “sunt
1728 1598 1854 1670 (85),sut

146 1682 341 1756 Dominojuin
366 1687 504 1744 crucifixo
515 1686 648 1761 sacrilegi
663 1696 690 1744 et
706 1688 788 1761 impii
813 1694 842 1745 et
856 1688 969 1745 cruenti
984 1672 1007 1739 Β
1023 1692 1092 1744 nats
1103 1687 1259 1744 sunt808
1275 1687 1445 1753 schismate,
1461 1686 1583 1759 quum⁸⁸
1609 1686 1680 1741 dum
1706 1686 1854 1743 secerdoti

860 1796 962 1857 llariae
977 1796 1138 1857 lectiones.

195 1888 368 1947 esiciam.
385 1892 534 1963 eod.1,2‚
549 1892 576 1948 3.
592 1892 673 1948 Elior.
693 1893 802 1947 losse.
818 1897 896 1948 Pom.
913 1892 1052 1950 cende.
1069 1892 1223 1963 t,2.ltll.
1240 1890 1314 1962 Spir.
1344 1892 1398 1947 Vct.
1426 1892 1531 1946 inirem.
1561 1892 1587 1945 ot
1613 1890 1676 1945 clii.
1703 1890 1780 1945 lium
1822 1889 1851 1945 ui

148 1974 207 2016 me.
223 1960 335 2017 Etcum
351 1967 454 2035 postea
468 1968 598 2090 tempore
612 1962 758 2035 passionis
773 1964 876 2036 dipelt.
893 1965 914 2001 ¹¹
931 1964 1099 2021 Testidcarc
1123 1963 1159 2017 de
1182 1962 1260 2018 msle
1278 1964 1358 2045 tem..
1371 1962 1450 2018 litor.
1466 1966 1494 2017 Ν
1508 1961 1537 2017 d.
1568 1962 1593 2017 l.
1618 1960 1683 2017 cod.
1712 1964 1742 2016 2.
1758 1961 1782 1996 ¹²
1799 1905 1850 2017 (iic

146 2032 514 2102 emittendasse.
549 2051 604 2089 em.
620 2036 693 2090 dod.
708 2035 732 2090 t.
750 2036 777 2089 2.
793 2037 856 2090 tin.
873 2038 987 2091 Fratres
999 2036 1087 2090 omitt.
1110 2035 1199 2091 oxon.
1229 2033 1538 2105 ”Principemplebis
1561 2038 1639 2088 durii.
1673 2032 1756 2087 dtur.
1783 2032 1847 2089 Bod.

146 2102 175 2173 t,
186 2104 214 2160 2.
230 2104 370 2162 “lixortae
385 2107 461 2162 tcm.
478 2106 643 2162 libentiori.
658 2108 686 2163 2.
702 2106 724 2163 Ν
740 2106 768 2161 C.
783 2108 807 2161 l.
823 2107 846 2142 ⁵⁸
860 2109 902 2162 lto
925 2108 1015 2164 nostri
1028 2121 1093 2161 mss.
1109 2112 1159 2171 ,·et
1172 2105 1243 2161 editi
1257 2106 1350 2170 Quem
1367 2106 1435 2161 iude
1453 2105 1532 2176 qued
1548 2104 1705 2160 secerdoti.

867 2206 1033 2267 variorum
1047 2210 1142 2265 notre.

146 2296 201 2368 Qui
225 2292 306 2348 cudit
323 2307 379 2359 vos,
401 2292 500 2363 inquit,
515 2306 560 2347 mc
576 2291 678 2360 usidit,·
695 2293 744 2362 (οἱ
766 2309 811 2348 mc
839 2292 917 2348 cudit
942 2296 968 2349 et
1022 2292 1063 2347 itu
1077 2290 1426 2365 confirmatepiscopiseii
1440 2290 1586 2364 pontilicis
1602 2288 1725 2346 Rotnani
1736 2288 1844 2362 prima·

143 2364 430 2438 cumqiitniemi'sit.
448 2363 660 2420 Neseioaulsni
689 2363 968 2421 ubiinrenerintub
1022 2367 1097 2427 tum,
1113 2366 1214 2418 utnon
1245 2362 1337 2436 pessit
1365 2362 1470 2435 magis.
1501 2361 1735 2419 Circumstantiae
1749 2366 1844 2417 textus

144 2438 204 2497 illis
218 2434 329 2503 addita,
344 2439 393 2507 qui
402 2451 447 2489 me
457 2434 545 2501 ccdit,
571 2451 635 2507 quse
649 2451 743 2517 neque
768 2436 796 2491 in
813 2435 968 2509 Evangelio
1022 2433 1078 2490 hoc
1092 2432 1165 2502 loco,
1180 2450 1244 2505 quae
1259 2441 1386 2506 arguunt
1398 2436 1435 2490 de
1450 2434 1580 2490 Romano
1592 2432 1672 2507 loqui
1684 2439 1714 2489 et
1728 2449 1843 2489 summo

144 2511 173 2570 le
194 2512 345 2572 untur,ns
370 2506 446 2561 uein
465 2506 610 2563 veteribus
625 2507 757 2595 Cypriani
779 2507 929 2564 codicibus
941 2512 970 2563 et
1023 2506 1170 2578 pontifice,
1186 2510 1257 2561 sunt
1287 2506 1432 2577 imprimis
1460 2505 1626 2561 testimonie
1646 2504 1845 2577 prumienses

145 2598 162 2641 e
185 2578 335 2639 itionibus.
348 2522 428 2633 isne
444 2577 473 2632 in
488 2578 614 2633 editione
635 2578 745 2634 brasmi
762 2582 791 2633 et
813 2578 843 2633 in
872 2578 969 2635 codice
1022 2579 1129 2634 cruror.
1145 2578 1194 2633 lili.
1211 2580 1224 2633 l
1233 2578 1296 2649 [lep.
1317 2580 1420 2648 Eionp.
1440 2578 1556 2634 loannis
1574 2585 1600 2633 et
1618 2577 1689 2633 Actis
1705 2577 1845 2647 Apostolo-

148 2650 309 2713 Serbenico
323 2650 464 2721 scripturn
481 2653 547 2704 est:
566 2650 712 2718 Qriicudit,
730 2651 831 2721 inquii,
850 2666 904 2717 eos,
926 2666 970 2705 ine
1022 2666 1097 2716 rum,
1110 2666 1174 2721 que
1186 2666 1244 2704 non
1264 2649 1320 2705 nisi
1347 2650 1375 2703 iii
1392 2665 1525 2705 summos
1554 2647 1706 2721 pontifices
1732 2648 1844 2703 ludeo·

147 2726 227 2783 cudit
240 2730 290 2785 :et
305 2722 356 2792 qui
370 2721 601 2789 cosccdit,riedit
622 2725 648 2776 ct
675 2738 738 2776 eum
776 2722 806 2776 iri
824 2722 968 2777 memorii.
1024 2737 1090 2777 rum
1119 2720 1263 2792 quadrare
1288 2720 1397 2775 nemini
1431 2719 1552 2776 dubiuiii
1578 2724 1633 2787 est,
1661 2724 1750 2789 atque
1776 2719 1846 2775 adeo

146 2798 255 2855 Verum
272 2792 423 2849 heinvelde
445 2793 559 2848 diversa
578 2798 646 2848 sunl
670 2793 706 2847 ub
734 2738 861 2848 eeiiticne
882 2792 970 2866 Angl·
1024 2790 1847 2865 aptiusudsummumpentillcemitomeuumrelcruutur.

143 2886 228 2927 canu.
246 2867 277 2921 ln
295 2864 368 2919 libro
383 2864 546 2922 Turonensi
572 2870 600 2920 et
625 2864 653 2919 in
673 2881 731 2920 uno
746 2880 811 2919 meo
826 2865 969 2937 scriptum
1024 2864 1145 2932 Deinde,
1183 2863 1240 2919 uod
1255 2863 1392 2935 loquatur
1410 2863 1446 2919 ds
1465 2863 1566 2934 judice
1581 2863 1631 2935 qui
1655 2863 1718 2917 vice
1742 2861 1850 2918 Christi

145 2945 192 2999 est
208 2956 215 2995 :
231 2938 288 3009 Qui
301 2936 378 2991 osiilit
395 2951 448 3008 cos,
465 2936 564 3008 inquit,
581 2935 659 2991 cudit
676 2952 717 2993 inc
738 2936 862 3003 creditus,
883 2938 972 3008 etqui
1026 2880 1334 3008 lungituriitemquod
1349 2936 1486 3017 loquetur
1500 2935 1536 2991 ds
1560 2951 1617 2989 uno
1633 2934 1785 2990 sacerdote
1798 2950 1865 2989 seth

144 3010 279 3069 incendit
299 3024 360 3063 cum
385 3008 434 3081 qni
456 3023 502 3061 mc
523 3008 613 3063 misit.
642 3007 714 3063 Vide
738 3008 892 3080 epistolem
908 3024 972 3064 cxix
1025 3022 1085 3063 une
1100 3005 1535 3088 episeopoinlicclesia3quum
1547 3004 1775 3078 appellationem
1788 3010 1922 3061 tuu-

145 3084 182 3141 nd
193 3082 378 3143 Florentium,
392 3078 440 3133 ubi
456 3080 514 3134 ists
528 3083 710 3151 repetuntur.
722 3079 828 3134 Bscuz.
1025 3093 1061 3135 ex
1076 3078 1197 3149 epistolii
1212 3078 1336 3133 Cornelii
1349 3094 1438 3151 supra
1460 3094 1558 3147 xcviii,
1574 3081 1644 3133 tuuc
1656 3093 1691 3132 ex
1706 3076 1773 3132 aliis
1788 3077 1923 3148 cju=

183 3154 240 3226 (92)
255 3151 310 3221 Qui
325 3151 419 3222 rejice
434 3166 490 3207 vos.
520 3152 560 3205 ltu
575 3150 664 3205 etism
688 3150 718 3205 in
732 3152 833 3207 eadem
849 3148 973 3222 epistole
1026 3148 1169 3236 epistolis,
1186 3153 1215 3205 et
1225 3148 1276 3204 lib.
1290 3151 1327 3205 de
1348 3151 1457 3206 llnitnte
1472 3149 1599 3205 Ecclesiae
1612 3148 1793 3221 Cyprieuum
1809 3165 1923 3204 ss—

149 3226 186 3285 sd
202 3222 393 3281 Florentium.
411 3222 578 3277 lneditiune
592 3221 710 3296 vulgate
723 3222 829 3296 legitur
845 3223 919 3293 :Qui
928 3236 973 3276 eos
1025 3224 1065 3277 tis
1080 3225 1194 3276 constat
1210 3237 1267 3276 non
1283 3220 1594 3291 solereusurpsre,nisi
1611 3220 1646 3277 de
1657 3236 1923 3347 summosses—-

181 3297 256 3353 omit
270 3311 314 3349 mc
328 3294 446 3364 spermit.
462 3298 601 3349 Erasmus
617 3294 645 3349 in
662 3297 750 3366 caput
764 3294 970 3349 duodecimum
1026 3292 1113 3348 titlee.
1131 3292 1211 3347 Fecit
1231 3308 1282 3364 pro
1306 3294 1408 3348 cedem
1433 3292 1510 3364 qued
1535 3291 1607 3347 dicit
1622 3308 1628 3346 :
1645 3296 1732 3348 Nemo
1757 3308 1775 3347 n
1797 3308 1843 3347 uer
1918 3316 1922 3325 ·

171 3384 224 3426 vari
248 3365 294 3422 elii
312 3366 472 3421 secundum
492 3366 599 3421 Lucem
612 3366 748 3421 admonet
765 3366 972 3437 Hieronymum
1026 3364 1264 3421 semsercrdotcm
1275 3364 1420 3434 collectum
1437 3362 1544 3446 aliquid
1561 3367 1771 3424 macerrimam
1785 3364 1922 3418 sidae

146 3384 256 3499 elicuit
269 3437 415 3519 vertisse:
431 3437 484 3506 Qui
502 3452 547 3493 eos
561 3438 688 3508 reprobet
713 3454 757 3493 me
782 3439 920 3510 reprobet.
940 3436 973 3489 Et
1027 3452 1060 3492 se
1075 3435 1136 3492 solo
1153 3435 1330 3518 loqueretur,
1348 3452 1406 3491 nun
1422 3439 1521 3490 statim
1536 3435 1586 3505 qui
1610 3433 1651 3488 illi
1668 3452 1726 3490 nen
1741 3434 1841 3491 obtem
1896 3454 1921 3467 -·

146 3528 215 3570 mox
234 3509 379 3565 declamet
398 3513 629 3579 intemperanter
653 3510 795 3564 adsersus
818 3509 972 3581 episcopos
1028 3512 1152 3581 peraret,
1164 3506 1273 3578 aliquid
1283 3514 1411 3563 nioreret
1429 3506 1568 3562 adversus
1594 3505 1723 3579 reliquos
1736 3506 1922 3577 spisse-

147 3581 332 3658 tyrannidem
349 3585 516 3635 exercentes
530 3586 559 3634 et
579 3579 689 3635 ventris
705 3580 853 3651 negotium
876 3581 1010 3651 prese-C
1030 3595 1093 3652 pos.
1110 3579 1216 3633 Eodem
1231 3582 1362 3649 spectare
1377 3578 1503 3647 videtur,
1522 3578 1599 3649 quod
1615 3594 1681 3650 pag.
1708 3577 1841 3649 sequenti
1914 3608 1921 3633 i

149 3658 284 3729 quentes.
299 3652 387 3707 Addit
401 3656 498 3705 eutem
516 3667 522 3705 :
537 3653 599 3708 Scio
615 3656 705 3706 tunice
719 3654 807 3706 etiem
832 3653 913 3705 molis
929 3650 973 3705 oli-
1029 3652 1065 3706 dc
1076 3666 1226 3705 servorum
1240 3650 1395 3723 preposito
1411 3650 1611 3715 loeutus‚mox
1625 3649 1659 3704 l).
1677 3648 1753 3703 Petri
1767 3654 1923 3722 aupes

148 3722 368 3798 temperandum,
389 3738 425 3777 ric
449 3721 594 3778 dissidium
614 3726 761 3789 recitetur,
777 3722 855 3778 riiedo
871 3738 904 3777 ne
928 3738 973 3778 ro·
1029 3737 1114 3793 quem
1144 3720 1278 3776 Christus
1300 3720 1452 3776 edilicurit
1483 3720 1641 3776 Ecclesium
1672 3720 1923 3777 mentionees

148 3806 215 3871 pent
225 3796 262 3851 cd
277 3796 315 3850 ini
336 3795 456 3851 ictolcm.
474 3794 578 3849 liniue.
1029 3792 1133 3863 injicit.
1147 3793 1255 3847 Eodem
1270 3792 1394 3864 pertinet
1408 3792 1484 3863 quod
1502 3796 1533 3845 li.
1543 3791 1741 3859 Hieronymus
1752 3794 1926 3848 centra

186 3811 423 3941 (titillnsiiis.Sic
443 3864 689 3935 etiumscriplum
717 3869 761 3921 est
782 3881 797 3920 e
821 3863 907 3919 istola
928 3866 975 3931 95,
1030 3863 1245 3932 Luciferianos;
1272 3863 1397 3919 salutern
1426 3861 1558 3919 Ecclesiae
1588 3862 1716 3936 pendere
1743 3863 1819 3920 dicit
1840 3864 1928 3917 6

150 3940 386 4011 oddoqctionum.
401 3937 456 3993 Sed
474 3937 502 3991 iii
518 3936 573 3992 huc
590 3952 679 4007 quani
696 3953 775 3991 nunc
791 3882 976 3991 iiiustramus
1030 3934 1139 3993 sumini
1164 3935 1323 3991 sacerdotis
1347 3935 1500 4008 dignitate.
1536 3934 1587 3989 Cui
1613 3937 1639 3991 si
1662 3934 1774 4007 inquit,
1803 3934 1929 3990 nep*

150 4012 294 4084 seriptum
307 4009 399 4064 luisse
413 4010 513 4065 incites
527 4007 556 4062 in
572 4008 660 4063 reteri
674 4008 774 4063 codice
787 4007 975 4063 annotavitin
1029 4022 1122 4065 scsors
1146 4006 1272 4078 qrioedcm
1289 4016 1315 4063 ct
1331 4007 1364 4062 cb
1382 4007 1510 4063 omnibus
1534 4006 1657 4061 eminens
1673 4005 1758 4061 detur
1784 4010 1844 4077 pote
1922 4016 1930 4027 ·

149 4082 283 4157 margine
294 4079 431 4136 editionis
446 4079 617 4135 Pamelienre
639 4078 776 4135 Nicoleus
792 4079 893 4134 Faber.
919 4079 975 4134 Ne·
1030 4083 1113 4141 stes:
1133 4080 1170 4134 tol
1189 4079 1220 4133 in
1248 4078 1373 4134 Ecclesiis
1393 4079 1459 4149 dciii
1483 4077 1629 4133 schismata
1669 4082 1716 4133 iiot
1730 4078 1845 4135 sacerdo
1923 4086 1932 4097 ”

150 4154 219 4213 iiius
234 4151 405 4209 Marcellus:
422 4152 582 4208 lecitereest
598 4154 674 4206 inere
684 4166 741 4206 iure
754 4150 795 4206 cel
810 4150 975 4232 improlmrc.
1031 4159 1079 4206 tes.
1090 4149 1275 4222 Experientiu
1289 4153 1366 4205 certe
1378 4149 1442 4222 ipsa
1466 4166 1520 4205 uos
1535 4148 1630 4219 docet,
1652 4092 1790 4207 irereses
1813 4166 1845 4207 so
1925 4158 1933 4167 ·

148 4226 264 4299 illlegat
278 4228 376 4281 autem
391 4222 514 4293 Nonius,
531 4227 562 4277 ut
576 4222 605 4277 id
622 4238 672 4293 pre
686 4227 731 4287 iet,
748 4225 935 4277 auctoritates
943 4238 977 4277 ex
1030 4221 1090 4278 lere
1104 4238 1137 4276 ex
1152 4220 1323 4287 schismate,
1340 4220 1368 4275 id
1382 4226 1436 4287 est,
1449 4238 1480 4277 se
1502 4220 1631 4276 aratione
1641 4218 1813 4277 reluutsris
1825 4200 1934 4277 effi

150 4298 247 4369 Accio,
264 4295 387 4352 Pacuvio
414 4300 443 4351 et
468 4294 587 4350 Lucilio.
615 4297 731 4350 Poterat
754 4298 852 4349 uutein
870 4292 977 4349 addere
1031 4290 1169 4359 Ecclesia,
1186 4298 1273 4365 etque
1288 4293 1360 4349 adeo
1376 4293 1412 4347 ab
1431 4238 1568 4349 seriens
1592 4290 1687 4363 espile
1714 4292 1933 4349 Remune‘·

151 4367 321 4427 testimonis
336 4383 370 4423 ex
381 4336 513 4423 iuuere-tic
532 4372 560 4422 et
586 4364 699 4421 Plaiile.
717 4364 880 4420 Lectiuiiem
897 4365 978 4420 al'a·
1031 4364 1162 4438 inquam,
1182 4364 1318 4437 pontifice
1332 4363 1449 4419 initium
1474 4379 1601 4419 sumere.
1617 4362 1761 4435 Exempla
1772 4358 1934 4437 huju?

150 4440 202 4499 bro
218 4443 348 4497 notatam
364 4439 537 4495 confirmare
552 4438 667 4493 videtur
689 4436 802 4493 ltresmi
825 4435 925 4499 editio,
946 4438 976 4491 in
1031 4437 1071 4493 rei
1094 4435 1172 4507 apud
1201 4436 1378 4509 Cpprienuni
1407 4434 1497 4491 babes
1525 4435 1561 4491 de
1583 4434 1759 4491 Nevutisnis
1785 4414 1931 4509 apud

172 4511 657 4582 uascriptumestinsimiilespro
685 4508 788 4563 insilis.
812 4508 883 4562 Vide
898 4524 978 4563 cuin·
1031 4511 1155 4581 August.
1173 4506 1207 4563 de
1225 4506 1391 4563 licentiatis.
1423 4506 1503 4563 Unde
1528 4506 1635 4562 sdbos
1657 4504 1930 4579 epistolarii&

151 4528 218 4641 ism
234 4584 388 4639 llrusmum
405 4582 434 4638 iii
451 4581 529 4637 lisine
545 4581 639 4637 lenum
656 4582 793 4635 delorem.
816 4584 921 4633 Biiuz.
1032 4584 1063 4635 1).
1081 4581 1208 4651 August.
1226 4597 1233 4635 :
1260 4580 1435 4651 ll'cqncenim
1456 4579 1529 4635 eoliis
1540 4578 1696 4647 objicio-cs,
1715 4582 1777 4636 rsisi
1793 4578 1928 4635 scli‘·

187 4654 243 4726 (sl)
260 4656 420 4725 Principem
446 4655 550 4725 populi.
578 4655 620 4707 ltu
647 4658 758 4707 icterus
787 4651 929 4706 editiones
949 4654 978 4706 et
1031 4651 1258 4717 siricliscrimcir,
1274 4667 1358 4723 qiiem
1375 4652 1460 4706 etium
1489 4650 1607 4707 lie’rcsi'n
1636 4650 1713 4705 merle
1733 4654 1924 4723 permsiff‘

152 4726 284 4801 plerique
294 4725 359 4781 libri
371 4732 492 4781 veteres.
510 4730 648 4779 idi-asinus
663 4723 782 4793 scripsit
795 4723 883 4794 plebis
903 4726 975 4789 turm
1031 4722 1118 4779 ronco
1132 4722 1245 4792 sedilis,
1264 4722 1337 4777 etad
1354 4721 1450 4777 Cresc.
1462 4720 1622 4777 Graiumat.
1638 4720 1691 4775 lib.
1717 4738 1768 4777 xxi
1784 4740 1810 4777 ο.
1824 4722 1840 4775 i
1914 4724 1920 4760 ·“

151 4814 276 4870 eamque
288 4796 441 4852 lectionem
460 4794 803 4851 retinueruntllaniitius
829 4800 856 4847 et
874 4794 976 4849 llorel-
1032 4792 1376 4865 incendendisque,
1394 4796 1419 4848 et
1433 4794 1551 4849 lioeresin
1571 4808 1636 4848 cam
1650 4792 1916 4851 distinetione-’¹¹

151 4870 221 4928 lius.
239 4869 385 4925 Pumelius
401 4867 533 4923 mutavit.
546 4866 618 4922 Vide
628 4865 782 4937 epistolam
796 4882 855 4935 cxi,
866 4870 895 4921 et
910 4881 976 4921 con·
1033 4867 1120 4937 napis
1135 4866 1262 4937 approbo,
1282 4882 1339 4937 quc
1354 4864 1457 4920 dicitur
1468 4864 1587 4920 sctismc
1607 4879 1666 4919 esse
1686 4880 1786 4921 recens
1797 4880 1851 4921 cor
1863 4874 1910 4911 1¹

151 4941 253 5001 cilium
269 4940 443 4996 Toletanum
454 4938 490 5009 V,
505 4954 615 4993 cunone
630 4938 657 4991 5.
675 4941 776 4992 liseur„
992 4948 1015 5013 Β
1029 4937 1200 5009 crepationis
1210 4952 1245 4992 cc
1259 4936 1354 5008 alique
1362 4938 1568 4992 sestertiorum
1582 4936 1623 4990 dii
1632 4937 1906 4992 orsituscdinm·

188 5012 246 5087 (95)
260 5014 351 5085 lteqcc
366 5012 441 5067 enim
457 5008 578 5065 aliunde
592 5010 767 5064 ctiori-nsunt
783 5006 972 5071 liserescs.slc.
1028 5012 1081 5075 sio,
1110 5008 1224 5065 liaeresis
1252 5016 1344 5064 autem
1368 5008 1492 5063 sctismc
1522 5008 1729 5062 ineneromrn:
1758 5010 1900 5079 Aque

152 5084 270 5144 Similes
287 5082 467 5139 lncnslisbes
491 5080 566 5135 intra
581 5079 667 5134 dictis
692 5078 828 5152 lipislolis
843 5079 878 5134 cd
893 5082 980 5147 ltcpc·
1035 5096 1094 5137 nen
1111 5079 1293 5135 dissentirii.
1319 5078 1434 5135 Hieron.
1459 5094 1607 5149 exponens
1623 5076 1695 5133 illud
1718 5078 1757 5133 ad
1773 5078 1816 5134 tit.
1846 5084 1893 5153 {1¹

153 5157 262 5213 lienum
277 5156 433 5227 episcopum
448 5157 476 5208 et
491 5153 610 5207 Floreat.
624 5152 790 5222 Pupienum,
808 5150 891 5207 libris
911 5150 981 5206 item
1037 5152 1087 5223 qui
1102 5156 1147 5207 est
1162 5168 1179 5205 n
1193 5150 1350 5222 semetipso
1365 5151 1523 5206 damnatus
1540 5166 1547 5204 :
1564 5148 1821 5220 ilaercliri,inquit,
1845 5158 1885 5198 u

155 5228 190 5285 de
200 5228 311 5285 linitoie
323 5226 458 5291 terteris,
474 5239 506 5279 cc
519 5223 552 5279 de
564 5224 626 5277 Zeto
640 5228 667 5277 et
682 5224 787 5279 tinore.
799 5222 867 5277 Etsi
884 5228 981 5277 nutem
1037 5226 1194 5294 semctipsos
1207 5225 1372 5279 sententiam
1387 5224 1492 5293 ierunt,
1506 5234 1556 5276 suo
1584 5221 1704 5277 arbitrio
1724 5220 1760 5277 dc
1774 5216 1877 5298 licetq-

154 5298 222 5357 sliis
246 5295 305 5352 illis
327 5295 398 5351 lecis
413 5296 449 5349 de
464 5311 496 5350 se
510 5301 538 5350 et
566 5294 711 5367 episcopis
735 5294 873 5350 omnibus
902 5292 979 5365 loqui
1034 5296 1081 5351 sic
1096 5294 1258 5359 recedentes,
1274 5309 1337 5366 qnec
1351 5294 1465 5349 recessio
1487 5292 1609 5365 proprisi
1628 5292 1808 5348 conscientia·
1822 5302 1869 5343 ct·

155 5370 299 5434 videatur,
317 5365 746 5439 qiiodncmpeomneshaereses
762 5365 877 5421 initium
893 5381 980 5421 sirum
1035 5366 1182 5423 deterrere
1197 5365 1353 5421 damnatio.
1369 5365 1404 5419 ei
1420 5363 1600 5437 paulopost:
1616 5363 1733 5419 Nullum
1744 5364 1862 5419 scisma

154 5437 312 5499 habuerint
327 5456 360 5495 eii
378 5443 545 5511 contemptu
558 5437 907 5511 episcoporum,idest,ex
919 5437 982 5509 ipse
1036 5455 1092 5493 ηοο
1106 5439 1162 5493 iiiii
1176 5437 1307 5509 ctiqcem
1325 5436 1457 5508 confiupi‘t
1472 5435 1600 5500 decrestis,
1621 5442 1651 5489 ut
1671 5438 1744 5491 recte
1753 5436 1791 5491 ct
1810 5432 1855 5509 dds

156 5514 316 5571 srliismutn
334 5529 339 5566 :
359 5516 446 5573 reste,
468 5516 529 5565 timi
554 5510 608 5567 lior
632 5509 706 5576 loco,
732 5514 795 5564 tuni
821 5510 982 5581 presertim
1037 5510 1123 5566 etesia
1139 5507 1515 5566 recessisseeideeturd‘lura
1530 5504 1849 5591 reperietexeuiplsqel

157 5584 243 5643 tuitio
254 5581 320 5639 libri
335 5584 368 5641 de
386 5584 496 5643 diritate
510 5584 648 5650 Ecclesinn
665 5580 983 5653 dsltomanospiseopo
1038 5584 1135 5638 exacte
1150 5579 1335 5654 singularum
1349 5580 1497 5640 hereseon
1512 5578 1599 5637 initis
1612 5584 1643 5635 et
1663 5578 1846 5655 primicerii·
1947 5586 1949 5591 ·

82 5652 116 5744 7„
155 5656 220 5719 sele
233 5654 374 5731 loquitur.
393 5656 447 5727 Qui
465 5654 510 5713 vel
536 5653 642 5714 unicus
669 5652 763 5723 loeus,
779 5656 813 5713 iit
827 5650 868 5709 ibi
884 5650 985 5719 latius,
1038 5652 1122 5711 nuria
1131 5653 1323 5729 perspexerit.
