3892 6104
113 308 189 367 ltil'l
644 300 825 363 adustus
847 298 1051 361 auctuum
1070 296 1295 361 inuictum.
1743 300 1823 363 lieu

112 436 225 493 natium
240 432 402 491 mendaciis
417 450 507 507 qnam
530 432 668 507 plurimis
681 430 851 499 onerabant,
867 448 934 489 cum
950 430 1047 499 Ates.
1066 451 1077 481 ι
1093 430 1149 487 Vis
1161 432 1261 487 tamen
1275 426 1318 487 illl
1332 430 1496 505 quidquam
1513 428 1713 504 prollelebaut,
1728 430 1822 491 etboc

112 526 161 583 bic
176 528 278 584 contra
294 522 530 580 modestissimus
559 524 594 579 de
622 540 654 580 se
681 521 795 578 litteras
810 521 940 579 misisset
992 520 1052 577 illis
1067 536 1241 593 responsum
1253 520 1382 593 episcopi
1392 520 1504 594 passim
1515 518 1640 577 dabant:
1653 542 1667 569 v
1678 518 1715 576 Ut
1724 520 1821 591 perui·

112 616 210 689 (epist.
228 616 284 683 tu).
309 611 445 687 Episcopi
464 613 501 669 ob
530 628 595 669 eam
624 626 684 667 rem
708 610 939 683 frequentissimi
992 610 1073 667 ciosa
1087 609 1270 667 dissensione
1284 614 1313 665 et
1327 608 1543 666 concertatione
1557 608 1701 683 deposita,
1716 608 1820 683 impie·

112 722 148 763 ex
162 704 258 760 hirica
281 702 486 774 Carthaginem
515 703 723 767 convenerunt,
739 703 768 755 et
796 699 939 773 cypriano
992 701 1083 754 tatem
1098 714 1162 755 ease
1173 698 1282 755 scirent
1296 703 1420 755 matrem
1435 698 1615 769 deserere‚et
1629 702 1822 771 agnoscerent

114 798 232 851 auctore
247 790 420 848 Caldoninm
436 795 465 847 et
486 791 679 846 Fortunatam
693 790 796 846 1480
812 787 938 862 collegas
992 791 1080 860 atque
1103 788 1308 861 intelligerent,
1322 787 1458 860 episcopo
1485 786 1575 843 semel
1596 786 1681 853 iacto,
1693 792 1722 843 ct
1736 786 1822 845 colle·

113 882 236 939 Romam
253 879 392 954 legandos
407 894 556 945 censuere,
573 878 623 950 qui
639 879 675 933 de
690 879 765 934 lacto
781 884 939 950 praesentes
991 892 1096 949 garum
1116 878 1216 933 1440
1232 894 1265 933 ιο
1281 875 1375 949 plebis
1391 875 1560 932 testimonio
1575 878 1604 931 et
1614 875 1728 948 judicio
1741 892 1821 935 com-

112 970 307 1043 inquirerent,
323 973 352 1024 ct
368 986 432 1041 qum
450 968 670 1040 comperissent,
685 984 773 1039 quam
789 966 938 1024 celerrime
993 966 1124 1039 probato,
1137 966 1229 1021 alium
1244 965 1383 1021 constitui
1401 964 1482 1020 nullo
1498 966 1585 1020 modo
1601 981 1716 1038 posse«
1726 965 1821 1030 Quare
1838 968 1842 975 '

112 1059 323 1117 renuntiarent.
340 1058 381 1113 Ex
404 1057 509 1113 horum
533 1057 659 1129 denique
682 1055 832 1124 relatione,
848 1055 937 1112 simul
992 1071 1043 1126 spe
1054 1072 1152 1111 rerum
1163 1069 1304 1111 novarum
1321 1054 1441 1119 amissa,
1457 1070 1524 1108 cum
1545 1069 1577 1109 ss
1605 1053 1694 1110 etiam
1708 1054 1739 1110 iu
1754 1072 1818 1113 om·

111 1147 315 1205 etteslimnnio
324 1146 525 1217 episcoporum
535 1147 658 1201 ducrum
667 1144 806 1219 Stephani
817 1150 845 1201 et
856 1146 939 1201 Pom·
991 1142 1073 1199 nium
1089 1144 1234 1200 bonorum
1247 1142 1348 1198 odium
1359 1141 1518 1197 incurrisse
1532 1140 1817 1214 intelligerenthlri·

111 1238 181 1313 peii,
197 1237 249 1310 qui
265 1238 363 1292 Romae
378 1236 542 1304 adsuerunt,
555 1252 618 1292 cum
635 1236 768 1291 omnium
792 1250 938 1292 consensu
990 1249 1025 1290 οι
1039 1232 1158 1289 tandem
1173 1235 1368 1289 excesserunt.
1380 1234 1490 1287 Verum
1502 1230 1647 1301 ejusmodi
1663 1229 1818 1290 bominum

112 1322 564 1399 pontillcatuscorneliodelstus
576 1328 620 1379 ast
632 1350 639 1391 ;
652 1327 714 1380 totu
735 1323 829 1380 hirica
844 1340 936 1379 uuum
990 1324 1072 1395 peste
1088 1321 1167 1378 haud
1183 1322 1233 1377 diu
1261 1320 1390 1377 ecclesia
1419 1319 1560 1376 Airiouns
1588 1335 1686 1375 carere
1713 1318 1815 1393 licuit;

111 1415 279 1472 cornelium
294 1413 459 1487 legitimum
475 1413 645 1486 episcopum
660 1414 788 1487 agnovit,
804 1418 833 1469 et
847 1414 937 1471 Nova·
990 1410 1068 1466 brevi
1085 1410 1163 1467 enim
1179 1410 1353 1482 legationem
1364 1426 1381 1464 ι
1392 1408 1553 1467 Novatianc
1569 1406 1617 1464 ulii
1633 1412 1817 1481 acceperuut,

111 1504 227 1561 tiauum
242 1504 304 1577 pari
319 1503 536 1576 conspiratione
550 1503 660 1574 rejecit.
677 1502 785 1575 Rejecti
802 1502 873 1559 item
883 1502 937 1559 No·
990 1517 1065 1572 quos
1080 1500 1157 1555 inter
1170 1500 1299 1555 Novatus
1316 1498 1371 1555 luit
1385 1498 1518 1554 omnium
1534 1495 1677 1554 scelerum
1693 1497 1818 1556 maculis

110 1592 222 1650 vatiuni
236 1592 324 1666 legati
337 1607 499 1664 eorumque
513 1590 614 1659 libelli,
631 1591 890 1664 interdictumque,
901 1608 937 1648 ue
990 1589 1204 1659 notatissimus,
1218 1590 1268 1661 qui
1284 1592 1313 1645 et
1328 1589 1358 1644 iu
1373 1588 1470 1643 Africa
1485 1592 1514 1644 et
1528 1586 1625 1643 ltomu
1648 1585 1818 1646 schismatis

111 1682 228 1755 uspiam
244 1680 350 1753 populo
367 1680 543 1753 legerentur.
558 1683 700 1736 caetcrum
720 1697 777 1736 non
793 1679 849 1736 hoc
863 1680 936 1737 satis
991 1684 1093 1735 auctor
1107 1677 1255 1735 lueratDe
1269 1678 1314 1733 his
1340 1678 1440 1734 statim
1457 1676 1493 1732 ad
1517 1676 1695 1750 cyprianum
1710 1678 1819 1734 cerue-

111 1770 255 1845 Cypriano
270 1768 336 1831 luit.
353 1769 404 1825 sed
429 1785 547 1842 operum
572 1770 659 1826 etiam
675 1770 705 1825 in
731 1786 764 1825 eo
780 1770 887 1842 posuit,
904 1774 937 1826 ut
989 1766 1047 1824 lius
1058 1769 1176 1840 scripsit
1190 1768 1288 1841 (epist.
1306 1768 1350 1835 48,
1368 1770 1441 1823 iuter
1456 1766 1563 1839 cyon),
1579 1770 1607 1822 et
1621 1766 1819 1839 Nicephorum

109 1861 302 1926 confessores,
319 1875 393 1930 quos
408 1857 586 1914 Novatisnus
608 1858 705 1913 Romu
721 1858 884 1930 deceperat,
899 1860 936 1915 ad
992 1856 1137 1929 acolytum
1165 1862 1304 1929 praterea
1327 1856 1419 1927 misit,
1443 1856 1492 1927 qui
1509 1871 1577 1911 eum
1593 1856 1629 1911 de
1657 1853 1819 1927 legatorum

109 1948 267 2007 Ecclesiam
282 1946 506 2019 Corneliumque
519 1948 680 2003 reduceret.
698 1947 797 2019 ltaque
816 1948 852 2003 ad
868 1948 936 2004 cor·
992 1946 1123 2003 moribus
1138 1949 1258 2018 totaque
1272 1945 1397 2001 factione
1411 1944 1566 2001 certiorem
1582 1944 1699 2001 luceret.
1718 1945 1818 2017 ltaque

108 2037 221 2095 aelium
237 2038 368 2094 scribens
390 2036 487 2109 (epist.
513 2037 573 2104 13):
599 2037 662 2092 «Et
691 2036 872 2109 religiosum,
892 2037 937 2092 in·
991 2035 1152 2109 Cyprianus
1167 2036 1342 2101 eaedoctus,
1358 2036 1512 2108 episcopos
1526 2051 1629 2091 omncs
1641 2034 1677 2091 da
1690 2034 1822 2107 singulo·

109 2126 185 2203 quit,
201 2126 287 2183 nobis
301 2130 330 2182 et
344 2124 543 2182 necessarium
562 2125 751 2192 existimavit,
768 2126 856 2183 irater
869 2127 938 2184 cha·
992 2142 1058 2182 rum
1074 2125 1234 2182 sceleribus
1249 2125 1412 2187 admonuit,
1428 2124 1534 2181 deinde
1549 2140 1585 2181 ea
1604 2139 1707 2181 eorum
1722 2124 1820 2183 cousi·

111 2216 239 2287 tissime,
256 2216 290 2272 ud
308 2216 501 2281 consessores,
517 2214 567 2287 qui
582 2214 640 2270 illic
656 2218 772 2285 sunt,et
786 2215 939 2273 Novatiuni
992 2214 1031 2271 lic
1047 2213 1220 2271 laterculum
1236 2215 1272 2270 ad
1284 2213 1449 2271 Cornelium
1469 2214 1606 2281 exaravit,
1623 2214 1653 2269 in
1668 2230 1726 2289 quo
1741 2215 1820 2289 epis·

113 2322 147 2363 ιο
161 2302 263 2362 Novati
277 2304 472 2361 obstinatione
487 2307 516 2360 et
529 2302 668 2375 pravitate
693 2304 806 2361 seducti
834 2305 870 2361 do
887 2306 940 2361 Ec·
993 2320 1133 2376 coporum
1143 2302 1713 2375 Airicaecatholicorumnominascriptu
1723 2307 1822 2361 essent

115 2392 207 2451 clesiu
235 2398 427 2461 recesserunt,
443 2392 555 2449 litteras
577 2394 678 2449 breves
703 2393 807 2461 lucere,
832 2395 941 2466 quibus
994 2392 1091 2466 (epist.
1104 2393 1163 2465 54),
1180 2397 1211 2447 ut
1226 2408 1300 2465 quos
1316 2391 1345 2447 in
1360 2407 1395 2447 ea
1414 2392 1488 2447 surio
1519 2408 1578 2448 uon
1602 2391 1757 2461 inveniret,
1770 2408 1820 2451 ex·

117 2499 168 2541 eos
183 2500 236 2556 pro
250 2482 400 2539 allectione
411 2485 515 2539 mutua
525 2484 755 2553 convenirem‚ut
770 2484 939 2541 admutrem
993 2486 1093 2539 ternos
1107 2498 1157 2538 eos
1172 2487 1201 2537 et
1215 2480 1419 2538 schismaticos
1440 2480 1581 2538 haberet:
1598 2479 1698 2551 quales
1715 2480 1821 2538 deiude

117 2588 215 2638 suam,
230 2572 260 2628 id
275 2576 320 2629 est
333 2571 492 2627 Ecclesiam
515 2570 699 2641 catholicam,
717 2576 908 2630 revertantur.
926 2594 940 2625 a
994 2571 1083 2645 legati
1098 2570 1140 2625 illi
1156 2569 1264 2625 alicubi
1280 2570 1505 2627 constituerunt.

116 2665 176 2719 Neo
189 2678 257 2718 vero
271 2659 430 2736 cyprianus
454 2677 573 2733 operam
592 2660 737 2733 perdidit;
758 2662 849 2719 misso
862 2662 941 2719 enim
1031 2660 1076 2716 IX.
1093 2661 1173 2716 huno
1190 2660 1255 2732 jum
1278 2662 1416 2727 vertente,
1433 2674 1500 2718 cum
1524 2656 1679 2715 Deciorum
1695 2657 1821 2715 crudeli·

116 2750 207 2808 simul
222 2749 331 2821 libello,
344 2767 432 2823 quem
447 2750 483 2807 du
498 2750 610 2805 unitate
625 2748 757 2805 Ecclesia
773 2752 941 2823 scripserat,
995 2753 1041 2806 tus
1055 2749 1086 2804 in
1101 2748 1281 2805 Christianos
1297 2749 1428 2805 noudum
1441 2748 1820 2817 detumuisset,nuntiatum

115 2844 145 2895 ct
162 2840 215 2895 hoc
230 2843 259 2894 et
273 2838 380 2894 litteris
395 2838 458 2895 suis
472 2838 576 2909 offecit,
593 2844 625 2893 ut
649 2854 777 2896 errorem
801 2856 942 2911 agnosce·
996 2842 1115 2910 repente
1131 2842 1175 2894 est
1188 2842 1217 2894 ct
1244 2837 1324 2911 ipsos
1339 2838 1509 2905 exstinctos,
1534 2841 1563 2894 et
1590 2853 1691 2894 eorum
1712 2835 1774 2894 loco
1787 2836 1819 2895 c.

115 2931 180 2985 rent
194 2943 293 2995 suum,
308 2930 338 2983 et
349 2926 480 2983 schisma
494 2928 628 2983 detestati
643 2926 758 2983 venium
774 2944 791 2983 a
808 2927 941 2986 cornelio
995 2926 1115 2983 Vibium
1129 2926 1244 2985 callum
1268 2944 1336 2984 cum
1358 2925 1518 2984 Volusiano
1541 2926 1601 2983 illio
1615 2925 1769 2998 imperare,
1785 2925 1822 2983 de

115 3032 275 3091 pacemque
290 3016 623 3088 implorarint.iledltum
638 3032 738 3072 eorum
754 3016 818 3073 luae
833 3018 941 3074 descri-
996 3032 1122 3090 quorum
1137 3017 1247 3074 honore
1259 3033 1316 3073 non
1329 3016 1513 3073 mediocriter
1524 3014 1714 3089 gavisosesse
1724 3016 1820 3087 Atros,

113 3104 158 3161 bit
174 3104 237 3176 ipse
248 3103 401 3160 Cornelius
415 3104 445 3160 in
462 3104 588 3177 Epistola
605 3106 640 3160 ud
652 3105 826 3178 cyprianum
842 3106 941 3180 (epist.
996 3123 1083 3163 nemo
1097 3106 1221 3164 dubitet.
1239 3107 1368 3163 indidem
1384 3105 1667 3177 enimiuisso,stque
1682 3105 1824 3165 ininsula

113 3192 161 3262 46,
177 3195 252 3249 inter
265 3193 369 3265 cygn),
386 3193 483 3249 scicua
498 3193 671 3250 nominatim
685 3194 853 3263 Maximum,
870 3211 938 3268 pre·
953 3180 975 3249 C
993 3196 1137 3269 Meninge,
1153 3213 1217 3269 qua
1233 3202 1334 3269 postes
1347 3196 1436 3253 Girba
1455 3195 1533 3251 dicta
1556 3200 1610 3266 est,
1626 3196 1688 3251 nuti
1703 3210 1767 3253 esse
1780 3196 1821 3255 ie·

113 3282 265 3354 abyterum
276 3280 941 3356 Urbanum,Sidouium,blacarium,quibusilli
995 3290 1101 3342 ruutur
1114 3286 1199 3359 (Viot.
1215 3286 1255 3341 id.
1280 3285 1390 3359 epist).
1407 3286 1441 3341 Et
1464 3288 1559 3341 exstat
1581 3284 1692 3340 Tunete
1715 3284 1821 3342 iuscri-

114 3371 150 3427 ad
166 3370 376 3443 professionem
389 3371 435 3426 usi
445 3376 529 3426 erunt
541 3371 587 3427 his
601 3372 712 3428 nuntiis
725 3390 814 3445 quam
826 3373 940 3433 lutatus
994 3374 1065 3448 ptio,
1082 3392 1145 3448 qua
1160 3392 1235 3447 opus
1249 3374 1400 3447 publicum
1411 3374 1470 3430 illic
1486 3374 1522 3429 ab
1537 3372 1580 3429 eis
1595 3372 1763 3431 restitutum
1779 3380 1820 3433 te·

113 3464 178 3515 tum
195 3460 234 3515 sit
249 3460 420 3533 Cyprianus,
436 3460 541 3517 litterae
554 3462 619 3533 ejus
633 3461 669 3517 ad
685 3463 867 3519 consessores
889 3464 939 3521 de·
994 3469 1089 3522 statur
1105 3464 1195 3536 (Muti.
1211 3465 1245 3520 li.
1263 3465 1290 3522 V.
1309 3482 1335 3535 p.
1352 3465 1414 3535 1159,
1430 3482 1460 3521 u.
1475 3465 1514 3538 2).

113 3552 227 3605 clarent
241 3548 336 3621 (epist.
352 3550 409 3617 51).
425 3571 441 3601 n
457 3550 560 3615 Lectis,
578 3550 684 3622 inquit,
701 3549 808 3607 litteris
823 3552 938 3622 vestris,

112 3638 220 3695 iratres
234 3637 411 3706 charissimi,
425 3655 499 3711 quas
510 3640 546 3695 ud
563 3656 609 3696 me
624 3641 660 3696 de
673 3643 770 3697 vestra
784 3642 941 3714 regressio·
1201 3624 1295 3665 ΔΝΜ
1315 3624 1504 3665 mmmm
1519 3624 1604 3666 πω·

112 3742 161 3796 ue,
177 3728 255 3783 etde
276 3726 475 3785 ecclesiastica
489 3744 559 3800 pace
581 3745 613 3785 ac
642 3730 769 3786 fraterne
784 3730 940 3804 reintegre-
1055 3714 1237 3772 CYPRIANO
1256 3714 1428 3771 EPISCOPO
1447 3712 1758 3772 CARTHAOENIENSI·

110 3815 192 3873 tione
207 3815 316 3873 lecistis
330 3816 361 3873 in
375 3821 492 3874 tautum
503 3833 551 3874 me
567 3818 696 3875 letatum
710 3835 775 3876 esse
786 3822 937 3891 confiteor,
1028 3858 1049 3914 L
1066 3857 1257 3915 consulatum

110 3904 143 3961 in
159 3910 303 3978 quantum
319 3906 431 3963 summ
446 3910 475 3963 et
498 3910 564 3963 ωε
588 3908 714 3974 loemm’
730 3910 848 3981 quam
867 3926 938 3967 Μ’
991 3946 1093 4005 callus
1108 3949 1181 4020 Aug.
1197 3948 1315 4019 iterum,
1341 3948 1372 4003 c.
1395 3946 1571 4003 Volusianus
1585 3950 1689 4015 caesar,
1705 3962 1773 4003 cum
1786 3946 1817 4003 iu

110 3993 248 4051 sessionis
262 4002 365 4051 vestra
379 3994 503 4069 gloriam
518 3998 657 4069 comperi,
670 4002 699 4053 et
713 3998 823 4055 militiae
834 4003 937 4056 vestra
991 4036 1205 4093 Moesiaessent
1230 4037 1308 4092 unde
1335 4036 1441 4091 studere
1463 4051 1530 4092 cum
1554 4035 1656 4092 Gothis
1674 4034 1732 4093 icto
1759 4036 1818 4093 Ro·

110 4082 259 4139 coeleetem
274 4100 308 4139 ac
323 4084 484 4157 spiritalem
498 4084 614 4142 laudum
638 4087 873 4159 gratulabundus
888 4106 936 4146 ex·
1207 4076 1214 4101 ¹
1311 4078 1319 4101 '
1735 4078 1742 4103 ¹

110 4172 186 4244 cepi.
202 4172 275 4228 Nam
287 4176 314 4228 et
330 4172 392 4230 haec
407 4174 474 4230 ssdei
490 4178 518 4231 ct
526 4174 623 4231 laudis
632 4182 734 4233 vestra
750 4176 807 4234 alia
823 4178 938 4235 contes-

109 4258 155 4319 ⁸i⁰
170 4264 225 4361 ᾤ’
241 4278 332 4317 unam
346 4278 419 4363 ΨΘ
441 4262 600 4364 Εῳιθῲω
625 4266 770 4366 ‘immed’
783 4283 834 4369 ¹¹⁰9
850 4266 937 4324 ‘meni
990 4308 1019 4360 et
1029 4303 1134 4361 litteris
1149 4308 1310 4377 pervertere
1324 4302 1481 4358 nitebatur.
1506 4301 1606 4375 ltaque
1621 4302 1657 4359 ad
1678 4304 1819 4360 Antonia·

110 4362 220 4406 ΜΝ
234 4349 278 4405 vel
293 4354 392 4423 p⁰t¹u⁸
409 4356 560 4423 mmmm
577 4359 749 4455 p⁸ft¹f²¹p⁰m
764 4356 838 4423 ΗΜ·
855 4372 937 4429 ‘⁰¹³⁰'
990 4409 1062 4449 uum
1079 4408 1195 4466 quoque
1208 4391 1381 4465 episcopum
1396 4389 1584 4446 Numidicum
1602 4390 1769 4463 scripserat,
1786 4396 1820 4448 ut

110 4442 174 4496 tere
189 4440 292 4495 eudem
312 4443 418 4511 castra,
434 4441 512 4497 unde
536 4444 671 4515 prodisti,
688 4446 766 4501 unde
786 4445 822 4502 ad
838 4461 938 4519 geren·
991 4482 1027 4538 ιὰ

110 4528 184 4584 dum
195 4528 327 4600 praelium
342 4534 372 4585 et
385 4529 584 4588 adversarium
600 4532 799 4607 subigendum

111 4616 171 4674 mis
185 4616 298 4674 viribus
313 4618 482 4691 prosilistis.
499 4642 514 4671 »

1281 3873 1437 3929 ιιιοιροοο
1451 3859 1481 3914 c.
1496 3855 1601 3915 Vibius
1615 3856 1818 3915 Treboniauus

990 4142 1070 4183 mam
1084 4142 1161 4182 auno
1177 4125 1311 4181 inchoato
1334 4129 1485 4181 venerunt.
1503 4125 1573 4181 lnde
1591 4124 1769 4183 Novatianus
1784 4128 1817 4181 ut

991 4214 1064 4272 alias
1079 4214 1189 4289 passim
1204 4213 1398 4277 ecclesianam
1411 4212 1564 4269 Africanas
1577 4217 1605 4269 et
1620 4213 1817 4285 legationibus

874 4536 880 4547 ,
917 4535 923 4548 ,
1057 4484 1167 4537 sectam
1203 4497 1288 4537 suam
1324 4479 1528 4551 pertraheret;
1558 4496 1696 4553 eumque,
1725 4481 1820 4539 multa

815 4536 937 4593 *⁰⁸¹⁸*
952 4556 976 4623 li
992 4570 1022 4627 iu
1037 4568 1201 4627 cornelium
1218 4570 1325 4641 probru
1340 4568 1569 4640 mentitus,peuu
1584 4570 1819 4627 commoratsed

992 4676 1059 4717 cum
1076 4660 1101 4715 is
1116 4664 1183 4715 ants
1198 4659 1233 4715 sd
1249 4658 1425 4732 cyprianum
1441 4658 1476 4713 de
1489 4656 1549 4715 illis
1564 4658 1819 4718 criminationibus

148 4742 224 4800 Vlll.
240 4742 368 4799 siricam
385 4744 496 4801 interea
522 4746 718 4820 peragrabant
745 4746 841 4821 legati,
865 4768 938 4824 quos
992 4748 1151 4815 retulisset,
1162 4747 1377 4819 consiliumque
1391 4748 1456 4819 ejus
1471 4752 1679 4822 exspectasset,
1694 4748 1820 4823 egregiis

108 4830 290 4889 Novatiauus
305 4835 447 4906 tunquam
463 4833 545 4891 urbis
568 4836 723 4909 episcopus
749 4839 938 4909 submiserat,
992 4838 1125 4912 cypriani
1141 4837 1246 4894 litteris
1269 4836 1365 4913 (epist.
1385 4836 1442 4905 52),
1466 4836 1669 4906 confirmatus,
1684 4837 1819 4895 Navalia·

107 4920 254 4977 Maximus
270 4921 430 4995 presbyter,
447 4925 604 4997 lugendus
624 4926 777 4997 diaconus,
791 4928 939 4989 ldachaus
991 4944 1063 4985 num
1076 4926 1193 5001 repulit,
1218 4931 1247 4984 et
1271 4942 1336 4982 eum
1365 4941 1429 4982 esse
1457 4925 1617 4983 Ecclesiam
1645 4926 1819 4985 catholicam

108 5010 936 5093 etLonginus,dequibusscribensadcorneliumgra·
991 5016 1119 5090 agnovit,
1136 5015 1184 5072 cui
1214 5013 1365 5071 Cornelius
1390 5020 1537 5087 praesset.
1560 5014 1632 5071 Nam
1657 5014 1820 5087 Cyprianus

107 5098 228 5157 vissime
244 5099 377 5172 queritur
391 5101 552 5175 cyprianus
567 5102 664 5176 (epist.
680 5106 735 5179 ll).
753 5129 767 5157 α
784 5112 824 5163 hc
841 5110 938 5181 ne,in·
991 5111 1020 5164 et
1035 5122 1124 5176 quam
1137 5104 1268 5179 legitima
1281 5106 1359 5160 esset
1382 5102 1507 5159 cornelii
1527 5103 1696 5171 auctoritas,
1712 5102 1820 5162 diserte

107 5190 185 5263 quit,
200 5205 303 5247 corum
318 5187 417 5247 furens
433 5191 556 5249 audacia
571 5208 703 5265 uuquam
719 5195 937 5269 desisteret,hiu
990 5196 1168 5263 ostenderat,
1181 5198 1211 5252 et
1225 5196 1335 5266 quanto
1351 5191 1557 5249 idemconsilio
1568 5192 1666 5265 lapsos
1676 5192 1706 5248 in
1721 5191 1819 5251 Eccle-

107 5294 227 5351 quoque
238 5278 268 5334 in
278 5278 447 5336 schismatis
458 5286 555 5353 partes
566 5282 672 5339 christi
683 5285 814 5341 membra
828 5286 938 5344 distra-
990 5286 1063 5344 aiem
1088 5284 1238 5357 reciperet,
1254 5285 1388 5340 accurate
1407 5280 1622 5339 declaraverat:
1644 5287 1707 5339 tum
1722 5282 1816 5339 Novu-

107 5367 189 5435 here,
205 5372 234 5424 et
248 5366 398 5426 catholica
413 5368 548 5427 Eccleaiu
572 5388 678 5445 corpus
693 5372 825 5429 scindere
845 5391 878 5431 uc
894 5375 935 5431 la·
989 5376 1104 5432 tiannm
1119 5373 1146 5429 vi
1162 5377 1250 5445 utque
1266 5371 1367 5428 iraude
1394 5371 1582 5445 pontificatus
1605 5370 1744 5429 bonorem
1759 5371 1817 5430 sibi

108 5456 193 5513 uicre
208 5456 353 5527 nituntur,
367 5461 399 5514 ut
413 5458 542 5515 ostiatim
566 5476 617 5533 per
640 5460 801 5518 multorum
821 5462 935 5534 domos,
988 5465 1147 5531 vindicare,
1162 5467 1191 5520 et
1205 5462 1303 5534 lapsos
1319 5476 1420 5517 omues
1431 5476 1463 5517 ιο
1478 5460 1586 5517 scelere
1600 5460 1730 5535 quolibet
1748 5462 1816 5519 obs·

107 5544 155 5601 vel
170 5546 333 5619 oppidatim
349 5563 401 5622 per
419 5548 563 5619 quasdam
587 5548 718 5607 civitates
739 5550 935 5610 discurrentes
989 5549 1816 5625 trictoecontradivinurumLitterarumdocumeutarell·

108 5632 317 5697 obstinationis
330 5653 391 5697 auu
404 5642 433 5697 et
446 5636 553 5699 erroris
568 5638 615 5697 eui
627 5638 684 5699 sibi
699 5644 834 5715 querunt
844 5642 935 5703 cumi·
988 5658 1053 5705 cere
1063 5642 1100 5703 ed
1110 5646 1286 5719 perpetuum
1295 5639 1492 5717 inutilemque
1500 5638 1754 5713 luctum‚mirillce
1763 5640 1814 5699 de·
