3900 6112
684 248 737 309 Ab
759 248 792 309 8.
815 245 1046 310 cunumltttt
1069 244 1328 309 sereremus

653 543 728 599 Μ·
764 554 1036 641 ttrtttvmx
1064 552 1346 641 statuum.

502 730 726 789 bbcuttstbs
747 730 928 787 lll'lS'l'OLAE
941 730 968 787 S.
986 729 1162 789 CORNELIO
1178 729 1289 786 FALSO
1311 728 1507 786 escutrrm.

375 1019 549 1075 eristum
569 1019 680 1075 Plilllb
694 1020 743 1091 (3).
984 1022 1011 1088 Α
1027 1017 1169 1074 stolorum
1177 1017 1251 1073 Petri
1262 1016 1378 1073 etPaali
1390 1016 1623 1075 decatacumbis.
1638 1017 1784 1089 Etprimo
1797 1018 1863 1090 qui-

151 1146 187 1186 n„
205 1144 413 1185 mmmm
432 1142 582 1182 comum
603 1142 818 1181 mmmm
841 1142 922 1184 „ml
940 1144 975 1183 „s
1027 1107 1093 1162 dem
1101 1106 1177 1162 beuti
1187 1105 1268 1162 Pauli
1278 1124 1393 1178 corpus,
1404 1105 1668 1175 leretumsilentio,
1679 1107 1812 1179 positum
1820 1112 1865 1165 est

236 1216 333 1257 raum:
349 1217 382 1254 ur
397 1216 430 1253 oa
450 1214 569 1263 novara,
585 1214 696 1261 inrisae
709 1214 870 1254 umnsnrars.
1032 1196 1062 1251 in
1079 1196 1186 1267 praediu
1203 1196 1347 1268 predicte
1359 1200 1510 1265 matrone,
1526 1194 1572 1250 vie
1584 1194 1713 1252 Ostiensi
1725 1196 1764 1251 ad
1781 1195 1862 1254 lutus

146 1306 324 1364 charissimis
333 1304 609 1375 atpateditectitsiruis
631 1304 775 1375 frutribus,
797 1308 904 1361 sarrctoe
923 1304 974 1359 uer·
1026 1285 1077 1339 ”bl
1098 1283 1257 1341 d⁰⁰⁰¹¹⁸l¹¹⁸
1272 1288 1326 1339 ⁰⁸¹·
1345 1284 1521 1341 P⁰³¹ss⁰ll⁰l⁰
1545 1283 1620 1339 bssflll
1650 1284 1860 1357 All⁰⁸¹⁰lorum

182 1378 312 1434 Ecclesiae
326 1376 403 1445 titiis,
418 1380 444 1430 et
455 1376 581 1431 matribus
594 1376 705 1430 Domina
716 1383 788 1431 rectu
806 1375 859 1445 fide
881 1376 972 1444 samu·
1026 1374 1168 1447 principis
1184 1373 1259 1429 Petri
1276 1374 1443 1446 acecpimus
1466 1389 1584 1445 corpus,
1610 1376 1638 1429 et
1662 1376 1860 1431 condecenter

185 1447 638 1519 stlitibus»C⁰r²²⁰l¹⁸¹⁴⁵0ltl⁸⁶⁰lt¹⁸b
1026 1462 1180 1533 posuimus
1213 1461 1285 1517 illud
1311 1463 1397 1533 juxta
1423 1461 1519 1517 locum
1545 1461 1594 1516 ubi
1624 1462 1785 1519 crucifixus
1814 1468 1861 1521 est

180 1552 291 1611 Videas
310 1551 462 1609 charitatis
480 1556 581 1609 vestre
611 1550 872 1619 benevolentiamt,
904 1548 972 1622 quie
1025 1546 1237 1623 intercorpora
1262 1557 1430 1605 sanctorum
1460 1550 1663 1623 episcoporum
1692 1550 1723 1606 in
1751 1549 1860 1624 templo

143 1641 349 1716 Apostolorum
365 1650 511 1698 amatores
529 1640 612 1713 estis,
636 1655 798 1713 eorumque
826 1640 913 1695 fidem
942 1642 971 1695 et
1026 1636 1182 1709 Apollinis,
1212 1639 1240 1693 in
1264 1644 1364 1696 monle
1393 1641 1497 1706 Aurea,
1522 1638 1551 1693 in
1581 1637 1723 1695 Vstieeno
1759 1639 1857 1713 palatii

143 1732 308 1789 doctrinam
324 1730 438 1799 tenetis,
461 1731 572 1786 decrevi
589 1730 670 1786 vobis
689 1729 826 1796 scribere,
849 1729 969 1784 Domino
1024 1728 1193 1795 Neroniani,
1245 1727 1329 1784 tertio
1376 1728 1568 1784 kalendarum
1602 1727 1753 1799 juliarum
1801 1730 1855 1797 die,

144 1826 273 1888 auctore,
289 1821 468 1892 quedemex
483 1818 530 1875 his
543 1835 607 1891 qua
623 1834 700 1874 nune
715 1817 857 1890 temporis
872 1832 971 1873 neces·
1023 1821 1140 1873 orentes
1157 1817 1249 1872 Deum
1265 1822 1293 1873 at
1308 1818 1465 1874 Dominum
1489 1822 1623 1874 nostrum
1640 1819 1745 1875 lesum
1773 1818 1853 1875 Cbri·

143 1910 223 1966 saria
248 1913 318 1965 sunt
332 1908 401 1964 sciri
434 1914 462 1965 et
482 1924 546 1979 que
561 1908 639 1980 apud
656 1924 710 1963 nos
725 1906 754 1961 in
768 1906 896 1962 Ecclesia
911 1906 963 1963 Ru·
1024 1910 1114 1975 stum,
1130 1910 1172 1973 ut,
1195 1906 1442 1962 intercedentibus
1466 1907 1530 1962 suis
1558 1907 1670 1964 sanctis
1695 1908 1851 1979 Apostolis,

142 2014 240 2063 utana,
271 1996 430 2054 auxiliante
458 1995 594 2063 Domino,
623 1995 737 2052 meritis
761 1993 968 2067 Apostolorum
1023 1993 1332 2050 maculasrestrorum
1350 2000 1452 2068 purget
1479 2002 1675 2068 peccatorum,
1693 2001 1724 2052 et
1746 1996 1776 2053 ia
1802 2014 1851 2055 sue

143 2104 237 2159 nuper
251 2090 316 2142 acta
331 2089 401 2143 sunt
422 2084 482 2141 sire
491 2090 649 2157 geruntur:
676 2084 825 2157 quonism,
842 2081 967 2157 petroci·
1021 2099 1074 2140 vas
1089 2089 1238 2139 conservat
1254 2083 1404 2141 voluntate
1418 2085 1523 2141 diebus
1548 2085 1613 2141 vite
1631 2090 1744 2154 vestre,
1774 2090 1803 2143 et
1824 2087 1848 2141 in

142 2180 231 2233 nante
240 2174 392 2245 charitate,
412 2175 499 2230 credo
522 2191 572 2229 vos
598 2178 719 2245 paterna
743 2173 837 2245 gratia
859 2172 969 2245 scripta
1022 2172 1118 2228 l'ruetu
1133 2172 1200 2228 boni
1220 2173 1317 2244 operis
1333 2190 1384 2229 vos
1404 2173 1629 2245 perseverabiles
1657 2174 1770 2231 reddat.
1795 2178 1847 2231 Vos

143 2262 221 2321 sedis
249 2262 414 2337 apostolice
439 2262 565 2318 libenter
583 2262 742 2334 suscipere,
771 2266 801 2318 et
829 2261 968 2318 mandate
1020 2278 1087 2317 vero
1100 2261 1146 2318 his
1162 2263 1353 2334 congaudete,
1369 2262 1438 2335 quia
1454 2267 1483 2318 et
1498 2262 1653 2335 ipsisancti
1668 2263 1802 2336 Apostoli
1815 2264 1847 2319 ds

142 2357 206 2424 ejus
219 2368 367 2425 peragere,
381 2356 469 2423 atque
485 2352 521 2407 de
534 2352 599 2423 ejus
614 2351 793 2423 profectibus
803 2349 964 2423 gratulari:
984 2355 1118 2464 Bvestro
1133 2349 1375 2422 congratulantur
1390 2352 1508 2424 gaudio.
1534 2351 1591 2407 Vas
1618 2367 1740 2423 semper
1762 2352 1847 2409 Deum

144 2442 216 2515 quia
242 2440 377 2514 quisquis
402 2457 433 2495 se
455 2441 597 2496 inradies
620 2439 770 2496 charitatis
795 2439 898 2497 inserit
917 2456 970 2495 neo
1023 2437 1151 2503 laudale,
1166 2444 1194 2495 et
1209 2440 1272 2512 ipse
1286 2440 1465 2512 glorificetur
1487 2440 1517 2495 ia
1529 2441 1622 2497 vobis.
1639 2440 1789 2512 Scriptum
1808 2445 1849 2498 est

143 2530 321 2587 aviriditate
342 2529 450 2594 deficit,
476 2545 557 2585 neos
580 2528 723 2584 fructibus
745 2529 785 2601 (l)
814 2528 966 2587 inanescit.
1022 2528 1120 2584 enim:
1139 2528 1208 2597 Quid
1236 2530 1394 2585 retribuam
1420 2532 1538 2585 lloruiuo
1558 2546 1608 2602 pro
1637 2532 1769 2588 carnibus
1789 2546 1846 2604 quae

141 2636 194 2676 aec
204 2635 302 2676 satore
318 2617 513 2674 foecunditatis
529 2634 604 2689 opas
631 2618 735 2674 silices
763 2617 882 2675 surittit.
897 2618 964 2689 lpse
1020 2618 1157 2673 retribuit
1170 2620 1240 2673 mitti
1253 2622 1266 2671 t
1277 2617 1696 2690 Craticemsetutarieaccipiam,
1712 2624 1741 2676 et
1750 2636 1844 2677 aemes

139 2708 218 2765 enim
234 2706 360 2764 charites
370 2710 485 2762 exercet
500 2706 587 2762 corda
606 2705 748 2777 fidelium,
768 2722 874 2762 sensus
902 2722 962 2761 car·
1016 2706 1126 2763 ltomiut
1140 2707 1280 2763 tirunculo.
1295 2706 1383 2780 (Ptol.
1400 2708 1474 2779 cxv.)
1490 2707 1616 2764 Tantum
1640 2708 1723 2765 enim
1754 2727 1771 2766 a
1794 2726 1842 2766 no·

138 2794 961 2868 roborat,utnibilgravemibildilllaila.sedfiattotum
1016 2795 1061 2852 bis
1083 2796 1122 2866 (7)
1152 2796 1288 2868 erigitur,
1320 2806 1462 2867 quantum
1488 2813 1647 2868 possumus
1684 2797 1841 2855 famulatus

138 2886 223 2944 dulce
239 2886 316 2959 quod
330 2884 437 2957 egitur,
453 2886 524 2939 tium
539 2884 603 2955 eJus
629 2884 780 2957 proprium
792 2883 841 2949 sit,
850 2883 961 2939 nutrire
1016 2885 1107 2939 nostri
1119 2885 1259 2957 obsequio
1270 2886 1476 2941 commendere
1487 2886 1516 2941 ⁸:
1534 2886 1614 2943 Unde
1626 2886 1746 2959 quidem
1761 2891 1836 2942 tauto

138 2973 336 3039 concordiam,
366 2988 480 3028 serrare
507 2971 656 3040 mamluta,
691 2974 779 3043 atque
804 2970 962 3027 dissociata
1016 2990 1069 3028 nas
1085 2990 1203 3029 neeesse
1227 2979 1272 3028 est
1290 2974 1452 3044 impotuuis
1480 2974 1740 3046 predicationibus
1773 2974 1838 3031 insi·

137 3063 325 3134 conjungere,
356 3076 444 3133 prava
475 3058 610 3130 dirigere,
634 3064 663 3113 et
692 3064 810 3114 ceteras
838 3057 961 3115 virtutes
1015 3065 1101 3126 stere,
1119 3068 1227 3133 quauta
1244 3061 1327 3117 nobis
1340 3062 1474 3134 perfecte
1494 3063 1702 3135 negotiationis
1717 3064 1840 3120 ereditur

136 3149 321 3225 perfectiouis
337 3166 396 3206 suae
412 3148 575 3203 munimine
590 3147 725 3204 solidare.
1015 3151 1163 3221 duplicata
1178 3150 1353 3206 talentorum
1369 3152 1540 3224 assignetis,
1571 3158 1659 3224 atque
1689 3152 1836 3209 dominice

171 3239 352 3311 Quapropter
367 3253 435 3309 rogo
451 3253 500 3292 ras
513 3236 597 3292 nubis
612 3235 820 3309 congratulari,
837 3236 906 3310 quia
919 3254 962 3293 ro·
1013 3238 1092 3295 vocis
1104 3240 1138 3294 act
1151 3238 1369 3310 suspiciendam
1381 3242 1444 3311 ejus
1456 3241 1585 3313 requiem
1595 3242 1703 3297 suadet
1712 3242 1839 3299 assertio.

133 3324 961 3402 gatuctrjusdamrlevotaleutioeatquenobilissimemu·
1049 3327 1114 3384 llrec
1143 3328 1429 3400 invideasantiquus
1453 3328 1547 3385 hostis
1575 3330 1732 3387 suscitarit
1763 3330 1838 3387 nobis

133 3415 473 3486 tronebitbucinaeffi)
498 3413 809 3487 laratasuatcorpuru
830 3415 959 3488 (6)llpo·
1013 3418 1213 3474 adversariam
1240 3417 1380 3475 Nouatum
1404 3418 1452 3490 (8),
1481 3422 1566 3474 reete
1598 3419 1664 3475 fidei
1681 3424 1711 3477 et
1738 3423 1837 3477 sancte

863 3540 966 3602 Veris
979 3540 1142 3603 lectiones.

167 3648 178 3684 ⁸
194 3648 299 3704 Fidens
314 3646 465 3703 charitatis
480 3651 583 3701 vostras
597 3646 799 3701 benovolentia
816 3646 895 3701 uret.
935 3647 1150 3706 ‘commodare
1165 3649 1247 3704 tati.

860 3762 1027 3825 variorum
1044 3772 1139 3826 nctae.

169 3870 208 3943 (3)
223 3869 346 3927 Cornelii
370 3885 463 3942 popm.
494 3870 598 3936 Buroa,
629 3866 752 3940 aliisque
782 3868 884 3925 merito
904 3871 992 3940 susc
1012 3870 1150 3943 Gregorio
1172 3870 1263 3943 Epist.
1289 3870 1335 3939 30,
1351 3868 1403 3927 lib.
1418 3888 1460 3933 m.
1471 3888 1505 3927 uc
1520 3871 1654 3928 Raronio.
1675 3874 1756 3929 lans.

132 3946 225 4015 pecta,
238 3958 304 3997 cum
320 3940 464 4013 sequenti,
486 3957 550 4011 qum
574 3958 630 3996 nan
659 3945 704 3995 est
731 3940 851 4009 majoris
878 3940 955 4013 epud
1045 3944 1197 4013 (ditetuata
1215 3951 1414 4013 santeurpura.
1438 3942 1509 3998 Vide
1523 3958 1587 4015 quis
1613 3944 1764 4001 ennatovit
1784 3946 1828 3999 Se·
1886 3978 1888 4003 ι

132 4015 265 4071 eruditos
280 4012 358 4071 tutet.
377 4019 453 4068 litae.
472 4012 657 4068 -Senetum
674 4012 840 4066 Cornelium
857 4012 956 4084 plures
1009 4014 1101 4070 varin.
1119 4014 1263 4068 lliniusin
1294 4013 1420 4069 notisal
1445 4015 1535 4070 vitam
1561 4014 1699 4083 Cornelii,
1729 4016 1828 4081 verbis,
1886 4046 1888 4061 ι

130 4084 271 4157 epistolas
287 4085 439 4155 scripsisse
454 4089 578 4140 testatur
593 4084 708 4139 llieron.
725 4082 799 4137 libro
823 4085 859 4137 de
886 4082 958 4139 Scri-
1012 4086 1059 4141 llis
1077 4086 1253 4155 territoribus,
1265 4090 1320 4139 ete.
1886 4132 1888 4147 ,

129 4164 203 4230 pter.
216 4156 506 4222 dectraintlurnelio,
517 4153 820 4225 uerbiseupraallatis.
829 4156 957 4211 Priorem
1046 4157 1084 4227 (7)
1100 4157 1214 4211 Turbam
1232 4158 1306 4211 euim
1319 4174 1335 4211 u
1347 4156 1435 4211 stabis.
1464 4156 1589 4212 Sanctus
1612 4158 1756 4215 Martinus
1768 4157 1788 4224 l,
1803 4156 1827 4211 in

131 4230 217 4301 eujus
233 4226 378 4295 meruiuil,
394 4246 461 4281 uum
478 4228 550 4299 ipsis
565 4227 645 4281 Actis
664 4226 854 4281 correiliutum
879 4228 955 4282 esci·
1012 4230 1099 4299 epist.
1117 4228 1152 4283 ed
1168 4234 1304 4283 sunctum
1318 4228 1495 4284 Amandum.
1508 4230 1591 4285 Lesa.

132 4302 212 4357 disse
223 4300 310 4355 retbrt
321 4299 550 4354 llaroaiusanno
561 4300 718 4364 255,num.
734 4298 761 4352 3.
779 4297 955 4366 Secundam,
1046 4298 1085 4369 (8)
1105 4300 1254 4355 Suscitavit
1277 4298 1357 4355 nobis
1391 4299 1581 4356 ‹iduersurium
1611 4300 1756 4356 Nouatum.
1781 4296 1830 4354 lie·

130 4372 216 4443 cujus
235 4370 343 4426 ibidem
371 4370 637 4435 marilianemtarit,
663 4368 957 4441 hancesseideaque
1011 4378 1096 4426 vatus
1113 4370 1167 4425 luit
1186 4369 1325 4425 stricare
1341 4369 1473 4426 Ecclesia
1493 4372 1660 4445 episcopus,
1689 4372 1740 4443 qui
1767 4367 1830 4426 reti·

129 4442 396 4499 immeritodelide
423 4446 452 4497 et
481 4443 654 4497 atteteritate
681 4439 775 4495 taxari
797 4444 877 4512 puto.
894 4458 957 4512 quae
1011 4441 1334 4498 eisslmumdiseonum
1356 4442 1621 4499 etscbismatieum
1637 4442 1828 4499 Montensittm

130 4514 340 4585 probetelidei
359 4518 461 4568 testem
486 4515 695 4583 Hieronymum
713 4512 818 4581 adepta
846 4516 900 4580 est,
928 4520 958 4568 et
1011 4513 1162 4585 (mediati,
1185 4514 1262 4585 quod
1278 4512 1393 4569 sectarii
1424 4513 1500 4570 illius
1525 4516 1555 4570 in
1583 4519 1677 4570 moute
1704 4512 1831 4571 eonveni-

129 4586 216 4656 cujus
230 4584 340 4654 scripta
354 4603 420 4640 curu
431 4602 526 4641 rerum
538 4585 661 4641 historia
671 4583 855 4639 conveniunt.
874 4584 956 4649 Quod
1010 4588 1086 4656 reat)
1101 4591 1260 4648 auctorem.
1277 4583 1366 4641 invita
1381 4584 1523 4657 Cypriane
1537 4586 1735 4655 ordinaverat,
1758 4590 1787 4641 et
1798 4582 1829 4639 ed

128 4660 378 4713 veroseaetorom
405 4673 557 4728 corporum
587 4657 662 4711 l’etri
679 4660 707 4710 et
727 4654 809 4710 Pauli
836 4671 851 4710 e
878 4660 955 4711 cata·
1009 4655 1140 4711 schisma
1154 4655 1499 4727 eonllsadum,ejusdem
1510 4658 1575 4713 odio
1586 4661 1616 4714 et
1627 4656 1750 4721 invidie.
1760 4659 1830 4713 ente·

128 4727 245 4784 cumbis
271 4728 493 4783 translationem
517 4727 650 4785 Cornelio
687 4725 830 4795 attribuit,
862 4726 891 4780 id
921 4742 955 4782 ex
1011 4726 1830 4803 signanusexstiterit:qualisautemiuerit.cpprienas

129 4800 197 4856 libri
211 4798 385 4869 Pontificelir
400 4800 549 4855 erroribus
564 4800 593 4853 in
610 4798 685 4852 bane
700 4796 853 4867 epistolum
871 4814 955 4853 men·
1009 4800 1095 4870 epist.
1111 4816 1176 4854 xntx
1191 4798 1237 4854 his
1251 4798 1347 4854 verbis
1361 4798 1507 4856 declarat:
1527 4805 1567 4857 De
1593 4800 1695 4857 Nouato
1707 4798 1787 4857 nteit
1798 4796 1829 4853 at

127 4871 198 4927 doec
212 4870 377 4944 irrepsisse,
391 4872 539 4943 probabile
550 4885 614 4925 esse
630 4870 764 4923 videtur:
783 4885 850 4923 nam
866 4886 899 4923 ea
911 4887 955 4925 vs·
1008 4886 1057 4927 aas
1080 4871 1175 4943 suerat
1197 4870 1394 4935 inperitantem,
1423 4888 1484 4927 cust
1504 4873 1592 4941 irrepis
1604 4888 1657 4945 per
1684 4888 1734 4927 taos
1760 4870 1830 4926 aare

127 4942 405 5014 riasprimosrreulo
416 4941 502 5014 paulo
515 4942 717 5014 postipsurum
730 4939 894 5010 passionem
909 4956 954 4996 ee·
1007 4941 1102 4997 delicet
1126 4942 1247 4998 Neruius
1280 4942 1400 5007 aruitdi,
1434 4960 1531 4998 rerum
1567 4960 1702 5000 nouarum
1729 4956 1830 5013 tempu

126 5015 214 5071 curiit.
231 5020 264 5068 ut
278 5014 446 5068 testimonio
463 5014 555 5068 sancti
566 5011 694 5083 Gregorii
705 5010 852 5081 pontilicis
864 5028 955 5083 supra
1007 5014 1135 5085 repetitus,
1171 5013 1303 5070 orraritr'ar
1337 5013 1498 5084 inexplebili
1521 5017 1678 5086 rapacitate
1700 5014 1829 5085 fariber-

126 5086 361 5143 demonstratum
379 5089 433 5140 est.
461 5084 560 5140 Sarna.
577 5080 806 5139 Brutus-Han
834 5081 952 5150 falsum,
1008 5084 1065 5149 bus,
1083 5089 1137 5141 ete.
1162 5084 1237 5141 Sede
1262 5086 1433 5141 vacantsad
1458 5087 1644 5143 evertendam
1673 5087 1829 5142 Romanam

127 5174 224 5229 aeque
245 5154 323 5211 caim
338 5154 513 5228 quisquilias
530 5157 602 5211 istas
620 5169 751 5226 unquam
767 5152 839 5208 vidit
853 5153 953 5212 lliero·
1009 5156 1166 5212 llerlusiam
1192 5155 1314 5211 Romam
1330 5154 1657 5227 veniens,Novatianum
1672 5158 1829 5215 Romanum

127 5244 247 5302 aymus.
265 5226 428 5282 Translatio
451 5232 618 5283 senatorum
640 5240 795 5297 corporum
820 5224 897 5281 Petri
924 5232 953 5283 et
967 5240 991 5304 Ι)
1007 5230 1222 5311 presbyterum,
1238 5226 1314 5283 male
1337 5228 1366 5282 in
1383 5229 1547 5287 Cornelium
1569 5230 1640 5287 vitio
1665 5224 1831 5286 ambitionis

126 5297 371 5424 P⁸'¹¹⁵'pl¹¹⁰¹¹‘¹⁰?
387 5298 516 5354 Novatus
530 5300 598 5370 qtris
613 5302 642 5353 et
656 5294 772 5369 qualis?
790 5297 869 5354 luna.
1006 5305 1181 5365 animatum,
1201 5299 1300 5354 serius
1311 5298 1341 5354 in
1355 5314 1422 5355 eum
1438 5300 1573 5375 impellit,
1588 5318 1622 5359 ee
1638 5302 1718 5375 quad
1733 5300 1832 5359 Corne·

163 5372 199 5443 (lt
250 5384 280 5425 ec
301 5387 320 5424 a
346 5370 490 5439 frmitibus.
528 5371 653 5427 Sanctae
696 5368 853 5433 Gregorius
884 5369 951 5440 tipi-
1007 5371 1214 5437 lius‚iratrum
1233 5387 1353 5427 suorum
1379 5373 1514 5437 coasilio,
1535 5374 1713 5445 prenitentes
1739 5372 1832 5445 lapsos

127 5441 272 5504 stoblll,
287 5440 338 5497 lib.
355 5460 406 5499 vu.
424 5443 492 5499 Vide
507 5444 589 5501 otttt.
603 5441 654 5497 lib·
675 5458 736 5495 vm.
754 5440 834 5495 Lana.
1007 5446 1037 5499 iu
1072 5442 1228 5499 Ecclesiam
1260 5442 1420 5514 reciperet;
1441 5460 1508 5500 cum
1533 5450 1633 5502 mmeo
1668 5444 1766 5501 sirice
1787 5450 1833 5517 Cy·

163 5516 201 5586 (5)
211 5518 347 5571 llotrenae
369 5516 490 5571 tucior.
508 5517 569 5572 Ado
584 5514 614 5568 ia
636 5510 854 5568 Clu·auiceetin
879 5510 954 5565 Mur·
1031 5514 1111 5569 riona
1142 5518 1335 5569 sacrosancte
1370 5513 1507 5570 Ecclesiae
1548 5516 1791 5573 outrtmaoionem
1820 5528 1836 5569 ι

125 5586 250 5667 protopio
261 5584 296 5641 iis
308 5586 420 5643 similia
436 5588 550 5657 scribit,
563 5584 809 5661 quaretelluatur
819 5598 836 5639 a
846 5584 948 5641 salicta
1008 5532 1101 5663 lapsis
1116 5584 1249 5659 petitam,
1275 5584 1323 5643 illa
1338 5585 1490 5645 silverium
1506 5592 1629 5669 tempus
1643 5588 1837 5647 dillerendttttt
