3892 6104
106 284 184 347 1381
580 276 684 339 PARS
706 276 746 339 ll.
761 310 801 321 -
814 272 1095 337 RECENTIORUM
1118 270 1337 336 excursus
1734 282 1813 343 4382

107 416 304 490 congruentes
320 405 933 485 appellatlitterasconfessorum,inquibus
947 406 975 475 A
990 420 1113 461 munera
1127 419 1161 462 ae
1171 404 1248 460 dena
1262 402 1394 461 ltcelesie
1402 403 1702 479 Matrisimplorant.a
1720 412 1814 477 Quare

107 505 261 578 lapsorum
285 498 492 575 penitentium
517 498 636 555 nomina
666 496 829 555 seeundum
843 494 935 551 eccle·
988 509 1058 568 erge
1073 494 1234 567 Cyprianus
1257 493 1287 548 in
1303 510 1393 550 cauea
1406 492 1594 567 baptismatis
1609 496 1814 557 hereticorum

108 592 261 653 siastieem
301 588 543 646 consuetudinem
574 586 833 660 designabantur:
858 606 873 635 α
902 584 937 637 aa
989 582 1200 639 consrietudinc
1214 582 1463 655 proscribendum
1480 600 1539 641 nen
1555 601 1619 643 esse
1642 586 1816 645 contendit?

110 684 188 752 1030,
206 678 381 751 „inquieto
399 677 487 750 epist.
512 677 555 744 l5,
573 676 610 733 cd
629 675 760 749 ltertprcs
782 677 810 731 et
827 673 937 743 caeses·
991 669 1215 743 Quia,inquit«
1234 688 1320 727 nome
1349 671 1539 744 pertinaciter
1566 676 1704 749 congredi
1730 677 1816 735 debet

110 788 194 839 gom,
211 792 226 821 a
243 772 309 844 poto
326 771 359 823 ut
373 782 423 823 eos
438 766 560 840 (lapsos)
571 781 647 837 quos
660 765 717 839 ipsi
734 762 847 831 videtis,
864 777 939 836 quos
991 777 1044 834 pre
1059 759 1182 833 eoquod
1195 759 1285 817 semel
1310 760 1480 831 imbibebat,
1496 765 1614 837 quando
1629 765 1741 839 aliquid
1758 784 1818 825 me·

111 860 220 929 nostis,
250 872 376 929 quorum
402 854 602 930 penitentiam
627 852 819 911 satisfactioni
843 850 939 924 prexi-
993 848 1051 907 lius
1066 853 1096 906 et
1111 848 1212 905 utilius
1239 850 1368 905 offertur.
1389 872 1404 901 o
1428 851 1515 907 Suam
1544 869 1610 911 vero
1638 856 1674 911 ds
1689 854 1816 931 rebapti-

112 965 192 1009 mam
203 944 385 1020 conspicitis,
410 943 570 1019 designetis
599 943 772 1001 nominatim
787 940 895 1009 libello,
912 942 942 997 et
993 937 1817 1019 randishaereticisepinionemetprarim,tanquamquid

112 1038 208 1097 siead
242 1052 295 1093 nos
315 1034 383 1090 fidei
409 1036 602 1107 congruentes
625 1032 737 1089 litteras
759 1030 904 1105 dirigatis.
924 1048 940 1081 »
995 1027 1146 1086 meliuset
1169 1026 1272 1083 utilius
1296 1043 1360 1084 esse
1387 1028 1582 1103 recipiendam
1614 1033 1718 1104 probat
1736 1050 1819 1095 exeo

112 1127 162 1186 sio
184 1126 253 1183 fidoi
282 1128 492 1197 congruentem
512 1125 597 1179 vocnt
633 1138 718 1178 suem
750 1137 820 1195 erga
845 1118 942 1191 lapsos
997 1116 1074 1191 qued
1090 1116 1216 1171 heretici
1245 1115 1442 1191 intelligentes
1465 1118 1760 1197 baptismaleris(id
1775 1128 1822 1183 est

114 1215 219 1291 egendi
245 1214 401 1278 rationem,
424 1210 536 1269 seilicet
562 1209 641 1283 quod
667 1210 757 1284 lapsis
776 1226 876 1284 pacem
893 1208 944 1264 dc·
997 1210 1078 1264 extra
1093 1202 1262 1277 Ecclesiam)
1282 1203 1396 1263 nullum
1418 1223 1493 1275 esse,
1523 1211 1689 1283 Promptius
1714 1229 1746 1269 ac
1761 1212 1821 1270 aui·

114 1305 192 1363 derit
221 1302 396 1358 imminente
421 1300 622 1374 perseeutione
643 1318 650 1357 :
673 1321 688 1351 (ι
705 1299 775 1365 Non,
802 1321 816 1348 o
845 1295 946 1373 inquit
999 1295 1066 1352 dius
1080 1294 1117 1351 ad
1130 1292 1264 1351 Ecclesiae
1278 1294 1420 1353 unitatem
1433 1297 1579 1355 redibunt.
1591 1302 1633 1357 An
1649 1316 1718 1375 erge
1733 1301 1822 1359 lldem

114 1392 247 1464 inopiot.
263 1391 364 1458 57,ed
393 1389 553 1446 Cornelium
578 1388 608 1445 S.
639 1389 811 1459 Pontificem,
828 1411 843 1439 o
867 1390 945 1462 quod
1000 1384 1332 1457 aliquatenusspeelare
1359 1387 1496 1443 censebat
1519 1389 1643 1447 antistes
1672 1391 1826 1465 Cartbagi-

116 1484 224 1542 lldeiet
235 1479 371 1537 charitati
395 1484 425 1535 et
453 1478 646 1535 sollicitudini
676 1479 866 1552 congruebat,
882 1494 947 1552 ques
1001 1473 1102 1531 nensis
1131 1474 1208 1547 qiiod
1238 1474 1304 1531 aliis
1331 1476 1481 1549 ollcrcbat,
1512 1482 1544 1535 ut
1571 1480 1641 1551 quid
1668 1480 1774 1537 melius
1798 1484 1827 1538 st

117 1576 202 1631 erant
217 1572 247 1627 in
263 1568 441 1626 conscientia
452 1567 747 1642 nostroprotulimus.
765 1572 829 1624 »lix
840 1569 948 1641 quibus
1002 1561 1218 1630 utiliuleued
1236 1564 1271 1619 ab
1283 1564 1349 1621 aliis
1366 1566 1487 1639 antiqua
1506 1570 1717 1626 consuetudine
1745 1574 1827 1643 pest·

118 1661 434 1737 apertissimeeonstat
448 1674 506 1713 non
537 1658 625 1715 modo
651 1657 681 1713 in
707 1674 795 1715 sensu
813 1657 896 1715 obvio
921 1661 950 1714 st
1003 1651 1621 1725 positaeuscipiendumesseecnlcndebat,
1645 1661 1677 1713 ut
1700 1657 1828 1716 baeretici

120 1750 258 1818 nummu,
270 1749 321 1806 ,ed
334 1749 423 1805 ,piam
439 1747 468 1803 pn
491 1746 591 1820 phrasi
607 1747 778 1822 cypriam
793 1749 829 1804 ad
854 1747 949 1819 capito
1004 1740 1373 1814 promptiusaeavidiusad
1383 1742 1524 1800 unitatem
1536 1745 1668 1803 llcclesle
1677 1746 1829 1805 redirent?

119 1839 293 1913 disciplima,
309 1855 365 1894 non
384 1842 479 1893 autem
497 1838 532 1893 ad
549 1836 615 1892 fidei
646 1837 784 1910 dogmata
808 1836 947 1908 revocari,
1003 1829 1083 1886 Itane
1099 1829 1194 1902 urgeri
1212 1828 1331 1886 salente
1346 1830 1457 1888 sanctis
1474 1832 1609 1891 Patribus
1627 1836 1694 1891 ddci
1709 1836 1829 1909 capita?

120 1946 186 2004 que
198 1933 313 1985 tantum
324 1926 463 1981 dicuntur
480 1925 545 1981 lldei
557 1926 758 1999 congruentia,
780 1930 809 1983 et
823 1926 858 1984 ad
883 1940 948 1982 eam
1002 1917 1379 1991 Suscipiendunedicuntur
1394 1926 1427 1977 ut
1441 1919 1511 1994 quid
1528 1922 1635 1981 melius
1656 1928 1685 1983 et
1700 1925 1801 1983 utilius
1817 1926 1829 1983 l
1909 1974 1912 1979 .

121 2017 218 2093 magis
233 2014 416 2091 pertinentia.
1002 2011 1035 2062 ln
1048 2007 1135 2064 rebus
1146 2006 1212 2064 fidei
1224 2006 1343 2066 nullane
1358 2008 1437 2067 illius
1453 2012 1531 2084 quod
1557 2011 1587 2068 iu
1613 2014 1743 2072 llcelesla
1756 2014 1831 2073 antl-

161 2141 208 2199 ΠΙ.
222 2140 303 2206 Quod
319 2136 402 2196 Deus·
420 2135 505 2195 alicui
532 2137 663 2195 fidelium
691 2139 810 2212 revolat,
826 2140 951 2212 inspirat
1005 2097 1107 2199 pullus
1121 2098 1293 2153 servabatur
1307 2098 1441 2155 habenda
1456 2101 1529 2158 ratio
1539 2101 1553 2157 l
1564 2102 1655 2167 Ouum
1666 2104 1830 2163 becaliena

123 2236 268 2304 mquam
283 2228 354 2301 quid
370 2225 564 2299 meliug'quid
578 2227 688 2297 utilius,
701 2232 843 2301 tunquam
858 2229 953 2285 effica-
1005 2203 1036 2242 1n
1052 2186 1139 2241 rebus
1155 2185 1233 2256 lidei,
1249 2190 1309 2243 tam
1331 2188 1361 2243 in
1382 2189 1470 2245 robus
1495 2190 1655 2263 discipline
1678 2192 1831 2252 eeclesias·

125 2319 237 2379 eiusad
252 2316 580 2375 hereticosexeituudos
596 2326 627 2373 ut
646 2318 682 2373 ad
712 2316 844 2375 Ecclesiae
860 2319 954 2375 unita·
1005 2274 1069 2330 fi⁰ae
1084 2290 1149 2331 ⁰⁸⁸⁶
1177 2280 1327 2341 ωῃωῦω·
1350 2276 1493 2351 ³99⁰⁸it⁸2
1519 2295 1552 2334 ⁰⁰
1573 2282 1775 2383 ⁰⁰¹¹ssfu⁰¹lliJ·
1800 2287 1833 2340 ¹¹2

126 2417 187 2467 tom
210 2408 331 2465 ,edem
372 2409 427 2463 ho,
456 2421 566 2463 mmm
595 2410 680 2463 sonat
707 2408 900 2464 oeconomiam
920 2423 954 2463 ω
1006 2364 1220 2420 tantumdoect
1238 2368 1398 2436 auctorem,
1422 2366 1504 2423 nulle
1524 2367 1834 2445 laborecencrprmus.

332 2450 342 2474 9

126 2496 327 2571 disciplinam,
344 2496 513 2552 nullatenus
526 2512 594 2553 vere
622 2496 690 2552 lldsi
720 2498 837 2570 dogma.
865 2497 954 2553 Porro
1045 2494 1091 2549 IV.
1108 2494 1149 2549 Ad
1167 2493 1524 2567 disciplinscepite,nen
1541 2498 1577 2553 ad
1607 2500 1674 2556 fidei
1695 2500 1834 2573 dogmata

127 2590 160 2647 Β.
175 2586 337 2661 Cyprianus
354 2602 438 2641 suum
454 2585 489 2642 de
512 2585 656 2642 hereticis
669 2586 883 2658 rebaptizandis
893 2585 955 2659 epi·
1009 2587 1192 2652 revocantur,
1204 2598 1269 2654 quae
1283 2583 1370 2639 certis
1386 2586 1541 2656 provinciis
1556 2592 1626 2643 sunt
1641 2590 1835 2663 propriaque

127 2673 413 2747 niouemetpraxim
435 2674 560 2747 entique
590 2674 723 2731 Ecclesia
750 2674 956 2732 consuetudini
1010 2669 1121 2729 abillis
1146 2671 1248 2727 meritc
1277 2671 1394 2727 retineri
1425 2690 1509 2745 posse
1534 2675 1695 2733 eraduntur
1713 2677 1833 2750 quande

131 2765 363 2840 praeponendum
379 2762 530 2819 contendit
545 2767 686 2836 tanquam
716 2762 828 2835 aliquid
854 2781 871 2819 a
899 2764 958 2821 Dee
1011 2758 1100 2818 semel
1116 2760 1193 2832 apud
1209 2760 1289 2831 ipsas
1308 2768 1450 2835 usurpata
1474 2763 1575 2831 luere3
1591 2765 1664 2821 lidos
1679 2766 1758 2823 enim
1774 2783 1833 2825 non

129 2854 311 2927 quibusdam
337 2851 513 2924 inspiratum
539 2856 571 2907 ut
605 2852 710 2909 melius
738 2859 767 2909 et
788 2852 900 2921 utilius,
926 2855 958 2908 ut
1011 2848 1123 2905 univel
1143 2847 1228 2904 ¹alteri
1257 2848 1432 2921 propriaest
1459 2852 1624 2924 provincio),
1652 2856 1703 2910 sed
1732 2855 1835 2913 eadem

131 2942 230 3017 magis
259 2940 389 2998 alliciens
416 2940 568 2997 hereticos
592 2942 628 2996 ad
653 2939 788 2997 Ecclesiae
813 2941 957 2997 unitatem
1012 2937 1121 3011 ubique
1132 2936 1309 2994 eleuanibus
1324 2938 1479 3010 provinciis
1502 2940 1656 2998 catholicis
1670 2944 1837 3001 eommunis

131 3031 390 3105 amplectendnm3
417 3046 452 3085 eu
476 3030 564 3086 verba
587 3030 723 3103 Cypriani
747 3030 777 3087 ln
805 3028 895 3103 Epist.
922 3031 956 3085 71
1012 3026 1175 3085 essedebet
1191 3043 1197 3082 :
1214 3049 1229 3077 «
1246 3027 1356 3100 Regula
1375 3029 1452 3096 tidei,
1482 3028 1578 3102 inquit
1601 3030 1712 3088 Tertul.
1737 3032 1789 3089 lib.
1804 3034 1840 3091 de

130 3120 334 3193 edQuietem:
359 3138 370 3167 ι
395 3118 457 3175 Nou
486 3121 532 3174 est
555 3124 652 3175 autem
682 3118 717 3174 de
746 3120 997 3217 eonsuetudinec
1019 3118 1136 3187 Virgine.
1150 3116 1269 3185 veland,
1285 3118 1404 3174 omnine
1420 3124 1541 3187 unaest,
1558 3120 1620 3177 sela
1634 3120 1796 3179 immobilis
1809 3128 1840 3180 et

133 3208 397 3283 praescribendum,
408 3208 459 3263 sed
477 3207 588 3263 ratione
606 3208 783 3264 vincendum
799 3228 806 3278 ;
823 3225 891 3265 nam
907 3225 960 3265 nee
1016 3203 1248 3261 irreformabilis.
1266 3228 1281 3255 υ
1298 3204 1424 3261 Aliunde
1447 3208 1525 3279 quod
1556 3208 1585 3263 in
1601 3210 1757 3281 provinciis
1772 3212 1838 3284 qui·

133 3303 240 3355 Petrus
261 3313 349 3370 quem
380 3296 508 3369 primum
542 3298 683 3353 Dominus
706 3295 794 3370 elegit
817 3301 847 3354 et
873 3314 963 3370 super
1018 3293 1143 3349 busdam
1160 3297 1329 3365 usurpatur,
1347 3300 1432 3349 senat
1447 3294 1561 3367 praxim
1576 3313 1610 3353 ac
1637 3296 1838 3371 disciplinam,

134 3403 226 3461 quem
258 3386 410 3442 edificavit
457 3384 616 3442 llcelesiam
654 3402 750 3457 suam,
779 3403 847 3442 cum
877 3403 963 3443 secus
1017 3382 1342 3455 nonverelldem‚que
1361 3386 1493 3455 usurpari
1508 3402 1564 3441 non
1577 3386 1839 3456 dieitur3tandsm

135 3476 242 3533 1828
255 3474 361 3531 Paulus
381 3475 418 3531 de
438 3474 662 3532 circumcisione
690 3476 878 3549 postmodum
902 3476 962 3532 dis·
1016 3471 1045 3526 in
1062 3472 1149 3527 rebus
1165 3469 1232 3527 lldei
1243 3470 1350 3527 lelsum
1366 3477 1410 3528 est
1425 3472 1480 3529 boe
1493 3473 1680 3548 principium,
1692 3476 1769 3548 qued
1784 3476 1841 3533 ali·

136 3569 288 3639 putarent,
305 3563 963 3636 vindicaviteibialiquidinsolenterauterre·
1017 3560 1088 3633 quid
1104 3559 1208 3615 merito
1227 3560 1345 3616 retineri
1371 3562 1463 3632 possit
1490 3580 1524 3619 ee
1553 3564 1720 3638 ipso,qued
1750 3564 1841 3624 semol

133 3658 241 3727 gauter
255 3651 428 3724 assumpsit,
446 3658 479 3707 ut
494 3651 602 3708 diceret
624 3669 656 3709 se
683 3652 842 3727 primatum
866 3658 963 3711 tenere
1017 3656 1192 3724 usurpatum
1209 3651 1276 3718 suit,
1299 3652 1428 3725 alioquin
1450 3655 1548 3712 182⁰
1565 3656 1721 3713 dicendum
1738 3657 1844 3716 lerata

133 3747 167 3799 et
182 3740 379 3814 obtemperari
409 3739 567 3797 anevellia
596 3745 624 3797 et
653 3741 848 3815 pesterissibi
865 3742 963 3815 potius
1017 3740 1196 3812 quibusdam
1224 3740 1377 3798 Germanis
1404 3744 1562 3816 provinciis
1591 3745 1694 3803 merite
1723 3746 1843 3804 retineri

133 3834 281 3902 oportere,
298 3843 352 3883 nee
367 3827 499 3900 despexit
515 3826 866 3900 Paulumquodlleelesiae
881 3828 964 3901 prius
1018 3828 1183 3885 Lutberana
1206 3828 1323 3903 placita,
1340 3833 1411 3905 quia
1429 3834 1519 3889 semel
1547 3834 1623 3907 apud
1638 3850 1688 3891 ees
1704 3840 1844 3909 usurpata

135 3921 308 3991 persecutor
320 3916 434 3987 luisset,
450 3918 501 3973 aed
517 3916 673 3973 consilium
684 3916 813 3973 veritatis
832 3917 962 3984 admisit,
1018 3918 1147 3987 luerunt,
1163 3919 1240 3991 quod
1261 3924 1358 3975 tamen
1387 3920 1563 3992 principium
1591 3922 1623 3978 in
1651 3923 1739 3979 rebus
1754 3940 1840 3981 mere

134 4012 168 4063 st
182 4004 287 4061 rationi
302 4006 437 4079 legitimus
453 4022 541 4077 quam
567 4005 675 4062 Paulus
690 4006 856 4063 vindicabat
880 4006 964 4063 lacile
1018 4006 1257 4079 disciplinaejure
1281 4008 1386 4064 merito
1401 4010 1508 4081 seprius
1525 4011 1619 4079 urgeri
1637 4017 1741 4085 potest.
1753 4012 1841 4071 Perre

134 4096 299 4163 consensit,
311 4096 520 4153 decernentum
536 4095 647 4152 seilicet
662 4094 747 4151 nubis
762 4098 791 4151 et
805 4094 964 4152 concordie
1018 4095 1048 4151 S.
1078 4094 1219 4169 Cyrianus
1255 4113 1338 4153 suam
1377 4098 1413 4153 da
1447 4099 1662 4170 rebaptizandis
1700 4099 1844 4159 hereticis

135 4180 489 4257 etpulientiaetribuens,
516 4191 549 4241 ut
573 4200 630 4240 nun
654 4184 842 4258 pertinaciter
865 4188 966 4241 nostra
1020 4182 1131 4258 praxim
1144 4186 1220 4242 inter
1234 4202 1268 4241 ca
1285 4191 1425 4254 recenset,
1456 4204 1520 4259 quae
1549 4187 1637 4245 certis
1665 4188 1845 4263 quibusdam

136 4289 286 4340 amemus,
302 4274 354 4329 sed
369 4290 434 4346 quar
446 4272 603 4346 aliquando
615 4291 633 4330 a
647 4274 786 4331 iratribus
801 4278 829 4330 et
845 4274 966 4347 collegis
1021 4274 1177 4346 provinciis
1191 4277 1261 4330 sunt
1271 4274 1398 4347 propria,
1416 4292 1514 4349 queve
1527 4277 1633 4334 merite
1647 4277 1768 4335 retineri
1782 4296 1849 4353 pes-

137 4364 250 4421 noslris
273 4362 383 4420 utiliter
406 4368 435 4419 et
458 4362 615 4419 salubriter
637 4370 836 4438 suggeruntur
855 4368 883 4420 et
906 4364 968 4421 sint
1020 4367 1090 4419 eunt
1104 4380 1138 4417 eo
1153 4363 1303 4435 ipsoquod
1321 4366 1398 4437 apud
1414 4364 1683 4423 eassemellueriut
1699 4372 1847 4442 usurpata,

136 4468 209 4509 vera
222 4456 252 4507 et
266 4451 408 4525 legitima,
425 4452 489 4525 ipse
512 4452 610 4525 petius
625 4458 725 4510 nilstra
741 4454 902 4521 ducemus;
919 4452 967 4510 eui
1022 4451 1064 4507 eie
1078 4452 1156 4507 enim
1174 4452 1304 4524 loquitur
1318 4454 1348 4508 iu
1364 4454 1451 4527 epist.
1466 4455 1502 4509 72
1514 4454 1550 4511 ed
1558 4455 1726 4529 Stephanum
1739 4457 1767 4514 S.
1775 4458 1849 4515 Peu-

138 4524 1122 4615 reiPaulusquoqueprespiciensinllplstelusuapusuitDtificcm
1145 4558 1180 4597 :a
1210 4541 1276 4597 llaec
1308 4544 1403 4615 (gesta
1430 4560 1535 4616 nempe
1564 4546 1593 4600 in
1622 4545 1745 4603 concilio
1772 4546 1852 4603 atri·

139 4628 243 4685 dicens
259 4646 290 4686 :a
303 4629 451 4701 Propheta
465 4631 627 4687 auterndue
638 4635 689 4686 aut
703 4637 762 4687 tres
777 4631 972 4703 loquanturet
1026 4646 1098 4686 cane
1110 4646 1161 4703 pro
1175 4632 1389 4702 rebaptizandis
1405 4631 1559 4706 hereticis)
1587 4634 1623 4691 ad
1640 4636 1849 4693 censcientiam

139 4716 237 4773 ceteri
256 4717 598 4787 examinent;siautem
625 4718 675 4775 alii
704 4718 863 4776 revelatum
883 4718 972 4776 luerit
1024 4723 1117 4785 tuam,
1136 4719 1466 4787 tratereberissime,et
1493 4739 1546 4795 pro
1575 4722 1685 4781 honere
1699 4723 1851 4781 communi

140 4804 699 4880 sedenti,illepriortaceut:›1quain
725 4808 921 4881 partedocuit
943 4811 973 4864 et
1025 4812 1055 4863 el
1088 4823 1138 4880 pro
1168 4808 1295 4879 simplici
1331 4809 1486 4867 dilectione
1519 4813 1705 4884 pertulimus,
1728 4812 1851 4869 creden-

141 4894 273 4951 ostendit
288 4893 381 4951 mulla
393 4896 512 4967 tingetis
527 4897 661 4953 inmeliua
676 4896 808 4963 revelari,
823 4902 853 4953 et
867 4898 972 4953 debere
1026 4898 1070 4951 tes
1086 4894 1173 4949 atium
1190 4895 1242 4951 tibi
1272 4912 1324 4968 pro
1348 4895 1499 4971 religionis
1533 4903 1589 4953 luae
1625 4904 1655 4955 et
1691 4900 1758 4955 lldci
1777 4898 1851 4955 veri-

143 4999 386 5055 unumquomque
402 5002 458 5041 non
476 5002 527 5058 pro
553 5002 587 5042 co
614 5000 674 5059 que
694 4985 784 5042 semel
804 4986 970 5059 imbiberat,
1026 4986 1086 5036 tate
1100 4981 1227 5054 placere,
1243 5000 1306 5056 que
1331 4981 1463 5055 religiosa
1491 4988 1600 5058 pariter
1623 4990 1652 5042 el
1674 5002 1742 5043 vera
1770 4990 1851 5043 sunt.

141 5076 174 5129 et
187 5072 306 5127 tenebat
316 5072 503 5143 pertinaciter
517 5072 667 5147 congredi,
678 5072 728 5128 sed
754 5072 972 5145 siquidmelius
1026 5074 1165 5126 Caeterum
1195 5072 1307 5129 scimus
1335 5074 1477 5145 quosdam
1506 5074 1583 5147 quod
1617 5074 1706 5131 semel
1729 5074 1852 5132 imbibe-

141 5159 447 5229 etstiliacexstiterit,
470 5160 596 5217 libenter
619 5161 779 5235 arupleeti;
810 5178 867 5217 nen
892 5162 972 5219 enim
1027 5158 1087 5215 rint
1102 5160 1178 5216 nelle
1192 5160 1345 5232 deperiere,
1363 5178 1415 5218 nee
1444 5164 1626 5235 propesitum
1655 5177 1742 5219 suum
1767 5162 1852 5221 facile

141 5249 301 5318 vincimur,
318 5250 436 5321 quando
451 5250 615 5305 efferuntur
629 5250 839 5306 nobismcliorc
850 5268 857 5307 :
868 5273 882 5300 a
898 5255 928 5309 et
942 5251 972 5310 in
1027 5252 1152 5320 mutare,
1164 5250 1213 5305 sed
1231 5249 1311 5305 salve
1327 5250 1404 5307 iuter
1418 5251 1545 5323 collegas
1569 5250 1650 5325 pacis
1674 5254 1703 5307 et
1729 5265 1851 5307 concor-

143 5341 238 5413 Bplst.
251 5340 297 5411 75,
310 5339 348 5395 cd
361 5340 491 5396 luboino.
510 5357 517 5400 ;
534 5362 548 5389 o
564 5340 650 5396 Porro
666 5343 774 5408 outoni,
790 5340 972 5413 ioquit‚oum
1027 5336 1081 5393 diae
1098 5337 1217 5394 vincula
1237 5338 1362 5412 amdam
1389 5344 1508 5414 propria
1531 5355 1593 5413 qum
1612 5340 1690 5413 apud
1713 5354 1744 5395 cc
1768 5340 1851 5398 senet

144 5428 276 5487 haeretiei
296 5432 478 5503 cognoscunt
501 5428 647 5502 baptisma
667 5427 782 5485 nullum
802 5429 873 5485 foris
896 5446 971 5500 esse,
1026 5429 1374 5499 aintmerpeteretiacrc,
1391 5447 1450 5503 qua
1469 5430 1499 5487 iu
1514 5447 1545 5487 re
1568 5446 1621 5487 nec
1651 5428 1777 5487 nosvim
1793 5430 1853 5488 eui·

145 5534 202 5576 nea
225 5516 380 5577 remissam
405 5522 590 5593 peecatorum
614 5521 695 5575 extra
722 5516 878 5576 Ecclesiam
909 5520 973 5577 dari
1028 5532 1117 5591 quam
1134 5517 1258 5575 iacimus
1272 5522 1325 5577 eut
1339 5519 1431 5593 legem
1439 5521 1557 5578 damus.
1574 5519 1690 5577 »Nemo
1703 5536 1761 5577 neu
1776 5520 1856 5579 ridet

143 5622 246 5693 pesse,
260 5607 376 5667 avidius
390 5608 426 5669 ad
453 5623 508 5665 nes
532 5611 562 5665 at
589 5606 754 5680 promptius
772 5613 931 5685 properant
943 5612 973 5667 et
1026 5607 1260 5685 Cyprianumbic
1274 5608 1637 5689 Stephanesignillearesa
1652 5607 1854 5671 laeileabena-
