3900 6112
161 298 222 369 819
819 304 852 369 S.
876 302 1059 367 CORNELII
1079 298 1209 365 PAPAE.
1815 288 1879 359 Μ

162 434 206 495 tui
230 434 343 493 truolas
358 430 466 509 capias,
483 431 565 491 nulla
588 432 624 492 de
648 433 803 497 arboribus
826 454 914 513 poma
936 436 990 495 de·
1005 438 1032 507 Α
1047 432 1204 493 aeclesiam
1219 448 1304 491 suam
1319 430 1342 469 ¹¹
1359 432 1500 489 venturus
1514 428 1551 487 de
1565 425 1624 487 illls
1638 426 1741 503 ulique
1754 442 1835 501 quos
1847 426 1881 485 iri

164 543 305 600 carpes·
325 524 376 581 val
392 523 416 581 si
431 524 456 581 ai
472 525 518 581 rui
539 525 692 583 dominam
716 530 774 597 (74)
793 531 821 584 et
835 544 921 585 usum
939 544 993 583 na·
1047 543 1081 583 oa
1097 525 1176 581 intus
1192 524 1248 595 (75)
1264 521 1405 579 invenerit
1422 520 1578 594 judicabit.
1596 520 1738 591 lpostale
1761 532 1833 575 vero
1851 520 1884 573 et

164 615 244 672 rium
263 617 285 652 ¹¹
299 615 427 672 suadens
442 614 563 671 dicasza
576 615 727 672 Materiam
739 618 774 673 de
784 617 993 674 excellentibus
1047 612 1265 678 desei·tores,rcl
1282 610 1441 667 adversarii
1456 614 1484 666 el
1498 609 1598 666 hostes
1614 611 1644 665 et
1657 606 1767 665 Christi
1782 604 1883 663 Eccle-

166 704 256 781 sylris
280 720 422 771 mersare,
448 703 553 771 trater3
575 705 705 762 carinam
731 706 753 742 ¹¹
775 704 938 780 prevalidis
966 709 996 760 et
1048 702 1122 758 siam
1136 702 1324 773 dissipantes,
1339 716 1390 756 nec
1406 700 1430 755 si
1446 698 1657 770 occisi(75)pro
1672 693 1883 753 nominatoria

70 828 75 842 ·
167 794 269 851 alantis
293 792 448 849 roboribus
472 792 578 858 intexe,
603 794 693 861 clavo,
711 796 841 863 funibus,
866 794 947 861 ielis,
963 796 995 850 ut
1049 790 1167 863 luerint,
1183 788 1310 856 admitti,
1325 789 1489 845 secundani
1504 785 1688 859 Apostolum,
1700 788 1829 859 possunt
1843 787 1882 839 ad

167 882 325 939 fabricetur
339 886 429 953 alque
444 885 574 937 armetur
589 883 681 951 naris,
699 900 839 957 operare;
860 884 909 940 sed
927 900 992 940 cuni
1049 880 1181 937 Ecclesia
1196 896 1310 953 pacem,
1326 877 1445 950 quando
1460 892 1512 932 nec
1527 875 1651 947 spiritua
1665 890 1718 930 nec
1738 872 1882 929 Ecclesia

166 970 228 1027 heo
244 970 357 1037 teucria,
376 970 503 1025 tructam
530 971 564 1025 de
589 971 703 1028 actibus
725 973 789 1044 ejus
812 978 841 1029 et
858 972 994 1029 cursibus
1048 972 1208 1025 tenuerunt
1222 967 1377 1024 unitatem.

172 1073 230 1116 non
246 1057 367 1114 ridebis.
386 1080 399 1105 a
1084 1058 1165 1115 XXX.
1182 1057 1246 1113 liae
1259 1056 1386 1125 interim,
1409 1055 1498 1111 trater
1520 1052 1705 1122 charissima,
1731 1068 1831 1125 pauca
1845 1050 1884 1107 de

209 1146 304 1203 XXIX.
326 1145 506 1202 praeludere
528 1151 573 1203 est
595 1152 683 1220 atque
703 1149 874 1206 abscindere
898 1150 919 1185 ¹¹
940 1148 997 1204 iler
1053 1149 1126 1206 705
1153 1147 1254 1203 niullis
1285 1148 1429 1219 quantum
1456 1142 1538 1217 potui
1561 1142 1687 1199 bri-viter
1710 1138 1883 1199 decucurri.

61 1276 64 1281 -
172 1234 281 1293 datoris
303 1251 336 1290 ac
360 1234 671 1306 ymnilc·ndiriam,ut
694 1254 760 1292 cuni
783 1238 812 1292 in
840 1236 996 1310 scripturis
1051 1236 1159 1311 quibus
1174 1242 1204 1293 et
1221 1235 1365 1291 desiderio
1387 1238 1437 1290 tuo
1461 1232 1671 1299 satisfacerem,
1687 1235 1716 1288 et
1739 1228 1885 1303 lemugis

168 1325 311 1381 omnibus
324 1325 464 1379 tiominiis
479 1324 556 1380 Deus
572 1327 785 1383 revertentibus
801 1329 834 1383 ad
852 1344 883 1383 se
897 1332 926 1383 at
941 1344 998 1399 pca-
1051 1342 1084 1381 ac
1096 1325 1191 1397 magis
1202 1322 1316 1397 collegii
1325 1328 1353 1379 et
1363 1322 1494 1389 eorporis
1505 1320 1598 1378 nostri
1619 1318 1752 1377 societati
1761 1319 1887 1391 coujun-

170 1412 334 1470 nitentibus
348 1412 526 1485 blandiatur,
540 1415 760 1470 nastraduritia
772 1419 801 1471 at
815 1417 996 1480 crudelitate,
1051 1432 1159 1488 geram.
1175 1414 1204 1470 Si
1220 1421 1318 1470 autem
1335 1413 1385 1469 tibi
1406 1411 1539 1469 veniendi
1554 1411 1590 1468 ad
1609 1428 1662 1467 uos
1675 1410 1885 1484 opportunitas

171 1501 242 1558 dam
259 1502 373 1557 tructus
389 1501 569 1573 punitentia
584 1503 765 1576 intercipitur
779 1506 813 1577 ¹⁰,
827 1506 999 1578 penitentia
1053 1511 1081 1560 et
1103 1502 1225 1560 incultas
1250 1503 1337 1559 tuerit
1360 1502 1444 1576 plura
1466 1501 1497 1557 iu
1520 1517 1677 1557 commune
1700 1500 1888 1557 conterreat

169 1590 457 1665 ipsatollatur.0uod
468 1593 491 1645 si
503 1592 669 1648 invenimus
680 1610 696 1648 a
706 1594 876 1667 penitentis
886 1598 1000 1667 agenda
1053 1593 1174 1650 uberius
1189 1610 1223 1649 ac
1238 1591 1353 1666 plenius
1368 1609 1433 1664 quai
1456 1590 1487 1647 ia
1511 1590 1670 1647 salutarem
1696 1587 1886 1645 concordiam

171 1679 320 1737 neminem
336 1680 441 1736 debere
456 1678 614 1751 prohiberi,
632 1686 660 1738 el
672 1682 897 1756 deprecantibus
911 1689 999 1756 atqua
1055 1684 1162 1740 iaciant
1179 1689 1302 1740 tractare
1318 1683 1491 1756 poterimus.
1507 1682 1582 1754 Opto
1607 1686 1645 1749 te,
1662 1680 1753 1736 trater
1771 1679 1886 1737 abaris·

56 1834 60 1841 ¹
170 1768 360 1825 exorantibus
371 1767 486 1824 Domini
499 1769 908 1839 misericordiam,sacundum
920 1774 997 1845 quod
1055 1774 1139 1845 sime,
1155 1790 1271 1846 sempor
1285 1774 1359 1829 bene
1374 1771 1479 1827 valere.

169 1856 219 1913 ille
235 1856 403 1913 misericors
419 1860 448 1912 et
463 1857 529 1929 pius
544 1862 598 1923 eat,
615 1876 666 1931 per
681 1862 847 1918 sacerdotes
867 1862 931 1931 ejus
947 1878 1000 1934 ps·

172 1961 235 2002 cem
253 1962 338 2020 possa
353 1946 484 2015 concedi,
509 1948 708 2005 admittendus
729 1954 774 2007 est
797 1950 999 2024 plangentium
1304 1938 1473 1996 EPISTOLA
1500 1938 1535 1994 ΧῙ
1563 1937 1631 2011 (77)·

171 2034 311 2108 gemitus,
328 2038 356 2090 st
373 2034 549 2107 poeaitcnlira
564 2036 678 2094 sructas
692 2038 860 2095 dolentibus
879 2056 936 2096 aon
952 2057 1002 2096 ne·
1056 2085 1167 2141 mmm·
1178 2084 1221 2142 h,
1236 2097 1242 2131 :
1260 2082 1359 2132 pamel·
1375 2081 1462 2145 3588„
1474 2080 1564 2131 Bm
1576 2092 1623 2137 m.
1640 2080 1719 2129 pm.
1730 2092 1773 2127 un
1783 2116 1791 2138 ’
1801 2078 1887 2128 com

172 2124 300 2196 Bandffl·
316 2123 426 2195 etquis
439 2124 516 2196 ⁸P¹³d
532 2124 641 2181 infeli-¹⁸
658 2127 802 2183 ⁰⁰¹¹fe⁵⁵¹⁰
820 2145 874 2184 ¹¹⁰⁰
891 2133 1002 2197 &fliam
1056 2151 1114 2197 tuat
1128 2162 1145 2205 i,
1163 2150 1204 2197 167
1218 2145 1351 2207 ;ῦιι11ιιιιι1.
1367 2159 1402 2205 ιιι,
1418 2142 1890 2206 eoo·ttoatli1talia.sacr.ai,eset

175 2213 388 2286 exomologesis
415 2212 473 2268 illio
498 2214 559 2270 fieri
585 2219 692 2287 potest,
717 2216 765 2288 qui
788 2232 822 2273 cx
840 2219 1003 2276 totocorde
1434 2182 1499 2269 ¹⁰¹¹)

169 2300 357 2375 paenituerint
373 2304 402 2357 et
416 2302 581 2374 rogaverint
606 2302 635 2359 in
663 2304 821 2361 Ecclesiam
837 2306 944 2365 debeat
960 2307 1003 2363 in·
1056 2326 1144 2394 (gay,
1165 2322 1326 2396 ,ymycstm
1345 2321 1458 2377 mig
1479 2318 1707 2390 anamma
1722 2316 1815 2373 mis,
1838 2315 1890 2389 cy.

174 2388 268 2446 torius
283 2388 393 2464 suscipi
409 2394 438 2447 et
458 2389 487 2447 ia
514 2390 578 2463 ipsa
592 2390 716 2449 Domino
731 2394 884 2466 reservari,
901 2395 949 2468 qui
966 2396 1002 2453 ad
1090 2397 1193 2468 priona
1218 2394 1332 2451 icramti
1358 2393 1504 2466 epistolam
1527 2393 1604 2463 intra
1630 2389 1697 2463 (col.
1717 2388 1784 2461 851)
1809 2388 1892 2445 bolico

883 2514 986 2575 Variae
1013 2512 1174 2575 Lectiones

209 2622 230 2657 ¹¹
246 2621 301 2679 Sic.
318 2623 396 2678 Lam.
416 2623 495 2679 Ebur.
513 2624 589 2680 Carti.
606 2629 640 2682 a.
663 2626 696 2680 C.
713 2626 738 2679 l.
759 2628 821 2693 tin,
846 2628 897 2682 liet
920 2630 987 2699 tmp.
1004 2627 1054 2683 Vel
1072 2627 1097 2683 si
1113 2627 1138 2682 ei
1153 2626 1199 2682 eal
1226 2642 1312 2682 usum
1330 2628 1427 2681 Benna.
1451 2622 1503 2680 Cui
1519 2623 1590 2680 dum
1608 2622 1692 2679 Vatia.
1732 2621 1754 2658 ¹¹
1770 2621 1891 2677 Fortem

171 2693 304 2751 carinam
318 2694 385 2750 eod.
403 2695 428 2763 l,
442 2697 468 2749 2.
508 2696 902 2755 athenieniensium.
940 2697 1290 2769 ¹¹i¹*ructusporaitentiie
1315 2695 1509 2752 interdicitur.
1538 2698 1614 2751 iam.
1641 2694 1724 2752 libor.
1749 2694 1784 2750 Ν.
1810 2694 1846 2751 G.
1865 2693 1888 2749 l.

173 2766 237 2823 eoa.
252 2768 280 2821 2.
318 2765 340 2802 ¹¹
357 2765 411 2821 Sic.
428 2770 503 2822 Lam.
519 2767 587 2823 Bud.
602 2769 629 2823 3.
645 2768 900 2826 abonimandum
916 2778 1058 2827 venturus
1071 2770 1157 2828 Oxeia.

886 2893 1051 2958 Varioram
1067 2899 1162 2957 notre.

208 2998 263 3070 (74)
280 2999 429 3055 Dominum
439 3004 495 3056 ate.
505 2999 584 3056 Hane
595 2998 748 3057 lectionem
762 3000 859 3057 inveni
873 3002 901 3057 in
917 3002 998 3074 quin·
1054 3003 1189 3073 reliquias
1203 3001 1346 3070 honorari,
1356 3002 1382 3055 ii
1394 3000 1550 3071 opinionem
1565 2998 1639 3070 vulpi
1651 3000 1786 3053 senentes
1796 2996 1885 3052 intre·

171 3068 269 3125 decim
284 3069 500 3143 exemplaribus
516 3071 644 3144 antiquis
659 3078 687 3128 at
702 3073 732 3127 in
748 3074 927 3129 editionibus
942 3074 1001 3129 llin-
1052 3076 1116 3146 picti
1142 3090 1191 3128 san
1211 3074 1303 3129 uincm
1327 3072 1491 3142 tulerimus,
1506 3080 1532 3127 et
1545 3070 1734 3126 substantiam
1755 3071 1882 3124 avarem

173 3140 249 3197 nulii
266 3141 438 3210 etblorelli;
455 3142 601 3199 Pamelias
636 3144 712 3199 osuit
734 3150 774 3201 est
792 3162 844 3217 pro
865 3150 901 3202 el.
918 3145 1036 3229 Hanep
1056 3161 1141 3215 usqae
1163 3162 1178 3197 ιι
1223 3144 1427 3200 mendicitatem
1454 3144 1595 3215 preprium
1621 3141 1788 3207 desierimus,
1819 3138 1883 3193 huic

173 3211 367 3269 imitatuseiil
382 3212 536 3279 lligaltiais.
555 3160 639 3285 arigii
664 3221 997 3287 reposueruntraterein
1026 3208 1131 3287 'opem‘
1157 3233 1210 3272 aaa
1240 3228 1297 3271 tuni
1323 3216 1472 3285 premium
1497 3230 1579 3284 qaam
1605 3230 1686 3284 piena
1711 3212 1883 3273 rietatem

175 3281 340 3348 lectionem,
354 3300 418 3356 qum
430 3286 556 3356 protecta
567 3286 733 3343 meliorest.
746 3289 777 3343 ln
788 3288 863 3344 libro
875 3288 999 3344 Furensi
1051 3287 1177 3361 perfidie
1190 3288 1504 3358 nuspiatarrnentarant
1546 3302 1611 3339 aeni
1634 3298 1738 3340 corona
1758 3282 1883 3337 uictoria.

174 3354 292 3428 legitur,
308 3357 500 3412 camisiamet
514 3360 557 3426 ius
571 3362 610 3412 eat
627 3358 729 3414 llaiuz.
1055 3363 1181 3415 Sanetus
1196 3360 1378 3429 augustinus
1392 3359 1419 3412 in
1437 3302 1542 3412 librari

213 3428 270 3510 (75)
284 3428 414 3483 interius.
440 3430 498 3501 Ego
516 3432 590 3484 lianc
605 3427 770 3493 lectionem,
786 3447 875 3500 qusai
890 3434 1002 3486 veteres
1056 3442 1149 3487 turarii
1164 3446 1226 3499 cap.
1243 3432 1261 3482 2
1277 3446 1283 3482 :
1300 3431 1358 3484 ii'on
1372 3444 1438 3501 erqo
1458 3431 1508 3495 qui
1530 3436 1644 3499 propter
1668 3426 1848 3495 iniquitatem
1860 3424 1885 3477 st

177 3496 321 3554 editiones
336 3498 464 3571 itoniqna
486 3500 653 3556 blorelliana
675 3509 703 3557 st
727 3503 780 3556 tria
796 3511 892 3557 vitlem
905 3518 1001 3557 exam·
1056 3512 1165 3573 propter
1187 3502 1349 3555 christiane
1371 3502 1489 3555 unitatis
1513 3500 1629 3568 impiam
1655 3498 1823 3552 diuisionem
1840 3491 1884 3575 ιιιΙ

178 3568 272 3641 piaris
287 3568 694 3641 babent,piast'era,etiani0b
709 3590 773 3628 suiii
788 3590 907 3629 caesuin
925 3574 1001 3644 quud
1057 3574 1105 3644 qai
1133 3584 1244 3643 propter
1264 3574 1404 3643 justitiam
1432 3572 1648 3640 persecutionem
1676 3570 1834 3638 patraretur,
1857 3563 1882 3617 lit

180 3640 266 3711 paula
282 3652 346 3713 post
363 3641 523 3713 Cyprianus
538 3643 578 3699 ait
591 3643 758 3710 Duiiiinuiu‚
775 3662 842 3699 cain
859 3647 894 3700 ad
912 3644 1003 3699 liccle·
1057 3649 1191 3715 nmrtyrea
1208 3646 1265 3697 ueri
1278 3654 1350 3698 sarit.
1368 3642 1401 3697 lit
1417 3642 1502 3713 paulo
1518 3647 1606 3713 pust:
1630 3646 1723 3694 Potest
1737 3640 1813 3695 criim
1833 3650 1882 3692 esis

180 3726 255 3767 siam
280 3728 362 3767 saum
388 3713 498 3769 renai-it
523 3714 558 3769 de
588 3714 646 3769 illis
677 3715 777 3786 utique
801 3717 1003 3787 judicaturum
1058 3716 1430 3786 irripiurumiimitispcrrra,
1454 3712 1499 3768 scd
1520 3712 1882 3781 dissimiliaestmiirtyrim

176 3798 243 3856 paee
263 3782 292 3837 in
308 3799 341 3839 ea
356 3785 432 3840 intua
447 3787 593 3841 intimarit.
611 3785 687 3842 lnlra
703 3786 787 3858 epist.
810 3788 855 3851 ,ἢ
875 3804 941 3911 pag.
958 3788 1003 3849 88,
1058 3803 1150 3843 canan.
1168 3786 1325 3858 Plangeadi
1350 3786 1439 3857 igitar
1462 3788 1545 3840 erant
1567 3782 1727 3862 Donatistae
1750 3778 1803 3853 qui
1823 3794 1879 3861 gra:
1907 3798 1910 3803 ·

178 3854 267 3925 pieta
280 3856 356 3910 intur
368 3865 474 3927 posite
490 3861 564 3912 Sunt
584 3857 673 3913 etiam
696 3856 789 3913 multa
804 3858 870 3913 sinii
887 3859 912 3914 ia
927 3858 1005 3929 apud
1059 3858 1181 3914 sissima
1206 3860 1354 3914 tormenta
1368 3855 1572 3913 toleraveraint
1583 3870 1639 3936 pro
1649 3869 1769 3909 nomine
1782 3850 1878 3931 Chrieb

178 3925 1005 4001 Cyprianum.0platuslibanamqniintailiati'taaiua.
1060 3932 1089 3985 in
1117 3931 1319 4001 persecutione
1359 3927 1525 3985 Diocletian.
1556 3925 1629 3982 Vide
1650 3941 1753 3981 earum
1776 3928 1840 4005 aeta
1856 3936 1877 3975 ιι

178 4005 208 4053 et
220 4013 366 4069 nunquam
381 3998 413 4054 dc
426 3999 518 4055 radiae
533 4002 698 4056 recessimus.
715 4000 857 4070 Iluretici,
874 4001 1006 4072 quisunt
1059 4000 1133 4057 libio
1149 4002 1278 4057 secundo
1303 3998 1536 4057 miscellaneorm
1561 4000 1742 4053 nostrerum.
1766 3994 1876 4051 Guibei·

180 4066 590 4135 loris,aanbabitantlntas.
613 4072 1005 4143 Videuotusadepistolam
1061 4072 1166 4127 lusda
1194 4072 1354 4146 Norigenlo
1376 4070 1429 4137 lib,
1459 4088 1478 4143 i,
1507 4087 1570 4142 rap.
1592 4070 1619 4139 3,
1649 4068 1684 4123 do
1716 4066 1877 4149 Pignoribui

178 4140 224 4196 76.
242 4140 345 4197 Biiuz.
1063 4150 1231 4200 sanctorum
1263 4160 1269 4200 :
1305 4144 1461 4200 Donatista
1485 4158 1539 4199 aaa
1572 4142 1694 4212 imparia
1722 4136 1876 4209 martyribus

215 4212 273 4283 (ie)
286 4215 343 4268 Nec
355 4213 380 4267 si
393 4213 486 4268 occisi.
503 4213 559 4269 isto
576 4230 652 4285 sepe
670 4213 773 4286 repetit
796 4218 917 4271 sanetus
930 4230 1006 4270 mar·
1061 4219 1136 4289 parsi
1142 4218 1216 4282 sarit,
1228 4218 1253 4270 ct
1285 4217 1331 4270 ata
1346 4217 1496 4271 exteriores
1510 4230 1527 4269 a
1540 4212 1677 4293 otiositate
1688 4214 1816 4293 tumst,
1829 4210 1877 4283 [rt-

181 4286 191 4335 l
213 4299 227 4338 r
241 4283 385 4357 precipue
400 4283 429 4339 in
445 4285 519 4339 libro
534 4285 566 4341 de
594 4286 704 4342 Unitute
719 4286 853 4356 Ecclesia,
868 4302 934 4358 pag.
944 4286 1006 4343 198.
1063 4291 1120 4344 stra
1134 4289 1257 4359 sacrant.
1267 4231 1434 4358 itepbanus
1450 4283 1644 4341 Torneceaais
1659 4300 1689 4338 in
1705 4280 1877 4361 epistolasai

207 4352 255 4410 inc
270 4360 367 4411 ortum
394 4356 544 4430 vulgatum
571 4355 645 4413 illud
666 4357 836 4429 :ttortyrein
864 4374 919 4413 iren
940 4359 1011 4427 tacit
1062 4361 1202 4421 secunda,
1219 4358 1342 4430 loquens
1357 4358 1392 4414 de
1407 4360 1483 4413 cede
1496 4357 1619 4414 ioannis
1640 4355 1744 4411 deceni
1758 4352 1877 4411 Aurelii·

178 4428 716 4501 panaseiicoaraqiiodexstatepud
740 4428 1005 4501 Rufinuminpsal·
1064 4431 1164 4486 nensis
1192 4448 1199 4487 :
1228 4431 1362 4486 loannem
1390 4432 1514 4485 nosti-am
1537 4432 1692 4498 martyrem
1711 4425 1878 4482 simulcuitt

181 4512 230 4579 ¹¹.¹⁰
244 4514 329 4554 ιιιιιι
343 4504 371 4555 et
386 4516 465 4565 xiiii,
482 4505 511 4555 cl
525 4518 601 4572 sape
621 4502 729 4557 citatur
743 4519 760 4556 a
775 4506 875 4558 sancto
892 4508 1008 4571 Augus·
1030 4505 1130 4602 D[ecit
1151 4507 1176 4557 rt
1198 4518 1288 4573 poena.
1305 4502 1448 4559 Caesarius
1470 4497 1742 4556 Heisterbeebersis
1766 4495 1817 4577 lib.
1833 4507 1878 4553 iiii.

181 4574 257 4625 tino.
282 4569 310 4625 ld
335 4587 401 4625 vero
424 4577 545 4626 sanctus
569 4588 644 4644 papa
669 4574 827 4645 Gregorius
847 4572 898 4629 lib.
916 4590 946 4639 ιι,
964 4575 1014 4628 tn·
1068 4591 1131 4645 cap.
1146 4575 1180 4629 dt
1197 4590 1203 4627 :
1220 4576 1319 4641 Canio,
1336 4590 1390 4629 non
1400 4590 1492 4646 pana,
1507 4572 1575 4643 tacit
1591 4576 1738 4641 aiartyres.
1754 4568 1827 4625 Vide
1840 4582 1878 4621 nu·

182 4638 254 4694 dict.
283 4642 324 4708 10,
351 4642 440 4714 Epist.
467 4644 501 4698 57
530 4644 630 4701 landet
654 4661 689 4701 ex
712 4644 866 4719 Cypriane.
891 4645 1013 4700 Videtur
1068 4646 1161 4702 lasad
1187 4644 1261 4701 riter
1282 4662 1424 4718 paparum
1450 4642 1707 4707 Arenianensium,
1732 4656 1799 4713 pag.
1818 4636 1877 4694 itel-

181 4714 280 4767 autem
304 4717 455 4786 acceptum
483 4730 517 4770 ex
540 4715 614 4772 libra
638 4716 672 4771 cic
696 4718 805 4789 Duplici
822 4716 1013 4789 martyriaad
1414 4748 1418 4755 ·
1686 4712 1787 4768 Biiuz.
1872 4774 1877 4783 ¹

185 4784 376 4849 Fortunatam,
393 4784 421 4840 in
439 4802 497 4858 quo
522 4789 561 4843 ila
584 4787 726 4858 scriplum
743 4793 811 4844 cst:
833 4789 923 4860 Neque
937 4788 1012 4843 caim
1102 4787 1158 4858 (77)
1174 4790 1244 4842 Cum
1268 4786 1329 4842 hae
1353 4784 1478 4869 epistola
1492 4784 1570 4841 inter
1591 4783 1781 4857 Cyprianieas
1795 4791 1877 4852 magi!

183 4856 275 4909 statim
289 4859 453 4913 munirent
468 4859 517 4928 qui
531 4859 673 4913 occiititur.
696 4858 862 4915 Occiitantai·
875 4867 900 4914 ct
914 4859 1014 4913 sicarii
1067 4857 1106 4915 sit
1122 4858 1273 4926 momenti,
1285 4875 1389 4942 paucis
1406 4858 1562 4914 dicendum
1578 4872 1636 4927 quo
1652 4862 1786 4927 tempore
1799 4858 1878 4923 etqui

184 4930 211 4983 ct
223 4927 334 4997 pirata.
374 4944 409 4984 on
422 4928 591 5001 suppliciam
604 4932 674 5002 fecit
688 4934 847 5002 martyrem,
859 4930 903 4985 red
917 4946 1010 4986 cauea.
1067 4930 1216 4985 occasione
1236 4936 1344 5001 scripta
1366 4929 1415 4985 sil.
1434 4927 1608 4984 [mminebst
1628 4926 1795 4999 persecutio
1818 4932 1878 5003 east

182 4998 229 5053 sle
245 4996 407 5054 Prlrnasius
428 5000 458 5054 iii
481 5004 568 5070 capnt
587 5000 706 5055 tertium
734 5000 863 5073 epistolae
880 5000 961 5056 t’auli
977 5000 1012 5057 od
1066 5002 1119 5057 252
1134 4990 1199 5057 crini
1215 5001 1275 5057 hec
1290 5001 1430 5058 scriberet
1444 5000 1483 5073 Cy
1505 5000 1618 5063 elanus,
1633 5016 1667 5055 ao
1682 4998 1731 5055 his
1746 4996 1820 5081 ipsis
1833 4995 1879 5050 dit·

184 5068 294 5125 Galatas
318 5070 382 5125 ait:
406 5071 490 5128 ticam
512 5086 568 5125 riori
583 5073 651 5155 {acii
670 5087 763 5142 pana,
789 5072 836 5127 seri
858 5089 953 5128 ciiiiia.
980 5076 1012 5128 st
1067 5075 1133 5135 bus,
1149 5072 1257 5143 quibus
1273 5072 1325 5128 bas
1338 5074 1373 5128 ad
1390 5018 1556 5129 Carneiiuin
1577 5071 1692 5127 litteras
1709 5062 1879 5131 iaciebatol

1542 3358 1738 3412 ecorreciione
1755 3354 1884 3411 amatia·

183 5144 304 5196 sanetas
321 5142 513 5211 llirranymus
528 5142 556 5197 in
574 5141 648 5198 libro
669 5144 797 5199 secando
812 5143 940 5200 aduersus·
953 5147 1011 5201 Pru·
1067 5144 1210 5200 sacrillois
1226 5161 1290 5216 que
1310 5144 1404 5201 salicto
1431 5144 1579 5215 proposita
1597 5141 1747 5199 celebrare
1771 5156 1809 5215 pa
1829 5136 1881 5193 alu

183 5214 282 5283 finani.
299 5212 423 5285 loquens
438 5214 474 5268 da
498 5212 650 5286 charitate,
675 5230 764 5288 quam
786 5214 827 5271 ait
840 5232 904 5273 osse
922 5216 1011 5284 majo·
1064 5216 1232 5287 jubebatur,
1248 5216 1376 5272 elamore
1392 5214 1578 5288 popularium
1594 5214 1631 5268 ad
1658 5214 1775 5270 leonem
1821 5220 1881 5267 enai

184 5300 245 5339 rem
264 5284 386 5339 tldcets
408 5300 433 5352 e,
445 5294 475 5341 et
490 5302 577 5357 quani
594 5284 703 5343 Paulas
719 5292 800 5359 optat
815 5288 1011 5361 potiusquam
1087 5286 1232 5344 ustulatus
1261 5286 1291 5341 in
1318 5287 1394 5344 circo
1419 5287 1522 5343 lucrat.
1548 5284 1697 5342 sacrificia
1725 5284 1762 5341 de
1790 5280 1881 5355 quibu

186 5356 349 5426 praesumit,
362 5300 514 5414 arietariae
529 5374 581 5485 rm
591 5368 617 5414 et
631 5360 767 5432 martyrio
781 5362 893 5432 sanguia
907 5360 1011 5431 epiricus
1065 5305 1094 5413 io
1105 5361 1195 5425 initur
1205 5357 1379 5431 Cyprianus,
1394 5358 1531 5414 ridentur
1555 5357 1648 5413 tuisse
1662 5355 1777 5411 indicta
1795 5354 1831 5411 ab
1844 5365 1881 5426 pt·

183 5442 333 5499 corpusque
345 5428 465 5499 flammis
477 5433 528 5485 troi
541 5433 612 5487 itam
624 5446 820 5487 coronaranan
842 5430 924 5487 tradet
940 5446 1011 5501 prae-
1066 5430 1138 5485 siem
1156 5448 1219 5501 qua
1233 5437 1303 5486 tunc
1325 5430 1461 5486 seviebat
1484 5428 1540 5486 sub
1564 5425 1651 5497 Gallo¹
1671 5432 1701 5484 et
1723 5424 1881 5507 Volusiano.

185 5499 317 5554 iiiiaruni.
334 5500 413 5557 litem
430 5501 459 5557 i'n
476 5507 562 5574 capiat
577 5503 714 5575 quintum
731 5502 866 5575 Epistulas
879 5503 913 5557 ad
928 5501 1010 5557 Gala·
1067 5502 1161 5569 liujus
1176 5506 1274 5557 auleiii
1289 5502 1419 5574 epistolia
1442 5500 1602 5557 scribenda
1622 5498 1683 5555 haio
1699 5498 1881 5556 initamini.

187 5576 256 5627 tae:
276 5571 339 5627 t'r‘clc
353 5577 487 5646 quiritum
501 5583 537 5631 rit
552 5574 654 5631 bonam
669 5575 820 5631 charitatis.
836 5575 867 5630 Si
880 5575 919 5629 ita
933 5590 1009 5627 mar·
1066 5575 1135 5630 Pars
1153 5574 1325 5629 Felicissimi
1353 5574 1522 5646 episcopum
1550 5570 1726 5643 Carthagine
1754 5585 1829 5628 ausa
1849 5566 1884 5625 cel

184 5644 294 5715 tyrium
314 5648 461 5716 tecerimas
483 5654 514 5702 ut
535 5656 640 5703 nostras
659 5647 776 5705 aciamus
798 5648 833 5703 ab
856 5645 1012 5702 homiuibus
1065 5646 1200 5705 ordinare
1215 5649 1416 5717 tortunalum,
1433 5660 1526 5703 unum
1540 5660 1576 5701 ex
1597 5642 1730 5717 quiaque
1743 5640 1882 5717 presbyt
