3892 6104
120 350 199 413 lete
596 348 700 412 Plus
722 350 760 412 tl.
776 382 814 395 -
830 348 1112 413 ehcehrltttttlll
1137 347 1355 412 EXGURSUS.
1749 346 1829 411 1330

117 479 261 556 Stephani
290 482 440 539 decretum
477 481 508 537 in
534 481 656 539 concilio
683 482 815 539 Romano
833 480 945 537 editum
960 482 988 549 Α
1003 479 1144 547 minibus,
1166 478 1317 547 encomiis,
1346 477 1484 536 laudibus
1508 476 1620 550 absque
1646 494 1786 536 mensura
1798 494 1828 551 eq

117 570 771 645 fnisse(l),adomnescoclesiasaStephano
790 570 880 627 luisse
899 569 943 626 di·
999 584 1122 624 numero
1152 569 1313 635 cumulant,
1339 572 1519 640 onerantque
1543 572 1576 622 ut
1605 566 1651 623 vla
1675 567 1825 626 hominem

117 667 273 718 reotnmac
289 660 413 717 missurn
430 660 480 735 (5),
501 660 625 718 solemni
640 661 690 717 illo
712 662 826 717 decreto
842 661 944 717 certis·
999 658 1111 715 credas.

116 750 223 809 simam
233 750 325 807 luisse
334 750 474 822 Stephani
487 754 624 822 mentem,
634 754 666 806 ut
676 749 814 806 omnibus
823 747 944 804 omnino
1034 746 1119 803 Absit
1130 750 1163 803 ut
1178 746 1313 802 maximis
1324 745 1457 820 Cypriani
1473 745 1598 814 meritis,
1622 762 1655 803 ac
1680 745 1824 820 singulari

116 838 253 896 fidelibus
263 838 320 897 ilde
331 840 510 897 credendum
520 843 695 913 proponeret
705 856 762 895 non
774 839 944 895 essedenuo
999 852 1088 909 quam
1099 836 1175 910 apud
1191 837 1369 907 omnesjure
1384 835 1509 891 obtinuit
1524 834 1713 903 venerationi,
1738 836 1824 910 quid-

115 927 272 1002 tingendos
282 928 417 986 homines
431 929 467 986 ab
479 928 621 985 hereticis
636 928 807 1000 baptizatos,
822 943 890 983 cum
900 925 944 983 in·
998 941 1089 998 quam
1104 926 1267 981 detractum
1282 924 1416 981 volimus.
1429 922 1518 981 Nobis
1529 930 1627 981 tamen
1642 930 1823 984 constatnon

115 1021 164 1076 tra
183 1016 318 1075 Ecclesia
342 1018 580 1075 communionem
605 1033 670 1073 sese
690 1016 870 1089 recipiebant
888 1016 942 1088 (tt);
998 1031 1108 1086 paucos
1120 1031 1218 1070 rerum
1236 1030 1334 1086 equos
1344 1016 1537 1070 aestimatores
1552 1019 1594 1070 tot
1605 1014 1635 1070 in
1646 1013 1823 1088 Cyprianum

116 1123 181 1180 qus
192 1107 312 1181 quidem
330 1108 429 1164 omnia
444 1123 511 1163 cum
525 1112 611 1163 antea
635 1106 803 1163 mortalium
833 1104 944 1161 nemini
998 1103 1106 1158 eliusas
1122 1102 1309 1159 sinedelectu
1321 1101 1422 1159 laudes
1434 1101 1577 1159 leorenon
1601 1119 1697 1175 posse,
1712 1120 1771 1161 non
1791 1120 1825 1162 ea

116 1195 148 1251 in
165 1198 292 1251 mentem
317 1195 460 1265 uenerint,
486 1193 591 1250 adduci
614 1194 741 1265 prolecto
761 1191 945 1249 debebantur
997 1190 1094 1248 solum
1109 1193 1145 1248 de
1160 1209 1249 1249 rausa
1264 1193 1343 1263 quod
1368 1190 1464 1248 nimia
1485 1190 1588 1248 laudes
1602 1196 1708 1249 vexant
1722 1193 1824 1251 mode·

117 1284 154 1340 ad
175 1282 248 1340 illud
265 1283 446 1356 probandum
477 1284 553 1355 quod
574 1282 689 1339 nullum
712 1280 742 1337 in
769 1280 944 1353 antiquitate
998 1279 1824 1355 atos,sedquislausomnishyperbolicaodlumprimo,
1919 1256 1940 1357 ,ἱ

115 1376 181 1430 tots
189 1372 345 1446 vestigium
360 1372 495 1429 habebat.
510 1372 575 1428 llos
590 1372 722 1445 apposite
732 1370 869 1427 neoterici
892 1385 943 1425 no·
998 1368 1102 1426 deinde
1116 1374 1318 1443 contemptum
1341 1369 1426 1442 parit.
1444 1370 1495 1427 Est
1509 1370 1599 1438 enim,
1625 1369 1775 1443 inquiunt,
1792 1368 1826 1427 in

115 1463 182 1530 etri,
206 1466 239 1518 ut
255 1462 379 1535 petitum
394 1462 473 1517 istud
493 1479 510 1517 u
527 1461 669 1534 cypriano
691 1461 898 1533 argumentum
913 1458 943 1514 ln
994 1459 1063 1531 jure
1077 1459 1184 1516 titulus
1198 1460 1235 1515 dc
1250 1459 1593 1532 Pluriapetitione,ulqui
1604 1459 1672 1532 plus
1686 1458 1825 1531 postulat,

117 1551 290 1608 lutheranis
312 1552 491 1624 iamdudum
512 1550 698 1624 profligatum
715 1565 750 1606 ex
778 1549 833 1605 hac
861 1551 944 1620 parte
998 1548 1097 1604 minus
1112 1548 1250 1622 accipint;
1268 1548 1442 1622 nobisquea
1460 1554 1565 1605 natura
1581 1548 1709 1605 inditum
1722 1553 1778 1617 est,
1794 1544 1827 1605 'ut

116 1640 301 1698 suffulcirent
316 1657 349 1698 ac
364 1641 593 1697 corroborarent.
998 1654 1065 1694 cum
1081 1637 1188 1711 aliquis
1204 1639 1270 1711 plus
1282 1640 1365 1711 justo
1382 1637 1539 1709 extollitur,
1555 1637 1682 1696 naturali
1697 1639 1825 1712 quodam

153 1729 196 1786 sd
210 1731 384 1786 secumdum
398 1746 465 1787 vero
480 1732 558 1802 qnod
573 1732 697 1802 spectat,
713 1745 776 1800 que
788 1743 857 1794 non,
868 1727 943 1784 bone
997 1728 1192 1800 propensione
1202 1744 1342 1785 conemur
1353 1726 1436 1784 illum
1452 1728 1627 1801 deprimere.
1648 1727 1824 1801 cyprianum

118 1816 277 1875 Deuslilli
297 1819 524 1891 dixeruntque
545 1835 602 1874 uon
631 1816 821 1874 cumularunt
846 1820 878 1872 ut
893 1819 943 1888 Cp·
997 1818 1159 1873 maximum
1174 1817 1308 1874 Ecclesia
1331 1818 1467 1875 africana
1492 1818 1582 1874 decus
1606 1822 1824 1889 ornamentum,

116 1907 251 1982 prianiin
266 1908 448 1981 Stephanum
458 1908 561 1978 agendi
573 1908 714 1963 rationem
729 1923 786 1962 non
802 1903 895 1962 solam
907 1903 943 1960 ab
1000 1905 1188 1979 splendidum
1200 1907 1246 1962 sni
1263 1905 1362 1963 saeouli
1376 1906 1487 1979 lumen,
1507 1905 1713 1981 gravissimum
1734 1906 1825 1965 totius

117 1997 292 2055 omnireatu
304 1998 477 2064 immunem,
489 1998 540 2053 sed
555 1994 783 2052 etcharitatisct
798 1993 945 2067 requitatis
999 1996 1134 2053 Eoolesias
1162 1995 1321 2064 doctorem,
1359 1995 1565 2053 sanctisimum
1593 1995 1765 2070 episcopum
1790 2013 1824 2053 ac

115 2085 234 2160 planam
250 2101 283 2143 ac
298 2086 398 2143 animo
422 2084 581 2159 episcopali
595 2090 624 2141 et
638 2084 795 2157 apostolico
817 2099 881 2139 vere
903 2082 945 2138 di·
998 2090 1155 2157 martyrem
1172 2084 1417 2157 gloriosissimum
1433 2085 1571 2158 quianon
1586 2084 1732 2158 predicet,
1757 2086 1825 2159 quia

117 2190 207 2249 gnam
218 2172 304 2231 nobis
320 2174 509 2231 ostenderent
523 2191 558 2230 ao
568 2174 745 2230 suaderent?
755 2172 821 2228 llaec
836 2171 893 2228 nisi
903 2174 944 2227 le·
999 2190 1057 2230 non
1069 2172 1226 2245 predicare
1239 2172 1376 2246 cogitavit
1391 2173 1545 2245 unquam?
1561 2173 1632 2241 Quis
1645 2173 1754 2246 pariter
1776 2176 1827 2249 Cp·

115 2269 263 2337 gerentur,
280 2262 347 2337 quis
367 2263 482 2337 uspiam
498 2262 671 2329 ostholious,
688 2262 755 2334 quis
776 2278 868 2318 sanus
882 2276 943 2317 cre·
998 2262 1115 2337 prianm
1126 2267 1268 2334 tanquam
1280 2262 1346 2318 lldei
1355 2261 1619 2335 propugnaculum,
1631 2263 1826 2321 traditionum

112 2353 181 2409 dere
196 2352 365 2425 potuisset?
378 2353 483 2409 Statim
500 2369 557 2426 quo
582 2350 724 2409 lectorum
744 2351 859 2409 animos
886 2349 943 2407 sibi
998 2349 1244 2423 promptuarium,
1257 2348 1420 2423 discipline
1433 2349 1637 2408 ecelesiastica
1651 2351 1825 2423 palladium,

111 2441 311 2513 conciliarent,
338 2458 468 2499 necnon
492 2442 528 2498 ad
557 2458 621 2513 qua
654 2458 705 2512 pro
733 2438 866 2515 Cypriani
892 2441 943 2497 do·
998 2439 1120 2496 moralis
1138 2438 1310 2513 evangelicae
1329 2440 1562 2512 firmamentum,
1591 2456 1625 2498 ao
1652 2440 1827 2499 Christianae

110 2530 243 2588 lensione
260 2531 403 2605 prolaturi
427 2535 510 2588 erent
521 2530 623 2588 ms
635 2531 761 2603 benigne
771 2529 943 2602 echpienda
996 2528 1136 2585 doetrinae
1151 2528 1369 2585 munimentum
1384 2544 1443 2585 non
1454 2534 1596 2601 agnoscat
1606 2532 1658 2586 aut
1668 2546 1726 2585 non
1737 2546 1826 2602 agno·

111 2621 267 2677 redderent
286 2620 502 2693 paratissimos,
526 2620 655 2676 maxima
680 2618 815 2693 cypriani
837 2618 942 2675 merito
995 2616 1089 2675 verit?
1104 2618 1169 2673 ileo
1180 2633 1265 2690 porro
1280 2616 1351 2689 quia
1366 2621 1524 2673 certasunt
1539 2634 1573 2674 ao
1593 2620 1754 2676 servandos
1777 2635 1825 2677 ve-

114 2710 332 2780 commendaro,
349 2709 495 2766 immensa
509 2710 545 2766 de
555 2708 697 2783 cypriano
709 2707 855 2765 celebrare
866 2724 940 2779 proe-
995 2707 1090 2763 rltstis
1105 2705 1214 2762 limites
1229 2706 1350 2761 minimo
1363 2706 1585 2775 transcendunt,
1600 2704 1726 2763 libenter
1734 2712 1763 2764 et
1775 2724 1827 2764 au·

110 2797 198 2854 conis
213 2797 307 2854 adorti
317 2803 396 2855 sunt.
410 2799 537 2865 Quasita
549 2800 678 2870 undique
689 2796 940 2854 laboreimmensu
995 2796 1126 2863 diuntur,
1142 2799 1171 2851 et
1185 2812 1202 2851 a
1217 2795 1324 2851 nenine
1335 2811 1393 2852 non
1406 2795 1626 2869 probantur.llt
1639 2811 1706 2867 quaa
1721 2795 1757 2852 de
1771 2800 1824 2870 Gy·

112 2891 202 2959 atque
214 2889 354 2959 congesta
366 2902 547 2960 quecunque
559 2888 595 2942 ad
611 2885 744 2959 cypriani
755 2886 942 2942 commenda·
994 2888 1097 2959 priano
1108 2884 1217 2958 saepius
1234 2887 1406 2954 ostentetur,
1422 2890 1565 2957 tanquam
1587 2882 1665 2940 inter
1688 2884 1821 2942 Ecclesia

111 2974 223 3031 tionem
239 2974 427 3048 aliquatenus
440 2977 645 3047 conducerent,
653 2974 776 3032 concilia
786 2980 849 3031 tum
864 2990 940 3031 mou·
994 2975 1128 3032 doctores
1142 2990 1176 3030 ac
1191 2974 1348 3047 magistros
1364 2974 1524 3046 primatum
1536 2973 1694 3042 obtinente,
1705 2973 1756 3046 qui
1774 2973 1821 3031 in·

111 3064 238 3132 menica,
255 3069 318 3121 lum
334 3064 531 3139 particularla.
548 3064 672 3122 Romani
690 3064 746 3138 ipsi
772 3064 938 3133 Pontillces,
993 3064 1071 3138 genii
1083 3062 1275 3130 sublimitate,
1292 3062 1398 3134 J'udlcii
1422 3062 1601 3134 maturitate,
1627 3062 1742 3121 dicendi
1765 3062 1823 3122 ele·

111 3152 247 3210 Ecclesia
262 3152 363 3211 Patres
377 3159 406 3211 et
419 3154 568 3227 Doctores,
592 3153 723 3211 historici
747 3158 776 3210 et
795 3153 886 3211 Graeci
909 3157 939 3211 et
994 3152 1402 3227 gantiadoclrinspnritate,
1418 3152 1592 3211 eruditionis
1618 3152 1822 3226 amplitudine,
1888 3176 1891 3181 ·

110 3241 217 3311 Latini,
233 3249 379 3316 quotquot
400 3260 464 3301 esse
480 3247 625 3317 poterant,
640 3241 778 3317 appellati
805 3242 936 3300 luerunt.
952 3222 974 3290 G
993 3245 1113 3301 demum
1144 3241 1297 3313 charitate,
1328 3241 1478 3315 patientia,
1508 3242 1626 3315 pietate,
1656 3242 1825 3315 caterisque

109 3331 247 3388 Adducta
263 3349 338 3389 nova
350 3336 378 3389 et
393 3336 489 3389 velera
502 3331 705 3406 Martyrologia
721 3336 808 3405 atque
832 3331 937 3390 llalen·
991 3331 1083 3391 animi
1094 3331 1212 3388 dotibus
1227 3346 1260 3388 ac
1274 3330 1432 3387 uirtutibus
1456 3330 1565 3388 virulli
1576 3331 1740 3404 comparari
1753 3348 1827 3405 pos·

110 3420 340 3491 daria,Missale
366 3422 606 3490 Ambrosianum,
622 3422 725 3495 prisca
754 3438 786 3478 ac
808 3424 938 3479 recentes
992 3424 1049 3492 sit;
1067 3421 1118 3496 qui
1134 3422 1174 3478 nil
1194 3422 1251 3478 nisi
1266 3428 1366 3479 sancte
1394 3423 1529 3495 gesserit,
1562 3423 1665 3480 lm
1696 3422 1736 3478 nil
1767 3422 1823 3479 nisi

110 3510 938 3584 diuersarumecclesiarumllissae,Pralationas,etipse
992 3512 1212 3570 rectedocuerit
1245 3511 1392 3568 adeout«
1409 3512 1446 3567 ab
1469 3510 1528 3567 illis
1558 3510 1646 3569 etiem
1664 3510 1824 3569 leuissimis

112 3598 224 3656 Canon.
241 3600 336 3657 Citata
365 3617 440 3658 nova
462 3606 491 3657 ct
519 3606 615 3657 vetera
642 3601 937 3668 Breviarialtomana,
993 3601 1142 3660 erroribus
1158 3599 1300 3656 immunia
1316 3598 1469 3671 exstiterit,
1486 3600 1536 3673 qul
1561 3601 1665 3673 primis
1686 3599 1823 3659 Ecclesia

111 3687 283 3762 hispanica,
300 3688 422 3757 Gallica,
443 3695 472 3746 et
496 3690 555 3747 imo
570 3689 667 3746 relata
692 3690 786 3762 ipsius
804 3690 941 3746 Brevioril
994 3691 1130 3747 Patribus
1144 3706 1317 3746 communes
1332 3690 1511 3763 lueruntffl),
1523 3712 1537 3741 u
1556 3689 1658 3758 etalio
1674 3690 1704 3746 id
1728 3706 1822 3764 genua

111 3777 248 3848 rubrica,
265 3795 318 3836 nec
333 3794 391 3836 non
406 3779 491 3835 varia
515 3778 703 3836 ecclesiarum
726 3778 861 3837 bitania:
878 3779 940 3837 lau·
994 3778 1151 3853 permulto,
1171 3796 1235 3852 qus
1253 3779 1343 3836 visin
1367 3777 1554 3853 hyperbolico
1577 3779 1751 3853 panegyrico
1779 3783 1823 3837 to·

110 3867 180 3924 date
208 3883 326 3941 quoque
348 3868 483 3941 Cypriani
514 3868 695 3941 reliquarum
722 3868 941 3941 translationes,
995 3868 1169 3935 letarentur,
1185 3868 1255 3941 quia
1270 3868 1362 3924 nimia
1375 3874 1405 3925 et
1419 3868 1615 3925 redundantia
1633 3868 1821 3926 stomachum

110 3954 209 4031 ipsius
226 3957 292 4013 lesti
304 3956 504 4015 solemnitates
514 3974 547 4014 ao
558 3956 656 4030 plures
669 3958 724 4014 sub
733 3957 812 4014 illius
823 3958 943 4016 numine
997 3960 1125 4025 movent,
1137 3956 1241 4029 lrigide
1255 3954 1448 4029 excipiuntur,
1461 3955 1576 4012 insulsa
1585 3956 1730 4022 videntur,
1740 3972 1820 4030 sper·

108 4045 305 4103 ecclesiarum
327 4045 536 4114 dedicationes,
562 4046 773 4104 neoomissum
797 4048 876 4120 quod
906 4049 943 4105 ab
998 4052 1119 4116 uuntur,
1131 4050 1160 4103 et
1171 4045 1340 4102 irridentur.
1351 4046 1393 4100 ltu
1403 4045 1522 4117 plurimi
1535 4045 1756 4114 ratiocinantur,
1768 4044 1821 4118 qui
1878 4088 1882 4099 .

110 4133 261 4206 aliquibus
276 4135 307 4192 in
321 4139 349 4192 S.
359 4135 494 4210 Cypriani
507 4135 607 4209 uigilia
612 4135 761 4208 jejunium
772 4141 869 4193 actum
884 4136 945 4194 lue·
998 4137 1053 4193 etsi
1067 4136 1142 4192 bene
1157 4134 1252 4190 sciant
1262 4131 1334 4190 nulli
1344 4132 1581 4191 lucillusveniam
1592 4134 1820 4207 concedi,quam

110 4224 218 4297 nibli),
234 4228 264 4281 et
279 4225 364 4297 qnasi
380 4228 462 4282 tanta
473 4228 664 4282 monumento
680 4225 814 4298 Cypriani
831 4225 945 4300 magni·
998 4225 1040 4282 illi
1056 4224 1106 4297 qul
1122 4225 1158 4281 de
1182 4223 1283 4280 nimiis
1297 4238 1366 4296 erga
1377 4240 1430 4280 nos
1444 4222 1583 4281 laudibus
1598 4226 1764 4294 accusatur,
1789 4222 1820 4281 in

108 4312 247 4370 tudinem
263 4317 351 4388 atque
370 4313 570 4371 excellentiam
595 4318 697 4385 lotam,
714 4316 946 4387 quantofuitmi·
998 4314 1058 4371 illis
1070 4319 1165 4371 tumen
1182 4312 1375 4386 rependendis
1389 4313 1509 4369 modum
1524 4329 1541 4370 a
1556 4312 1821 4371 nemineexeedan·

112 4401 195 4459 nime
206 4403 278 4460 setis
293 4404 504 4461 adumbrarent
518 4419 551 4460 ao
566 4404 732 4477 pmderent,
741 4407 785 4460 tot
794 4403 878 4462 illum
894 4422 945 4463 no·
999 4405 1070 4462 dum
1087 4420 1152 4460 esso
1163 4406 1278 4477 putant.

146 4545 188 4629 (t)
198 4545 279 4604 Felix
294 4546 475 4620 Desohamps
485 4546 514 4603 in
530 4562 584 4603 sua
600 4547 635 4603 de
658 4564 775 4604 summo
805 4547 944 4605 Pontilloe
1000 4546 1050 4604 lib.
1062 4562 1119 4615 aru,
1135 4560 1197 4618 cap.
1218 4544 1250 4599 5:
1276 4544 1429 4617 Stephanus
1450 4543 1586 4602 decretum
1605 4545 1727 4603 condidit
1745 4554 1772 4604 et
1787 4545 1825 4603 ott

109 4616 242 4688 Epistola
253 4620 288 4676 ad
299 4618 459 4676 Martinam
484 4618 625 4689 Stcyaert,
651 4636 677 4691 p.
709 4619 761 4674 25:
788 4620 944 4687 Stephanus
958 4595 983 4662 D
997 4634 1088 4676 ornnes
1103 4618 1180 4697 misit
1190 4617 1327 4673 ccclesias.
1592 4689 1598 4700 ὁ

108 4688 252 4746 decretum
265 4692 455 4762 defirtitoriom
470 4693 500 4747 iu
523 4692 639 4747 concilio
665 4692 785 4748 dornone
810 4690 896 4749 edidit
916 4701 944 4749 et
1030 4689 1155 4770 lblb'elm
1167 4687 1360 4771 lteschamps,
1376 4692 1404 4743 et
1418 4688 1546 4746 lacobus
1566 4688 1677 4746 Grlhert
1691 4690 1720 4746 in
1748 4687 1822 4747 loeis

110 4760 148 4817 od
163 4778 257 4817 omnes
276 4763 370 4835 fideles
383 4764 487 4819 direxit
516 4779 568 4835 quo
589 4761 707 4820 inuadit
730 4763 865 4835 otltpore,
892 4765 942 4821 sut
997 4763 1083 4818 modo
1099 4764 1207 4817 citatis.
1716 4830 1721 4842 Ι

108 4836 405 4891 excommunicationis
430 4852 520 4918 poeuo,
536 4851 627 4890 omnes
650 4837 763 4891 omnino
786 4834 878 4918 fideles
906 4834 943 4891 ad
1032 4834 1071 4915 (7)
1086 4832 1144 4931 llqc
1160 4832 1189 4887 in
1205 4829 1378 4941 reponsum
1393 4847 1450 4904 prs
1474 4831 1588 4889 ceteris
1612 4832 1775 4957 hanqlqrum
1791 4830 1822 4886 in

109 4904 278 5034 {iiiiii
305 4923 360 4963 ''⁰''
391 4906 599 4979 'mmm‘
622 4922 681 4964 ‘⁸⁸⁶
716 4910 870 4979 ⁶⁰l²²l²⁸⁰⁸
908 4907 942 4963 ‘²¹'
997 4903 1822 5097 ttll·batilli“ltutltllltt'tfidelia

147 5048 187 5115 (5)Ι
206 5049 284 5104 ldem
301 5048 371 5105 ibid.
387 5049 423 5105 Et
437 5048 565 5105 lacobus
576 5047 689 5106 Gilbort
705 5049 734 5104 in
756 5052 882 5106 tractatu
910 5049 946 5104 de
999 5047 1108 5105 Gallico
1122 5046 1261 5103 idiomate
1272 5046 1349 5129 typis
1364 5047 1504 5103 mandata
1515 5045 1643 5127 Parisiis¹
1651 5046 1699 5102 171
1722 5086 1728 5100 .
1750 5044 1822 5127 item

109 5117 188 5177 stete
210 5122 368 5191 apostolicae
382 5122 517 5192 priruotu,
534 5126 635 5192 quaest.
652 5122 679 5186 5,
696 5122 760 5190 §2²
791 5120 945 5194 Stephon-os
1036 5121 1067 5175 l).
1082 5118 1267 5176 lomberlum
1282 5134 1312 5174 ln
1329 5117 1442 5175 Prel'at.
1459 5118 1555 5190 operis
1570 5116 1673 5174 Gullrcr
1688 5132 1776 5174 rusori
1799 5119 1822 5172 tr

107 5190 249 5248 decretum
272 5192 460 5262 ‹bfinitoriom
475 5190 531 5248 edit
549 5191 621 5249 etot
646 5208 739 5249 omues
758 5191 849 5261 dilatos
877 5192 946 5248 diri·
1000 5192 1039 5247 les
1049 5190 1166 5248 ossum
1174 5190 1207 5246 de
1217 5196 1245 5247 S.
1266 5190 1385 5261 Cyprios
1397 5189 1530 5247 troduitcs
1547 5205 1584 5246 eo
1606 5189 1742 5261 frodonis,
1800 5186 1824 5244 it

108 5264 152 5337 pit
175 5268 206 5317 ut
233 5260 298 5319 ilios
326 5280 419 5320 omncs
447 5265 570 5320 instruat
595 5265 625 5319 in
653 5266 772 5319 retorterio
798 5266 822 5319 ct
847 5272 946 5335 porreto
1000 5268 1151 5334 Rotomag.
1169 5264 1247 5318 l‘lld.

108 5335 217 5393 rammi
236 5340 368 5392 rnonreuti
382 5352 436 5408 qao
455 5336 592 5405 oqcbolur
609 5334 641 5391 de
664 5335 812 5391 validitate
832 5336 873 5392 ool
888 5337 946 5391 nol·
1036 5336 1075 5408 (8)
1099 5334 1202 5403 Dupin,
1232 5331 1401 5391 Bibliotheca
1421 5334 1567 5390 doctorum
1593 5330 1702 5389 Eccles.
1726 5335 1782 5388 tom
1799 5328 1823 5399 1,

111 5406 198 5464 lirare
214 5406 409 5477 baptismatae
428 5423 479 5479 quo
493 5408 587 5463 nullm
600 5407 718 5463 celludri
726 5412 824 5476 polest,
849 5412 877 5463 et
899 5422 949 5477 per
1001 5422 1068 5478 pag.
1100 5409 1163 5463 53l.
1197 5407 1285 5462 Poris.
1313 5404 1392 5471 1088,
1417 5404 1445 5461 S.
1478 5404 1598 5477 Cyprias
1630 5412 1669 5462 sel
1704 5406 1825 5475 exempt,

112 5478 191 5537 illut
205 5477 341 5533 slecrelum
364 5479 483 5535 intendit
501 5479 621 5549 obliquis·
645 5494 738 5534 omues
755 5478 866 5535 «tantaleo
883 5479 948 5549 {ide-
996 5488 1029 5551 je
1040 5497 1074 5533 uc
1093 5478 1134 5533 de
1150 5494 1198 5550 pus
1218 5477 1369 5533 saudemont
1386 5475 1432 5532 des
1451 5492 1559 5533 erreurs
1578 5478 1735 5548 premieres,
1752 5476 1825 5531 mois

112 5550 154 5608 las
179 5549 214 5605 od
236 5550 401 5607 credendum
414 5568 469 5607 nort
489 5550 697 5622 rebaptizandos
715 5566 772 5608 esse
796 5551 949 5623 baptizator
1002 5550 1210 5606 omsialecollos
1222 5550 1269 5620 qui
1288 5558 1348 5604 sont
1366 5548 1468 5619 ttpdrer
1483 5554 1507 5605 et
1525 5565 1678 5607 corrtmaucr
1696 5549 1768 5607 dam
1787 5547 1826 5605 let

115 5622 153 5679 nt
168 5621 316 5681 hoereticis.
1002 5622 1083 5678 Perus
1102 5620 1147 5679 dos
1155 5622 1291 5695 premiere
1304 5620 1411 5677 sitalco.

153 5695 229 5753 item
246 5693 381 5754 detentor
395 5695 492 5754 mator
517 5693 617 5753 dottie.
647 5710 695 5753 an.
723 5694 792 5751 1682
813 5696 889 5767 part.
919 5710 950 5767 u,
