3892 6104
866 267 1063 334 uenenum

116 274 195 340 tete
1739 271 1816 343 ΗΕ)

115 410 185 465 elim
200 423 252 481 pre
267 406 438 479 argumente
449 401 628 476 proferebat,
642 420 705 475 qua
716 420 793 460 nunc
802 403 869 460 libri
881 402 934 459 ini·
948 406 975 473 Α
989 404 1113 460 randum
1129 407 1215 472 esset,
1232 403 1322 460 totius
1333 402 1506 461 Christlanee
1520 405 1615 478 plebis
1625 405 1704 462 oculi
1715 406 1747 462 in
1762 406 1815 480 Cy·

114 498 189 554 tium
205 500 358 570 putantur,
375 508 480 565 nempe
498 512 509 540 ι
526 492 602 565 qued
616 491 694 548 idele
708 493 748 548 dii
761 510 819 549 non
835 492 936 559 aint,et
990 493 1124 565 prianum
1135 492 1268 566 conjecti,
1279 496 1309 550 et
1320 510 1397 550 uuus
1409 493 1534 550 maxime
1545 494 1816 553 idoneusvisusest

115 584 192 660 qued
208 585 285 642 Deus
300 600 378 638 unus
393 582 442 649 sit,
472 584 500 638 et
528 580 605 652 quod
623 597 676 653 per
689 581 839 638 Christum
855 583 936 638 solus
989 581 1036 637 cui
1051 581 1181 638 Ecclesia
1195 581 1246 639 illa
1264 581 1449 654 amplissima
1474 583 1721 640 committeretur.
1737 583 1815 648 onae

115 673 305 732 credentibus
320 672 388 727 data
403 671 451 727 slt.
469 691 483 720 »
499 672 588 725 Perre
603 669 747 726 lectitatea
763 688 780 726 a
794 671 936 743 Cypriane
990 668 1038 725 ille
1054 675 1086 724 ut
1095 669 1196 736 sensit,
1208 668 1374 726 declinandi
1386 669 1573 741 pontificatus
1583 685 1687 737 causa,
1700 669 1815 742 publice

115 761 328 820 Tertullianum
340 763 368 815 et
383 758 554 826 Minucium,
567 757 614 813 hic
626 757 937 815 marimeliberosten-
990 774 1088 814 carere
1102 758 1198 830 coepit.
1215 781 1230 809 a
1246 757 1319 815 Cum
1341 758 1371 813 io
1395 757 1582 815 dilectionem
1598 759 1666 830 ejus
1682 762 1713 816 et
1728 758 1818 816 hene·

114 854 169 921 dit,
184 868 252 907 cum
268 847 361 905 multa
381 848 410 904 in
434 852 559 919 utreque
583 846 716 902 imitatus
737 848 785 914 sit,
802 848 935 920 quaedam
990 862 1063 913 rem,
1079 846 1175 918 inquit
1189 846 1310 903 Pontius
1323 848 1367 911 <ie
1385 847 1445 903 Vite
1459 849 1554 919 Cypr.,
1569 864 1601 902 a.
1617 848 1661 914 5),
1676 851 1759 903 tetus
1771 863 1818 919 pe-

114 941 202 997 etiam
218 956 252 995 ex
266 943 391 1009 utroque
406 935 561 1007 decerpsit.
572 935 715 992 Craterum
730 936 856 993 eruditio
872 937 937 1008 ejus
991 934 1079 1007 pules
1092 935 1240 1008 aspirante
1255 935 1390 1002 Domine,
1411 934 1572 1008 prosiliret,
1602 934 1762 992 humiliter
1774 935 1820 993 illa

113 1028 224 1103 passim
237 1028 356 1094 eminet,
367 1031 395 1082 et
407 1026 573 1081 Graecerum
584 1040 702 1096 queque
714 1026 890 1098 scriptorum
903 1040 936 1081 ac
991 1023 1345 1096 secessit,antiquieribue
1354 1023 1472 1091 cedens,
1483 1027 1513 1082 st
1522 1024 1684 1098 indignum
1695 1039 1729 1080 se
1738 1023 1820 1082 titulo

114 1115 337 1188 disciplinarum
348 1113 480 1170 emnium
492 1113 689 1185 cognitiones
703 1112 936 1186 vulgar-isquam
991 1112 1064 1168 tanti
1079 1112 1198 1169 honoris
1213 1112 1396 1170 existimaus.
1411 1132 1424 1165 ι

114 1206 165 1262 ille
175 1203 338 1261 Christiane
347 1201 458 1259 homini
468 1199 603 1258 inutilem
611 1218 669 1259 uon
678 1217 742 1258 esse
751 1200 862 1273 liquide
871 1217 938 1257 cen·
1026 1202 1079 1257 Sed
1096 1217 1131 1257 ea
1140 1201 1284 1258 modestia
1293 1203 1392 1258 studia
1403 1202 1502 1274 pepuli
1513 1202 1607 1259 auxit.
1619 1223 1635 1253 «ι
1649 1201 1819 1275 obsederat,

115 1294 253 1352 firmavit.
991 1290 1087 1364 pergit
1098 1289 1187 1361 idem,
1203 1289 1279 1347 loros
1288 1290 1396 1347 demus
1406 1291 1524 1365 copiosa
1533 1290 1722 1356 trateroitas,
1734 1294 1765 1348 et
1773 1307 1822 1365 par

152 1384 185 1440 ll.
203 1382 309 1438 Eodem
326 1396 402 1436 anne
418 1378 550 1435 Donatus
565 1379 721 1452 episcopus
741 1379 803 1449 J‘am
827 1377 936 1446 senior,
992 1395 1094 1436 omnes
1109 1379 1207 1436 aditus
1222 1378 1347 1436 sollicita
1362 1378 1490 1437 charitas
1505 1379 1663 1437 circuibat.
1673 1380 1756 1454 Euge
1766 1381 1820 1455 igi·

116 1477 204 1545 etque
218 1470 328 1537 anime,
344 1475 375 1524 ut
397 1468 533 1536 arbitror,
559 1466 657 1523 lutura
680 1468 868 1540 presagiens,
884 1470 936 1539 Cy·
991 1472 1041 1525 tur
1054 1466 1223 1538 interclusa,
1240 1468 1403 1540 parendum
1419 1466 1518 1541 pepuli
1529 1467 1761 1537 veluntatiiuit,
1772 1469 1820 1541 qui

116 1555 721 1635 prianum,cujusingenium,dectrinam.
734 1556 881 1620 virtutem,
895 1571 938 1612 re·
991 1562 1020 1614 et
1042 1561 1200 1614 venturum
1222 1557 1327 1614 anxius
1350 1561 1579 1630 exspectaverat,
1602 1562 1633 1614 et
1656 1558 1821 1615 venientem

114 1648 254 1722 ligionem
270 1645 480 1713 admirabatur,
496 1643 619 1716 dignum
637 1642 721 1717 plana
740 1644 832 1715 duxit,
849 1660 937 1716 quem
992 1645 1118 1718 denique
1127 1645 1234 1718 gaudie
1245 1645 1396 1702 exsultans
1405 1645 1527 1720 aceepit.
1541 1647 1694 1704 Ceterum
1703 1645 1735 1705 iu
1745 1663 1823 1703 sum·

115 1739 192 1793 inter
202 1735 336 1792 Ecclesia
348 1750 407 1790 suae
419 1733 605 1806 presbyteres
617 1737 776 1805 coeptaret.
788 1733 887 1805 Neque
897 1747 939 1789 ee·
993 1751 1042 1791 ma
1053 1733 1104 1790 illa
1113 1734 1278 1792 animarum
1286 1735 1479 1792 consensione
1489 1735 1684 1809 presbyteres
1694 1735 1822 1809 quinque

115 1827 178 1883 rius
204 1841 271 1881 eum
294 1824 386 1880 sacris
410 1821 558 1877 initiatum
582 1822 672 1878 statui
696 1826 800 1894 potest,
816 1837 883 1877 cum
903 1821 939 1877 de
993 1822 1136 1897 Cypriane
1151 1824 1319 1881 adversatos
1346 1823 1467 1892 scimus,
1496 1824 1548 1897 qui
1574 1823 1675 1881 multa
1688 1824 1778 1881 etiam
1793 1825 1821 1882 ie

115 1915 218 1973 eodem
234 1912 345 1970 scribat
362 1911 479 1968 Pontius
490 1912 532 1983 (ie
545 1911 607 1978 tu,
619 1928 647 1966 n.
661 1910 689 1983 3)
702 1926 708 1967 :
725 1934 739 1961 «
751 1910 843 1966 Multa
858 1913 937 1977 sunt,
992 1928 1060 1969 eum
1076 1917 1178 1985 postea
1202 1912 1294 1969 meliti
1317 1917 1387 1970 sunt
1408 1911 1570 1986 (Cypriam,
1584 1913 1678 1986 epist.
1695 1913 1752 1986 40),
1767 1930 1822 1970 nen

115 2021 179 2078 quer
190 2002 286 2059 adhuc
297 1998 541 2073 plebeius,multa
550 2015 612 2071 qua
619 1999 683 2071 jam
695 1999 848 2073 presbyter
859 1999 937 2070 lecit,
991 2001 1056 2072 ejus
1077 2017 1209 2074 unquam
1232 2000 1469 2069 mansuetudine,
1496 2017 1556 2057 nen
1580 2001 1742 2074 exemplis,
1766 2018 1821 2059 nen

115 2091 209 2149 multe
224 2108 287 2164 ques
309 2090 345 2145 ad
368 2094 498 2145 veterum
522 2086 654 2160 exempla
673 2088 824 2159 justorum
841 2086 937 2143 imite-
992 2087 1141 2146 beneficiis
1156 2088 1272 2161 placati.
1290 2112 1305 2140 a
1320 2090 1431 2145 Invitus
1446 2089 1522 2155 dieo,
1534 2089 1577 2145 ait
1589 2089 1717 2147 Pontius
1728 2090 1820 2161 (ibid,

114 2182 192 2238 tiene
206 2176 351 2236 consimili
367 2181 548 2250 prosecutus,
565 2177 757 2250 promerende
778 2175 937 2232 Dominum
991 2194 1021 2234 n.
1037 2178 1076 2249 5),
1091 2179 1143 2234 sed
1158 2182 1191 2233 ut
1205 2178 1300 2235 dicam
1317 2193 1435 2235 necesse
1449 2181 1505 2234 est.
1528 2178 1661 2243 Quidam
1676 2176 1720 2235 illi
1735 2179 1819 2236 resti·

113 2271 206 2328 tetius
217 2266 367 2341 religionis
377 2265 517 2338 obsequio
528 2265 680 2339 prestitit3
693 2286 708 2315 »
719 2280 772 2321 nec
781 2280 849 2321 vero
860 2263 939 2321 ultra
990 2269 1099 2334 terunt,
1114 2267 1202 2323 etiam
1217 2271 1251 2323 ut
1264 2267 1401 2324 vinceret.
1413 2267 1525 2332 Quibus
1536 2270 1640 2324 mmen
1652 2274 1768 2340 quanta
1779 2267 1819 2325 le·

115 2360 184 2416 anui
200 2354 385 2429 insequentis
398 2355 526 2427 spatium
542 2353 657 2409 dillcrre
672 2353 857 2424 pontificatus
872 2354 937 2425 ejus
990 2356 1090 2426 nitate,
1107 2371 1195 2428 quam
1212 2356 1366 2428 patienter,
1382 2372 1470 2429 quam
1494 2355 1708 2413 benevolenter
1721 2356 1818 2413 indul·

114 2448 232 2504 initium
249 2444 346 2513 liceat,
361 2443 440 2515 quod
457 2441 494 2498 ab
509 2457 542 2498 ee
557 2441 586 2497 in
601 2441 734 2514 epistolis
744 2456 802 2497 non
814 2441 937 2498 obscure
990 2443 1038 2512 sit,
1053 2461 1143 2516 quam
1154 2443 1313 2502 elementer
1323 2444 1449 2518 ignevitl
1460 2444 1727 2503 amicissimeaeos
1741 2449 1819 2518 post·

115 2536 297 2608 designetur.
312 2533 442 2604 Scriptus
456 2548 473 2587 a
488 2531 639 2603 Cypriane,
653 2545 721 2586 cum
733 2530 884 2603 presbyter
893 2547 937 2586 es·
990 2534 1111 2590 medum
1122 2533 1236 2591 etintsr
1246 2533 1427 2591 necessarios
1440 2538 1629 2606 computans,
1641 2534 1818 2591 mirantibus

115 2631 170 2693 aet,
181 2631 240 2679 tres
250 2622 341 2678 libros
352 2621 577 2676 Testimoniorum
586 2618 842 2689 adeersusiudaees,
858 2619 936 2675 idem
990 2621 1109 2691 multis;
1126 2621 1173 2679 cui
1183 2622 1261 2679 enim
1273 2626 1372 2694 posset
1381 2639 1440 2679 non
1450 2638 1514 2680 asae
1526 2622 1677 2680 miraculo
1688 2629 1753 2680 tam
1764 2638 1817 2680 me

114 2715 222 2771 librum
238 2711 271 2768 de
286 2711 386 2767 Habitu
406 2711 558 2779 uirginem,
578 2724 666 2781 quem
683 2707 727 2764 bia
744 2707 937 2782 Hieronymus
990 2711 1122 2769 meriosae
1137 2711 1246 2768 mentis
1260 2709 1391 2768 oblivio?
1405 2733 1421 2762 »

112 2801 262 2876 egregium
286 2799 422 2856 volumen
444 2796 571 2870 appellet
594 2797 693 2869 (Epist.
717 2797 752 2853 ed
767 2796 892 2854 Eusteclt.
908 2799 938 2853 et

112 2892 147 2948 ed
162 2887 313 2956 eameram
339 2887 437 2960 opinio
461 2884 622 2942 multorum
641 2890 695 2954 est,
720 2902 809 2959 quam
834 2889 863 2941 et
878 2885 937 2941 ler-

113 2979 199 3037 mula
215 2978 349 3051 quadam
365 2977 394 3031 in
411 2975 456 3032 his
480 2974 625 3048 Cypriane
650 2979 796 3048 usurpata
812 2991 936 3048 persua·

115 3070 213 3125 deant.

1184 2889 1280 2931 ansus
1299 2890 1490 2932 csaisruuos
1508 2889 1621 2932 coxam.

1053 2979 1235 3037 CYPRIANO
1256 2980 1422 3038 EPISCOPO
1446 2980 1759 3038 cauvsautuen'st.

1027 3103 1049 3160 l.
1064 3103 1205 3161 Consules
1218 3103 1552 3176 precesseruntl'ulvius
1567 3104 1752 3163 AEmilianus
1766 3105 1816 3162 ite·

992 3209 1069 3262 rum,
1085 3191 1200 3250 Vettius
1218 3194 1383 3266 aquilinus.
1411 3193 1476 3250 Fuit
1493 3193 1541 3251 hic
1562 3211 1664 3252 annus
1689 3194 1815 3251 Ecclesia

990 3283 1076 3355 plene
1090 3281 1254 3349 luctuosus,
1270 3282 1414 3356 Philippis
1428 3284 1521 3356 Augg.
1545 3283 1681 3340 militum
1697 3283 1815 3340 lectione

990 3369 1126 3438 sublatis,
1142 3387 1267 3444 querum
1285 3373 1379 3429 lavere
1394 3375 1458 3428 tuta
1468 3387 1515 3428 res
1526 3371 1701 3429 Christiana
1716 3373 1814 3439 luerat,

150 3463 173 3514 t.
191 3458 321 3515 Rursum
337 3456 509 3514 consulatus
524 3471 614 3528 penes
628 3459 786 3527 Augustos,
802 3455 857 3512 luit
869 3455 937 3512 Phi·
990 3460 1165 3532 imperiique
1179 3460 1341 3516 summaad
1352 3459 1473 3516 Decium
1484 3458 1596 3533 delata,
1608 3477 1702 3534 quem
1713 3460 1815 3518 edicio

114 3546 228 3620 lippum
240 3551 351 3619 petrem
363 3561 405 3615 111,
418 3543 585 3616 Philippum
597 3544 690 3600 filium
702 3560 731 3600 11·
744 3543 802 3601 Nec
812 3544 937 3600 dublum
990 3547 1172 3606 Christianos
1187 3548 1358 3621 llagrantem
1371 3547 1490 3621 publice
1504 3550 1669 3606 auctoritas
1683 3549 1816 3607 omnibns

115 3639 161 3691 est
174 3651 208 3691 ea
223 3636 348 3689 maxime
363 3633 399 3690 de
410 3631 642 3690 causaconaules
654 3638 708 3687 hoc
723 3648 800 3689 anne
815 3633 938 3691 relectus
990 3637 1078 3694 rebus
1093 3636 1236 3693 armabat.

115 3739 180 3781 esse
196 3727 355 3796 Augustos,
372 3722 450 3794 qued
466 3721 491 3777 is
507 3721 579 3777 leret
593 3738 610 3776 a
624 3720 742 3776 condita
758 3719 831 3778 Urbe
846 3720 937 3778 mille·
1026 3725 1061 3782 11.
1079 3730 1203 3782 Pacatus
1218 3731 1317 3782 tamen
1329 3725 1359 3782 iu
1369 3725 1468 3783 atrion
1480 3730 1560 3783 totus
1571 3725 1702 3784 defluxit
1717 3742 1815 3797 annus,

116 3811 230 3868 simus:
246 3811 331 3881 cuius
341 3810 382 3866 rei
394 3826 461 3883 erge
475 3807 536 3864 ludi
550 3808 769 3881 apparatissimi
785 3809 852 3866 laeti
867 3814 938 3868 sunt
989 3815 1131 3888 licuitque
1146 3815 1289 3887 Cypriane
1303 3814 1452 3871 assiduam
1468 3815 1498 3871 in
1514 3814 1619 3888 pepuli
1636 3815 1816 3873 institutione

112 3917 142 3956 xv
158 3898 220 3957 llal.
237 3899 339 3967 Maias,
351 3916 407 3970 que
421 3900 467 3954 die
477 3915 573 3954 annus
583 3896 760 3954 millesimus
771 3898 884 3970 primus
894 3899 938 3956 in·
990 3920 1107 3976 operam
1125 3919 1243 3977 ponere,
1259 3909 1288 3959 et
1302 3903 1338 3959 ds
1353 3904 1457 3961 officiis
1472 3903 1562 3961 etiam
1591 3906 1630 3961 ad
1655 3905 1815 3979 episcopos,

113 3989 286 4056 cheebatur,
301 3989 432 4060 itemque
447 4003 549 4043 novem
560 3985 626 4042 aliis
642 3986 852 4058 sequentibus:
867 4005 937 4045 con·
990 3992 1122 4065 quicum
1138 3990 1339 4063 consulebant,
1356 4009 1495 4065 respousa
1509 3993 1592 4050 dare.
1604 3993 1773 4068 Scripserat
1783 3992 1815 4049 ad

112 4077 206 4150 giaria
219 4076 308 4133 etiam
324 4077 360 4133 ab
380 4077 484 4133 lm
506 4075 647 4147 augustia
668 4075 775 4147 popule
790 4077 869 4148 data,
884 4093 937 4134 nec
990 4096 1057 4139 eum
1073 4083 1225 4137 Eucratius
1240 4080 1395 4153 episcopus
1413 4080 1598 4137 Thenitanus
1614 4082 1651 4138 de
1664 4081 1814 4151 histrione,

112 4182 213 4222 cerum
229 4165 392 4238 quidquam
404 4165 558 4234 emissum,
571 4180 634 4236 qus
647 4162 720 4221 elias
730 4163 809 4221 ludis
820 4164 937 4223 ascula·
991 4169 1041 4242 qui
1053 4168 1162 4225 Thonis
1172 4168 1372 4224 Christianum
1381 4184 1412 4224 aa
1423 4168 1815 4242 professushistrienamla·

113 4254 195 4312 ribus
211 4255 287 4311 t'acta
301 4271 366 4311 ease
381 4254 544 4311 constabat.
990 4274 1054 4314 esre
1063 4261 1424 4331 pergeretrogaveratqus,
1434 4273 1506 4313 num
1518 4256 1547 4312 id
1561 4257 1726 4315 ferendum
1735 4262 1813 4316 essct

149 4344 184 4400 ll.
200 4346 315 4400 atvero
336 4343 462 4400 Ecclesia
483 4340 721 4414 Carthaginensis
742 4341 843 4397 eodem
859 4359 936 4400 anno
990 4345 1095 4403 lm
1113 4346 1193 4400 llunc
1207 4361 1273 4400 vere
1293 4344 1443 4402 hominem
1466 4345 1637 4419 Cyprianus
1651 4348 1753 4421 (epist
1765 4346 1814 4418 till,

113 4436 259 4488 Donatum
274 4432 445 4504 episcopum
462 4430 578 4486 emisit:
597 4431 682 4501 cujus
698 4430 817 4501 quidem
833 4431 935 4489 laudes
990 4451 1057 4492 cum
1074 4433 1213 4508 magister
1227 4438 1256 4489 et
1277 4433 1380 4491 doctor
1400 4434 1475 4492 leret
1494 4451 1552 4491 uon
1576 4436 1813 4506 erudiendorum,

113 4519 197 4576 nobis
213 4520 470 4591 indiditvetustas,
482 4536 544 4590 que
559 4519 636 4575 lacta
650 4518 715 4590 ejus
732 4535 822 4592 prope
837 4519 937 4576 omnia
950 4508 974 4575 D
989 4523 1040 4581 sed
1051 4522 1266 4598 perdendorum
1278 4525 1679 4594 puerorum,eommunicare
1689 4523 1813 4582 Ecclesia

113 4609 257 4666 oblivione
277 4610 452 4667 obscuravit.
477 4608 550 4664 Nam
575 4609 610 4664 de
632 4624 665 4664 se
685 4607 721 4663 ad
744 4624 808 4679 uos,
833 4613 936 4681 preter
990 4629 1048 4670 nen
1063 4612 1168 4668 debere
1183 4610 1354 4683 respendit;
1371 4611 1712 4685 quippenecmajestati
1722 4612 1814 4670 didos

113 4697 217 4772 privati
228 4697 353 4755 haretici
366 4698 594 4761 damnationem,
606 4713 694 4768 quam
708 4697 844 4768 superius
855 4713 935 4755 cem·
990 4717 1044 4758 neo
1058 4699 1232 4773 evangelice
1247 4699 1408 4771 discipline
1430 4716 1595 4773 congruere
1609 4701 1777 4771 videbatur,
1789 4704 1815 4756 ut

291 3224 385 3265 ansus
412 3223 599 3264 oraverimus
627 3222 757 3263 ocxsvru.

179 3315 359 3373 CYPltlltNC
378 3313 549 3371 EPlSCOPO
572 3312 871 3370 CARTHAGINENSI.

112 4786 351 4854 memoravimus,
368 4785 442 4841 nihil
457 4784 597 4858 pervenit.
615 4784 670 4840 Sed
687 4791 783 4839 tamen
801 4801 857 4841 nen
873 4786 936 4846 aine
991 4791 1085 4864 pudor
1099 4793 1128 4845 ct
1142 4789 1236 4845 honor
1250 4787 1384 4844 Ecclesia
1398 4792 1459 4845 tam
1469 4788 1548 4861 turpi
1560 4789 1713 4847 etiosami
1727 4794 1814 4847 muta·

112 4875 263 4932 laboribus
279 4876 342 4946 ejus
358 4872 669 4945 meritisqusevsnisse
684 4873 865 4929 censendum
880 4878 935 4944 est,
991 4879 1076 4952 giem
1093 4878 1259 4934 foedaretur.
1276 4899 1290 4928 «
1314 4877 1371 4934 Nee
1391 4882 1510 4936 excuset
1530 4893 1563 4934 ee
1591 4878 1812 4952 quisquamne

114 4968 147 5020 ut
176 4963 337 5036 presbyteri
364 4968 393 5019 et
415 4963 528 5018 diaconi
559 4960 691 5016 Ecclesia
721 4960 857 5017 Romana
879 4979 936 5019 non
992 4968 1066 5040 quit,
1082 4969 1107 5024 si
1123 4965 1345 5038 atheatreipas
1369 4966 1536 5036 cessaverit,
1553 4984 1625 5025 cum
1646 4972 1749 5026 umen
1769 4967 1813 5023 het

115 5052 208 5108 multe
224 5057 290 5125 post
304 5054 329 5124 ej
335 5071 368 5109 ua
384 5056 507 5109 mortem
523 5050 559 5106 ad
575 5049 751 5122 cyprianum
764 5051 936 5122 scribentes,
992 5064 1110 5115 caeteros
1125 5056 1238 5111 deceat.
1254 5055 1317 5111 Non
1340 5059 1436 5128 petest
1455 5055 1535 5112 enim
1559 5056 1658 5113 videri
1681 5068 1810 5116 cessum

113 5141 374 5214 Carthaginensem
390 5140 550 5197 Ecclesiam
569 5154 670 5194 recena
684 5154 701 5193 a
717 5141 826 5195 Donato
841 5141 936 5197 admi·

113 5229 270 5287 nistratam
301 5230 437 5302 preclare
465 5227 515 5284 ille
553 5227 648 5300 elegio
675 5228 936 5287 commendarent:

116 5338 130 5366 «
145 5317 296 5388 Novimus,
313 5319 451 5392 inquiunt
465 5317 561 5391 (epist.
571 5316 617 5384 30,
629 5316 703 5372 inter
715 5314 848 5388 Cypriae.
870 5318 937 5376 Car·

116 5403 299 5478 thagincnsls
310 5408 439 5465 Ecclesia
453 5407 551 5475 fidem,
562 5404 696 5461 novimus
707 5404 938 5479 institutionem,

116 5493 253 5550 nevimus
269 5495 480 5553 humilitatem.
498 5517 512 5545 u

153 5579 200 5637 111.
223 5584 241 5636 Α
258 5583 359 5640 nenati
375 5589 480 5657 morte,
496 5597 565 5641 eum
589 5581 625 5640 de
647 5596 815 5640 successore
829 5584 939 5643 delibe-

991 5145 1041 5216 qui
1056 5143 1177 5200 vicarios
1192 5143 1357 5210 substituit,
1367 5149 1396 5200 et
1406 5144 1456 5217 qui
1467 5161 1520 5217 pro
1530 5160 1564 5201 se
1575 5162 1637 5202 une
1649 5145 1811 5219 pluressoe·

992 5234 1134 5289 cedaneos
1144 5231 1275 5304 suggerit
1282 5237 1383 5289 eontra
1389 5231 1492 5289 institu
1497 5233 1609 5290 tionem
1620 5233 1811 5303 bateradus

993 5326 1022 5379 et
1032 5323 1140 5378 decens
1151 5321 1401 5394 quemadmodum
1412 5321 1563 5380 masculus
1578 5319 1813 5398 frangaturinle·

993 5409 1116 5479 minam,
1131 5412 1161 5465 et
1175 5424 1262 5465 sexus
1276 5414 1338 5466 arte
1353 5415 1496 5480 mutetur,
1511 5412 1541 5467 et
1556 5411 1683 5470 diabolo
1695 5412 1811 5470 divinum

993 5501 1108 5573 plasma
1123 5496 1283 5554 maculanti
1302 5508 1352 5572 pet
1367 5499 1496 5573 corrupti
1509 5501 1750 5574 atqueenervau'
1762 5513 1811 5557 cet·

994 5588 1074 5662 poris
1088 5586 1196 5648 delleta
1209 5585 1368 5665 placeatur.
1384 5612 1397 5645 s
1415 5592 1526 5649 Verum
1541 5589 1616 5669 quia
1631 5590 1767 5653 luterum
1777 5587 1810 5645 ia·
