3892 6104
103 39 120 49 ..
136 39 208 91 ,31¹
221 40 233 89 ,ἱ
255 39 261 43 .
309 40 333 71 Ι.

79 82 191 167 ].;ιι,,“;ᾒ“,
258 82 285 147 ”·,
298 78 301 83 ¹
320 114 333 135 ι-
352 82 363 91 ’

131 300 195 365 set
686 306 739 367 uu
758 303 859 367 einis
880 304 1058 369 suuntcts
1079 306 1285 369 EPIS'l'ObA.
1780 306 1842 369 986

131 434 348 503 dicaretur,uut
359 437 514 495 mundum.
527 436 788 495 itabeneolertinm
802 438 958 494 maximum
974 442 1115 509 Anulum
1131 442 1266 511 poteraut
1279 436 1427 495 intellecto
1443 436 1509 509 plus
1523 436 1554 493 in
1578 436 1747 495 bominibus
1768 439 1840 497 vitis

131 524 273 583 iacienda
286 525 460 583 animalium
477 526 670 599 separationis
685 527 905 601 instituitque
928 528 959 584 in
1014 528 1161 600 fugiende,
1177 546 1242 601 quus
1257 529 1316 585 Lex
1330 528 1501 585 damnasset
1514 528 1602 585 etiem
1618 526 1648 585 in
1672 527 1839 601 pecoribus.

130 630 223 672 unam
251 614 464 671 benedictionis
493 617 616 672 l'ormam
641 616 813 672 constitutio
839 617 960 689 antiqua
1012 618 1086 675 Num
1099 619 1217 692 quaudo
1231 617 1564 674 irrationulsanimuiob
1575 617 1687 691 aliquid
1698 618 1840 693 rejicitur,

129 704 286 761 contraxit.
303 703 377 770 Ouid
395 701 485 777 igitur
500 704 658 761 dinamus?
686 706 878 761 immundans
901 706 959 777 (17)
1013 710 1109 781 magis
1123 706 1197 763 illud
1213 708 1311 780 ipsum
1328 707 1357 761 in
1373 724 1407 763 co
1422 707 1471 779 qui
1487 707 1638 763 rationulis
1654 712 1699 764 est
1720 708 1840 767 homine

127 808 200 865 ergo
216 790 382 848 animalia?
398 791 472 859 Quid
487 798 533 850 eet
548 793 625 848 anim
641 792 734 861 eliud,
750 810 807 849 non
837 794 959 865 munda,
1013 796 1180 851 damnatur.
1197 798 1231 850 ut
1245 795 1271 850 si
1289 794 1318 849 in
1332 810 1365 849 eo
1380 794 1491 867 aliquid
1508 796 1585 867 quod
1600 814 1635 851 ex
1656 800 1762 853 nature
1784 796 1839 855 hc·

125 897 218 953 quum
230 898 297 953 quas
314 880 370 937 Lex
385 898 402 937 u
417 882 549 937 ciborum
576 882 678 938 usibus
703 882 869 954 separavit?
883 882 957 947 Quid
1013 884 1062 939 bet
1075 884 1159 955 quasi
1174 882 1431 955 inquinamentum
1447 888 1582 941 notatur:
1600 884 1667 958 plus
1682 884 1838 959 culpabile,

126 969 958 1043 enimetilludquedjumdiximus?Enguinslitutoruon
1012 989 1080 1029 cum
1100 972 1173 1028 illud
1202 976 1303 1029 contra
1327 976 1463 1028 naturum
1492 972 1521 1027 in
1551 972 1670 1030 bomine
1698 976 1840 1048 comperi-

127 1060 309 1115 mundorum
324 1060 413 1125 Deus,
429 1059 705 1131 eteulpnlectorum
717 1061 745 1116 in
758 1062 898 1117 artificem
911 1078 958 1117 re·
1012 1065 1061 1116 tur
1075 1060 1141 1133 (21).
1157 1062 1244 1133 Ergo,
1268 1067 1302 1116 ut
1326 1060 1461 1117 homines
1485 1063 1710 1135 mundarentur,
1734 1080 1840 1137 pecora

127 1148 286 1213 dundabil,
303 1150 354 1221 qui
370 1165 427 1204 nou
445 1149 554 1204 munde
569 1150 706 1221 produxit
722 1166 728 1206 :
754 1150 831 1222 quod
857 1150 958 1222 utique
1012 1150 1128 1222 culpata
1139 1154 1208 1207 eunt
1220 1168 1227 1218 ;
1240 1150 1352 1205 seilicet.
1364 1154 1396 1206 ut
1406 1155 1434 1206 el
1445 1150 1578 1206 homines
1588 1152 1639 1223 qui
1652 1154 1752 1207 eudem
1769 1153 1841 1212 vitiu

127 1235 372 1293 dicereextreme
396 1254 578 1310 summeque
602 1239 756 1295 dementire
784 1244 838 1307 est,
864 1240 957 1296 Deum
1011 1238 1162 1309 heberent,
1173 1237 1300 1311 equales
1312 1239 1464 1311 pecoribus
1474 1239 1691 1295 aestimarentur
1701 1240 1839 1315 (22).οιιο

127 1325 880 1398 accusansqussiinstit-ueritimmunda,rtdivine
895 1346 957 1385 me·
1011 1328 1838 1401 pectolaotumest,utnecenimuliednmuarcuturab
1931 1368 1935 1375 ·

122 1416 227 1488 jusisti
244 1416 588 1488 crimeninlerre,quasi
605 1418 703 1473 lecerit
720 1418 862 1490 reproba:
885 1435 957 1489 prae·
1012 1418 1192 1487 lnetitutore,
1210 1418 1256 1475 sui
1285 1417 1389 1491 culpe;
1418 1422 1446 1473 et
1475 1418 1609 1474 homines
1632 1418 1662 1474 iu
1685 1420 1839 1492 pecoribus

126 1508 232 1561 sertim
248 1520 316 1561 oum
331 1509 360 1560 et
374 1505 563 1577 pronuntiata
577 1506 638 1562 sint
650 1506 730 1562 uelde
745 1506 816 1562 bona
843 1506 919 1576 (Gen.
935 1523 956 1574 t,
1011 1507 1117 1565 eruditi
1132 1509 1168 1563 nd
1184 1507 1406 1563 immoculatam
1422 1507 1616 1564 institutionis
1633 1526 1693 1564 suu
1718 1514 1839 1581 possent

124 1594 186 1665 21),
201 1598 230 1649 et
245 1610 310 1665 que
326 1594 403 1651 bona
417 1598 449 1651 ut
463 1602 614 1651 crescerent
640 1598 666 1651 et
693 1596 956 1668 multiplicarentur,
1012 1598 1261 1654 redirennturem.
1273 1598 1524 1653 considerandum
1536 1598 1768 1671 euimquomodo
1780 1600 1839 1657 Len

126 1682 362 1741 benedictionem
379 1683 415 1740 ab
430 1684 493 1756 ipso
511 1690 566 1740 neo
579 1684 638 1741 siut
653 1690 807 1742 consecuta
818 1702 824 1752 ;
836 1686 958 1759 iusuper
1012 1687 1123 1743 munda
1138 1691 1166 1742 et
1177 1704 1235 1743 nou
1264 1687 1375 1743 munds
1400 1686 1556 1743 disceruit:
1583 1688 1703 1753 Mrrnrla,
1728 1688 1837 1762 inquit,
1858 1736 1862 1741 .

125 1774 214 1831 ctiam
230 1774 310 1847 (itta.
327 1775 574 1847 v11,2)inurcuin
588 1776 647 1831 Noe
658 1782 801 1848 precepto
813 1776 957 1833 Crantoris
1011 1780 1037 1832 et
1052 1777 1196 1832 ruminant
1208 1780 1234 1833 et
1248 1776 1382 1846 arinulam
1397 1774 1524 1847 findunt;
1540 1776 1685 1833 immundo
1700 1784 1837 1835 neutrum

125 1862 262 1939 ipserum
279 1866 315 1922 sd
331 1865 461 1922 sobolem
488 1871 651 1921 reservata:
682 1871 714 1922 ut
737 1872 767 1923 et
791 1868 957 1925 necessarie
1012 1864 1133 1933 iaciunt,
1151 1869 1202 1921 eut
1216 1881 1249 1921 ex
1265 1865 1380 1921 duobus
1396 1881 1488 1921 uuum
1510 1864 1630 1937 aliquid.
1654 1864 1760 1922 Omnia
1779 1867 1839 1924 istu

127 1956 336 2029 probarentur,
353 1956 423 2011 dum
441 1956 664 2023 custodiuntur;
679 1961 707 2012 et
721 1956 808 2024 bonu,
824 1957 894 2011 dum
909 1972 958 2011 ne·
1010 1971 1090 2010 unus
1102 1952 1205 2010 artilex
1220 1953 1303 2021 iecit;
1319 1960 1344 2009 et
1361 1952 1411 2025 qui
1440 1952 1507 2009 fecit
1524 1952 1588 2025 ipse
1611 1954 1768 2013 benedixit.
1793 1955 1838 2013 ln·

128 2046 270 2109 cessaria,
287 2046 501 2117 probarentur:
517 2043 585 2099 licet
599 2044 638 2100 ibi
656 2059 770 2117 quoque
790 2045 829 2101 sit
850 2044 957 2100 discri·
1011 2042 1194 2099 stitutionem
1210 2042 1301 2115 igitur
1322 2043 1463 2098 mundam
1489 2043 1642 2115 utriusque
1665 2042 1834 2117 conspicio;

129 2149 199 2189 men
214 2134 362 2201 adiectum
378 2134 446 2205 (18).
461 2134 516 2189 Sed
537 2140 635 2190 tamen
654 2132 698 2189 vel
721 2138 792 2189 tunc
810 2133 957 2189 institutio
1011 2130 1081 2204 quia
1096 2136 1123 2188 et
1139 2131 1189 2205 qui
1206 2132 1334 2187 instituit
1349 2136 1470 2188 sanctus
1488 2135 1542 2197 eat,
1562 2135 1591 2187 et
1613 2148 1676 2205 quae
1701 2132 1837 2192 institute

127 2222 257 2279 istorum
272 2239 330 2278 uon
347 2224 526 2278 mundorum
544 2222 957 2296 tundituspotuissetaulerci,
1011 2224 1081 2275 sunt
1095 2219 1211 2292 culpam
1227 2237 1284 2277 nou
1301 2220 1419 2291 hubent,
1436 2222 1505 2276 dum
1522 2220 1576 2276 boc
1590 2222 1746 2295 suntquod
1762 2222 1837 2282 laets

130 2310 294 2383 sipropter
322 2312 579 2383 inquinamentum
609 2329 696 2368 suum
724 2311 873 2368 debuisset
900 2311 957 2381 (19)
1011 2314 1091 2366 suut.
1107 2308 1223 2365 Crimen
1239 2310 1317 2366 euim
1331 2327 1484 2383 nunquam
1499 2315 1614 2379 natura,
1630 2311 1680 2366 sed
1700 2310 1837 2368 voluntas
1888 2324 1891 2329 '

128 2400 250 2457 aboleri.
1011 2414 1145 2472 perversa
1173 2399 1303 2473 excipere
1327 2402 1487 2456 consuevit.
1512 2399 1585 2466 Ouid
1611 2416 1679 2473 ergo
1708 2400 1775 2457 esti
1802 2401 1836 2458 ln

451 2490 568 2547 CAPUT
588 2490 636 2547 ill.
1011 2487 1189 2545 animalibus
1201 2505 1296 2545 mores
1308 2488 1509 2563 depinguntur
1521 2489 1656 2555 humani,
1670 2493 1699 2544 et
1709 2492 1835 2555 aetnaei

124 2578 188 2635 lien
203 2578 342 2651 culpanda
353 2580 445 2650 itaque
461 2580 605 2635 immunde
618 2580 769 2650 aetimatio,
794 2597 828 2635 ne
850 2582 880 2637 in
901 2580 956 2634 dra·
1009 2575 1252 2649 voluntatens).
1269 2578 1370 2634 Mundi
1386 2584 1466 2649 suut,
1482 2578 1507 2633 si
1523 2578 1682 2645 ruminent,
1699 2578 1727 2634 id
1744 2578 1834 2635 estin

160 2654 274 2779 fimet
287 2651 957 2795 gglggqgffsseczssclii'ur’l‘lmllouglzffi5:225?ss
1010 2682 1058 2723 ore
1073 2682 1189 2739 semper
1218 2667 1345 2723 babeant
1372 2668 1456 2739 quiesi
1483 2667 1581 2768 eibum
1612 2671 1757 2769 praecepta
1790 2666 1834 2723 di-

161 2796 259 2877 eoqui
279 2796 426 2851 rationalis
454 2802 493 2850 est
520 2764 630 2851 bomine
657 2796 803 2850 danencurt:
830 2798 860 2851 in
891 2796 955 2850 nni·
1010 2754 1608 2828 v¹n³(24l'Ungul⁸mfindunt’ffi'fim
1631 2758 1725 2829 gradu
1749 2771 1834 2812 Μ’

162 2868 286 2922 manum
298 2864 415 2939 proinde
431 2882 520 2923 mom
541 2866 683 2937 gumano„
708 2874 783 2923 ΜΗ(
806 2870 833 2922 ep
861 2864 956 2922 volun,
1009 2843 1121 2915 ceutise,
1133 2844 1257 2914 justitie
1273 2844 1426 2916 omnisque
1440 2844 1557 2901 virtutis
1569 2846 1634 2901 vitm
1651 2846 1754 2901 itinera
1768 2861 1835 2902 cou-

162 2940 234 2993 tulee
246 2937 371 3009 depinpi.
1009 2932 1121 2989 liniant.
1141 2934 1247 2989 Eorum
1262 2933 1339 2990 enim
1356 2950 1419 3006 quae
1436 2934 1464 2989 iu
1484 2935 1558 2991 dues
1580 2933 1707 3008 ungulas
1728 2934 1833 3007 pedem

162 3026 315 3093 Quatenus
331 3042 401 3098 ergo
413 3026 458 3099 (ut
471 3026 609 3099 Apostolo
639 3030 757 3082 auctore
780 3026 954 3082 monstravi·
1009 3022 1153 3091 dividunt,
1170 3023 1308 3080 mbustue
1319 3038 1436 3097 semper
1450 3023 1595 3080 incessus:
1606 3024 1676 3079 dum
1686 3022 1832 3081 lubricum

127 3116 208 3187 mus)
224 3115 364 3188 spiritalis
379 3116 435 3172 Lex
449 3114 507 3171 ists
521 3116 693 3189 spirituliter
707 3114 874 3188 recipienda
897 3120 953 3185 est,
1008 3112 1098 3183 partis
1114 3112 1234 3169 ulterius
1249 3112 1367 3185 ungulae
1394 3113 1577 3170 firmamento
1601 3112 1729 3181 fulcitur,
1753 3117 1782 3170 et
1802 3113 1833 3169 iu

128 3208 162 3260 ut
179 3204 262 3277 tegis
278 3206 350 3261 ratio
365 3205 464 3261 divino
487 3210 516 3261 et
543 3210 622 3281 certa
649 3204 830 3278 praestetur?
858 3202 955 3261 Primo
970 3196 992 3263 C
1009 3200 1123 3275 vestigii
1132 3202 1277 3259 soliditate
1287 3204 1439 3259 retinetur.
1451 3202 1498 3259 Sic
1509 3202 1702 3274 quineutrum
1712 3201 1834 3272 iaciunt,

127 3294 308 3349 caedendum
319 3296 365 3350 est
379 3294 520 3367 quidquid
533 3294 672 3351 estaDeo
685 3294 955 3361 institutummun·
1009 3288 1156 3346 immundi
1170 3295 1259 3348 sunt:
1276 3308 1400 3364 quorum
1415 3308 1469 3347 uec
1493 3291 1522 3347 in
1546 3291 1703 3348 virtutibus
1729 3292 1834 3349 liumus

129 3382 200 3438 dum
217 3398 293 3449 esse,
309 3382 623 3455 etipsaiustitutionis
652 3386 825 3439 auctoritate
848 3399 955 3455 purga·
1009 3378 1161 3451 ingressus
1178 3380 1234 3453 (25)
1250 3384 1303 3449 est,
1335 3396 1387 3437 nco
1414 3380 1579 3439 diuinorum
1610 3384 1833 3453 praeceptorum,

127 3474 320 3541 tumtneque
335 3471 527 3545 culpandum,
544 3488 579 3527 ne
594 3469 623 3527 iu
641 3477 795 3527 Auctorem
810 3470 897 3543 culpa
911 3488 955 3529 re·
1010 3483 1092 3523 more
1106 3467 1186 3525 illius
1201 3470 1409 3526 ruminationis
1424 3470 1492 3543 (26),
1522 3470 1625 3526 teritur
1639 3470 1716 3529 {le
1731 3470 1829 3531 cibus.
1938 3532 1942 3537 ,

128 3564 257 3617 vocetur.
273 3560 383 3617 Deinde
399 3559 504 3633 Legem
520 3562 555 3617 ad
571 3560 626 3617 hoc
641 3561 710 3616 tiliis
735 3560 823 3617 lsrael
844 3561 955 3631 datam,
1009 3556 1083 3613 Num
1099 3558 1192 3630 etqui
1208 3560 1332 3616 alterum
1353 3560 1474 3628 laniunt,
1491 3577 1544 3616 nec
1558 3558 1616 3633 ipsi
1632 3559 1746 3631 muudi,
1762 3559 1834 3618 dum

130 3652 161 3705 ut
171 3664 223 3723 per
234 3647 315 3705 illam
328 3650 539 3721 prosscerentet
553 3650 681 3707 redirent
692 3650 727 3706 ad
742 3666 838 3706 mores
851 3650 955 3717 bonos,
1010 3651 1080 3702 sunt
1094 3664 1128 3703 ex
1143 3645 1234 3705 altero
1245 3648 1366 3717 debiles,
1382 3665 1435 3706 uec
1452 3649 1480 3705 iu
1497 3654 1621 3722 utroque
1645 3649 1773 3723 perlecti.
1798 3650 1835 3707 Hi

130 3754 202 3812 quos
217 3754 285 3795 cum
306 3755 322 3793 ιι
337 3737 473 3795 Patribus
488 3740 545 3811 (20)
572 3739 763 3813 accepissent,
779 3739 809 3793 iu
834 3739 955 3812 AEgypto
1011 3740 1108 3792 autem
1120 3741 1191 3793 snut
1205 3742 1256 3793 aut
1271 3743 1430 3813 utrumque
1440 3738 1590 3807 lenientes,
1607 3743 1639 3795 ut
1648 3738 1771 3808 Fideles,
1784 3740 1835 3813 qui

129 3827 739 3902 pmptercousuetudiuembarbaregeutis
754 3831 955 3901 corruperunt.
1012 3824 1135 3893 mundi;
1152 3830 1203 3882 eut
1217 3826 1354 3895 alterum,
1380 3832 1413 3884 ut
1439 3828 1531 3884 ludaei
1559 3832 1588 3885 et
1611 3828 1753 3899 Haeretici,
1782 3830 1835 3901 qui

129 3914 259 3989 Denique
275 3921 303 3973 et
316 3917 416 3973 decem
440 3918 595 3975 Sermones
618 3916 660 3974 illi
684 3918 714 3973 in
742 3916 852 3973 tabulis
882 3916 956 3971 uibil
1010 3919 1080 3969 sunt
1093 3912 1257 3985 inquinati;
1273 3920 1324 3971 aut
1337 3920 1484 3984 neutrum,
1500 3921 1534 3972 ut
1547 3915 1665 3985 ethnici,
1691 3916 1741 3988 qui
1765 3920 1836 3973 sunt

130 4020 236 4063 uocum
254 4006 359 4063 docent
372 4007 448 4065 unt
470 4007 521 4063 sed
550 4007 627 4079 quod
651 4006 837 4063 oblitemtum
862 4005 957 4060 luerat
1010 4008 1224 4075 consequenter
1238 4006 1395 4063 immundi.
1412 4006 1454 4063 lta
1468 4006 1498 4061 in
1514 4004 1706 4072 animalibus,
1722 4020 1774 4077 per
1788 4009 1837 4062 Le·

131 4094 308 4151 admonent:
324 4099 357 4150 ut
367 4094 486 4166 justitia
500 4096 529 4149 in
546 4095 616 4165 iliis,
633 4094 746 4168 ignium
763 4110 855 4164 more,
872 4092 957 4164 quusi
1010 4108 1077 4166 gem
1092 4094 1176 4165 quasi
1197 4095 1345 4166 quoddam
1360 4096 1495 4152 haimone
1511 4096 1575 4150 vitm
1590 4092 1743 4166 speculum
1765 4109 1836 4150 cou-

132 4184 366 4257 elilstuquodum
378 4184 473 4257 Legis,
485 4185 580 4257 sopita
597 4184 793 4241 recalesceret.
815 4183 957 4239 Proicere
1012 4182 1149 4238 stitutum
1164 4188 1219 4253 est,
1236 4184 1265 4239 iu
1282 4201 1340 4256 quo
1358 4184 1694 4258 integiuessouctiouuru
1705 4181 1836 4239 censide-

767 4282 924 4346 Galleudii
938 4282 1195 4355 commentarius.

160 4382 220 4453 (17)
235 4382 425 4438 immundans.
443 4384 486 4438 lia
501 4398 535 4438 en
551 4381 664 4440 Latinio
676 4380 824 4438 Pumelius
834 4379 956 4437 etlack-
1045 4380 1102 4451 (22)
1112 4381 1591 4439 mundarentur...eeistimorentur.
1604 4380 1732 4437 isidorus
1743 4396 1838 4437 emun-

131 4454 582 4511 uouentwetehmanueedno
597 4454 777 4509 Frobeniauo
791 4452 953 4507 adhc-rens:
1009 4450 1177 4507 darentur...
1193 4454 1307 4523 seilicet,
1324 4458 1353 4508 ut
1368 4455 1522 4525 omnesqui
1544 4452 1637 4509 eadem
1661 4453 1729 4507 uitia
1752 4452 1836 4509 bube-
1924 4474 1927 4479 ·

130 4526 307 4582 inmundone
320 4540 384 4593 erpo
411 4526 548 4582 animalia
568 4526 697 4597 (quidest
713 4527 787 4581 enim
801 4524 879 4579 aliud
901 4539 956 4578 non
1011 4522 1086 4587 bunt,
1103 4524 1224 4593 equote
1236 4528 1377 4595 pecoribus
1391 4526 1593 4581 existimentur.
1602 4524 1744 4581 lecusou.

129 4598 559 4669 mandatiquaebeucciborum
576 4592 994 4670 usitassepuranitil'uuloli
1043 4593 1099 4665 (23)
1131 4595 1296 4651 Voluntates.
1326 4596 1371 4652 Sic
1400 4596 1565 4652 anelius:
1596 4614 1685 4669 quum
1714 4596 1835 4667 quidem

127 4668 285 4735 tantidem
316 4668 524 4725 Welcbmunus
547 4669 639 4724 edidit
661 4686 697 4724 ee
743 4671 871 4739 reecepto,
897 4669 956 4721 Ga·
1010 4661 1164 4721 lectionem
1180 4668 1355 4723 comtumsut
1371 4668 1500 4724 lsidorus
1525 4670 1672 4725 Commeat.
1697 4670 1729 4723 in
1748 4668 1833 4725 benit.

124 4750 244 4820 gnaeum
259 4739 438 4824 exscribens.
453 4740 685 4797 SedenPamelio
701 4686 827 4812 ullisque
843 4754 955 4810 praepo·
1009 4750 1072 4807 cup.
1103 4754 1141 4803 ιιι,
1173 4739 1246 4821 beda
1273 4755 1339 4823 opp.
1368 4744 1442 4799 turn.
1471 4740 1516 4805 tv,
1546 4741 1666 4811 Exponit.
1691 4742 1722 4795 in
1748 4741 1833 4797 lenit.

123 4813 265 4869 titionem
279 4828 446 4869 omisimus.
1008 4822 1072 4880 cup.
1087 4825 1126 4878 xi,
1143 4813 1172 4864 et
1186 4826 1215 4865 ιιι
1246 4812 1333 4867 tent.
1358 4812 1459 4880 Queat.
1488 4827 1552 4884 cap.
1573 4812 1610 4875 tn
1638 4818 1668 4868 et
1695 4812 1835 4867 Rsbauus

154 4884 217 4967 (18)
238 4882 389 4940 discrimen
408 4884 554 4953 adiectum.
588 4883 631 4940 lta
649 4881 858 4954 rescripsimus
883 4896 952 4937 cum
1007 4882 1223 4950 tteurus,tom.
1241 4882 1275 4947 ll,
1298 4882 1327 4937 iu
1356 4884 1441 4939 lauit.
1467 4884 1629 4945 temnunt..
1658 4889 1691 4938 ut
1719 4882 1835 4939 monuit

119 4954 289 5011 mucoribus
302 4955 482 5027 anglicanis.
499 4954 544 5009 Al.
560 4958 666 5011 crimen
680 4955 826 5027 adjectum.
1004 4949 1165 5009 luksonue.
1179 4958 1322 5024 (lugneus
1337 4971 1404 5011 vero
1419 4959 1448 5011 et
1478 4955 1636 5011 Froltenius
1661 4953 1830 5025 uoluptates:

119 5026 215 5155 alm)
244 5026 393 5155 tiginga
422 5030 540 5154 tsigegeat¹
552 5026 763 5083 Welcbmuuus
793 5025 950 5097 legendum
1004 5039 1020 5079 s
1050 5040 1096 5165 ἕξ,
1107 5023 1832 5168 aucilecgionemaeretituu‘ittWelclggnalggzhteum

170 5114 292 5155 ausen.
347 5116 442 5155 nseni
486 5116 519 5154 uc
542 5115 641 5156 sonus.
1152 5114 1184 5153 ns
1209 5114 1302 5154 etum
1335 5115 1390 5154 rr
1434 5116 1451 5153 n
1485 5115 1570 5153 auena.
1614 5114 1631 5152 a

155 5172 204 5239 (20
228 5172 300 5228 Gum
314 5188 330 5225 n
345 5171 486 5227 Patribus.
514 5170 655 5237 Isidorus,
671 5186 734 5226 euin
748 5174 841 5225 antea
856 5170 948 5224 Potri-
1003 5166 1291 5239 Pcmelioileidorus,
1316 5116 1445 5227 beuawet
1468 5170 1608 5225 Rubeuus
1631 5168 1762 5225 Maurus.
1784 5165 1831 5225 Al.

123 5232 180 5299 lta.
216 5258 338 5299 seuseu.
567 5314 572 5324 Ι
810 5310 817 5323 ·
918 5312 924 5323 ,
1001 5240 1083 5309 quasi
1107 5242 1201 5296 cibum
1227 5241 1381 5313 quemdem.
1407 5240 1454 5296 Al.
1484 5257 1510 5311 q.
1540 5257 1563 5295 e.
1593 5239 1724 5313 quedam
1743 5255 1773 5311 p.
1801 5238 1829 5295 d.

154 5313 213 5385 (21)
228 5316 264 5371 tn
276 5314 303 5368 si
317 5314 347 5367 in
363 5328 429 5369 eo...
452 5317 627 5385 comperitur.
652 5316 733 5367 Hauc
757 5312 890 5383 pecudum
916 5328 946 5367 ιιι
1649 5311 1780 5368 lucusou

126 5384 260 5441 omnibus
283 5384 372 5441 editis
399 5390 578 5457 corruptam,
608 5385 637 5440 iu
662 5384 818 5440 sanitatem
844 5384 947 5440 reduxi
1035 5382 1093 5449 (25)
1108 5385 1248 5454 inpransus
1277 5382 1378 5440 Malim
1408 5384 1540 5454 incessus,
1570 5386 1603 5438 ut
1625 5382 1714 5457 paulo
1740 5396 1829 5455 supe·

126 5462 152 5510 ιι
167 5472 224 5513 uns.
242 5456 383 5513 Wewari.
400 5455 485 5513 editt.
503 5455 687 5512 battuerunt:
705 5458 737 5511 lit
751 5457 776 5511 si
790 5457 821 5510 in
834 5454 946 5527 eoquod
999 5450 1070 5508 rius.
1091 5458 1132 5510 tu.
1608 5492 1611 5497 -

126 5536 271 5583 ueritum
284 5526 392 5599 aliquid
405 5527 494 5595 babet,
523 5530 603 5599 pensi
630 5528 871 5600 inquinamentum
894 5542 944 5583 no-
1033 5526 1088 5593 (26)
1118 5525 1193 5606 ΙΜονσ
1218 5522 1300 5580 illius
1328 5526 1467 5581 ruminat.
1496 5525 1563 5581 Haeo
1590 5524 1675 5609 posui
1703 5542 1738 5583 ex
1770 5541 1828 5583 ms.

126 5600 280 5671 btur,·plus
296 5598 444 5673 culpabile,
458 5615 521 5656 eum
540 5599 612 5655 illud
635 5608 730 5657 cenna
752 5607 886 5657 naturam
910 5600 945 5655 in
997 5596 1142 5651 Wewari:
1158 5599 1245 5667 etque
1260 5596 1301 5652 ita
1316 5594 1472 5679 legendum
1501 5602 1645 5727 sagaciter
1665 5606 1828 5671 auguratus

138 5672 259 5729 nminem
271 5670 457 5745 conqueritur.
471 5671 613 5729 lucnson.
996 5670 1042 5725 set
1058 5666 1390 5729 Welobmauus.lid1ti:
1409 5670 1442 5727 ln
1464 5685 1511 5728 cre
1524 5672 1537 5727 i
1549 5670 1604 5727 lius
1626 5671 1761 5729 mmlsnt.
1777 5674 1825 5733 ln.
