3900 6112
102 300 162 363 atr
223 252 226 257 ¹
733 294 851 357 utana
871 292 924 355 aa
944 292 1171 361 aetornum.
1744 286 1806 353 sta

101 431 245 499 Virtutem,
273 428 434 505 potentiam
462 428 557 503 ipsius
585 428 680 501 magis
708 442 797 500 quam
826 425 1051 498 ipsumAtsm,
1063 426 1249 497 etparsntem
1260 424 1316 497 (26)
1327 426 1447 496 propter
1465 421 1699 479 institutionem:
1725 421 1805 479 hunc

100 520 210 577 dixeris
224 524 253 576 et
272 519 508 592 deprompseris:
533 519 593 575 sire
618 516 725 573 dixeris
749 516 925 587 llojettotcm,
979 514 1111 585 iuquam,
1129 514 1179 585 qui
1190 514 1272 579 ttixit,
1284 512 1667 585 etsoctcsootomnio(l'ocl.
1678 528 1803 583 canatur,

99 609 242 665 honorem
258 608 351 681 ipsius
366 608 462 681 magis
480 624 567 680 quam
594 606 677 662 illum
697 606 795 678 ipsum
820 602 926 659 descri-
978 604 1025 675 5);
1040 604 1179 675 proecepit,
1196 611 1221 659 et
1233 604 1576 675 processeruoteniaersc:
1592 602 1628 657 de
1651 618 1709 673 quo
1729 602 1804 657 scri·
1822 608 1825 613 '

98 699 205 773 pseris.
219 702 254 753 ut
266 698 334 770 quid
351 714 403 770 per
417 696 534 771 singula
544 712 666 769 qusque
678 710 850 767 percurrens
860 692 926 747 lon·
980 696 1063 765 ptum
1079 696 1123 747 est
1135 693 1219 763 (Prot.
1236 708 1297 759 cur,
1313 692 1493 763 21);1)ιηηιά
1519 692 1549 745 iu
1572 691 1712 760 sapientia
1734 691 1804 760 tert·

99 802 170 861 gum
186 784 388 843 iacioisemel
404 790 500 842 totum
514 784 672 859 explicabo.
688 782 837 854 Quidquid
862 798 925 837 om·
979 782 1084 843 stt-de
1108 798 1165 853 quo
1194 782 1308 853 hloysea
1336 782 1491 849 (Deuterco.
1521 796 1559 835 tv.
1589 778 1654 851 30);
1680 780 1750 834 licus
1773 780 1804 835 in

98 876 170 933 nino
185 876 221 931 de
237 874 287 931 illo
302 874 447 941 retuleris,
464 891 525 931 rem
540 874 668 947 aliquam
685 873 779 945 ipsius
795 871 889 943 magis
897 874 927 927 et
980 871 1048 925 carlo
1062 886 1175 927 sursum
1194 882 1220 927 st
1246 872 1273 925 iu
1300 872 1376 926 lcrrc
1399 869 1545 929 deorsum:
1568 868 1618 939 qui
1639 868 1802 925 secundum

97 964 251 1029 uirtutem,
267 980 356 1035 quam
374 964 471 1037 ipsum
486 962 687 1036 explicaveris.
703 960 776 1026 Quid
792 960 871 1017 enim
889 960 926 1016 de
980 961 1084 1017 isaiam
1100 963 1164 1033 (lso.
1180 979 1224 1033 xa,
1241 964 1296 1034 12),
1312 978 1421 1017 ownstm
1435 964 1473 1016 est
1496 958 1597 1014 coetttm
1619 959 1723 1029 pulmo,
1747 967 1802 1017 tet·-

98 1070 133 1111 eo
145 1053 290 1127 condigne
304 1057 355 1109 aut
369 1053 462 1120 dicas,
487 1058 538 1108 aut
550 1052 671 1119 sentias,
683 1050 732 1123 qui
745 1049 883 1105 omnibus
897 1052 926 1105 et
980 1068 1043 1106 rum
1057 1052 1180 1122 pupillo:
1195 1053 1244 1124 qoi
1264 1052 1362 1123 aspicit
1385 1060 1501 1117 terrum,
1525 1054 1552 1104 et
1574 1050 1643 1119 socit
1666 1065 1728 1105 eam
1747 1052 1803 1105 tre·

98 1143 286 1201 sermonibus
300 1147 330 1199 ct
344 1142 481 1199 sensibus
496 1141 592 1214 major
606 1140 671 1197 est‘l
686 1138 747 1195 Nisi
763 1138 840 1211 quod
867 1154 924 1194 uuo
980 1157 1056 1197 mere
1070 1140 1155 1213 (Psoi.
1171 1158 1231 1209 cur,
1245 1142 1308 1214 32);
1326 1142 1375 1213 qai
1388 1140 1510 1196 ccotittet
1531 1154 1635 1209 pyrum
1658 1146 1751 1205 terroe,
1777 1144 1808 1194 et

98 1235 186 1291 modo
202 1233 304 1307 (ethcc
319 1233 417 1306 ipsum
433 1232 580 1305 quomodo
595 1248 762 1305 possumus,
776 1230 922 1300 quomodo
980 1246 1023 1287 cos
1036 1232 1086 1302 qui
1097 1230 1222 1286 hubitant
1241 1233 1271 1285 to
1297 1232 1355 1302 ipso
1379 1230 1459 1300 quoti
1481 1230 1613 1294 tocustae,·
1632 1228 1680 1299 qui
1700 1242 1806 1299 expett·

97 1322 242 1394 cepimus,
258 1319 405 1392 quomodo
420 1318 584 1392 intelligere
597 1318 665 1376 licet
687 1318 757 1390 quid
783 1318 822 1374 sit
845 1316 923 1374 Deus
980 1320 1091 1391 (111(27)
1107 1327 1211 1375 orontes
1234 1321 1263 1374 in
1289 1317 1420 1390 pavidare,
1448 1321 1474 1372 et
1500 1330 1616 1371 canoro
1643 1316 1671 1369 io
1699 1318 1804 1370 stetero
1892 1318 1895 1323 '

96 1415 197 1467 mente
211 1409 373 1481 capiemus,
387 1410 411 1465 si
436 1408 661 1481 cogitaverimus
685 1407 714 1462 id
739 1405 823 1462 illum
847 1422 922 1474 esse,
979 1408 1163 1481 (lso.nu,‘22,
1180 1410 1235 1477 12),
1253 1408 1282 1463 id
1305 1414 1349 1463 est
1371 1410 1449 1462 certo
1476 1405 1580 1460 divinas
1601 1402 1803 1476 dispositionis

97 1500 174 1572 quod
191 1498 287 1571 quale,
303 1502 332 1553 et
344 1501 487 1569 quantum
516 1497 554 1553 sit
582 1512 640 1552 non
669 1495 762 1568 possit
786 1494 923 1566 intelligi,
978 1497 1181 1564 examine:ac,
1195 1496 1322 1553 nosacile
1333 1497 1363 1551 in
1383 1495 1499 1551 ruinam
1519 1493 1722 1565 procumberet
1736 1510 1802 1551 me·

96 1604 151 1645 nec
166 1588 195 1643 in
211 1587 305 1659 ipsam
322 1586 440 1658 quidem
471 1586 678 1658 cogitationem
698 1585 791 1657 possit
813 1585 921 1640 venire.
977 1586 1099 1657 gnitudo
1115 1584 1298 1653 inaequaliter
1309 1584 1429 1655 jacens,
1453 1582 1476 1638 si
1495 1598 1552 1637 non
1568 1581 1689 1654 paribus
1713 1580 1807 1638 luisse

95 1678 169 1733 Nam
185 1676 211 1733 si
241 1677 276 1731 ad
305 1674 376 1732 solis
402 1680 552 1747 aspectum
576 1672 728 1730 oculorum
754 1677 921 1729 uestrorum
977 1673 1084 1730 librata
1098 1674 1288 1746 ponderibus,
1304 1689 1380 1729 onus
1396 1673 1450 1728 hoc
1474 1672 1659 1727 moderanter
1679 1674 1803 1727 terrenas

96 1764 498 1833 acieshebescit,nearbem
519 1763 617 1836 ipsum
645 1763 765 1818 obtutus
785 1760 1062 1860 inspiciatButolis
1090 1764 1223 1835 aequavit.
1253 1764 1306 1830 out
1335 1762 1405 1819 dicit
1437 1778 1488 1833 per
1530 1761 1700 1834 prophetam
1735 1760 1800 1833 (los.

96 1854 249 1911 obuiorum
279 1853 335 1907 sibi
359 1856 514 1925 superatus
539 1851 650 1925 l'ulgore
675 1850 842 1906 radiorum:
869 1850 924 1907 hoc
977 1872 1043 1921 rav,
1056 1854 1121 1927 22);
1139 1856 1197 1927 Epo
1211 1855 1293 1919 beas,
1307 1862 1334 1909 et
1348 1868 1404 1907 non
1419 1860 1458 1907 est
1469 1859 1573 1923 praeter
1595 1866 1648 1906 ose.
1673 1847 1727 1913 Qui
1751 1864 1803 1922 per

99 1943 180 1999 idem
196 1941 304 1999 mentis
319 1941 395 1998 acies
412 1942 524 2014 patitur
538 1941 568 1995 in
583 1940 758 2013 cogitatione
785 1939 865 1997 omni
889 1940 925 1997 de
977 1944 1113 2000 eumdem
1130 1942 1301 2016 prophetam
1318 1942 1404 1997 refert
1418 1942 1482 2013 (loo.
1500 1957 1566 2009 unu,
1591 1940 1639 2009 8);
1665 1941 1804 2010 Quoniam

99 2032 158 2088 Deo
168 2048 175 2099 ;
186 2034 334 2103 etqusnto
345 2029 380 2085 ad
393 2030 639 2086 considerandum
646 2034 737 2085 Deum
750 2028 923 2101 plusinten·
978 2033 1151 2105 anojeatotem
1168 2048 1259 2087 cneum
1273 2048 1328 2087 nott
1343 2031 1410 2086 doto
1426 2030 1526 2097 olters';
1554 2032 1585 2085 ut
1608 2045 1711 2085 omnes
1734 2044 1804 2085 cum

99 2120 189 2191 ditur,
206 2124 287 2175 tanto
302 2119 396 2192 magis
412 2120 477 2192 ipsa
487 2118 671 2191 cogitationis
686 2136 745 2174 sure
756 2118 821 2174 luce
838 2134 924 2173 casca-
979 2121 1041 2178 suis
1058 2120 1205 2193 tigmentis
1220 2118 1351 2175 ethnicos
1366 2118 1500 2174 excludat
1514 2122 1542 2173 et
1557 2116 1719 2185 haereticos,
1736 2132 1804 2190 pro·

99 2215 159 2266 tur.
176 2208 251 2272 Ouid
266 2208 346 2263 enim
362 2211 397 2263 da
411 2225 444 2264 eo
459 2208 615 2277 (utiterum
628 2208 768 2280 repetam)
780 2205 924 2279 condigno
981 2210 1054 2266 bans
1068 2210 1161 2264 Deum
1178 2226 1234 2263 non
1250 2206 1373 2279 essequi
1390 2222 1480 2262 manu
1497 2206 1618 2261 artificis
1634 2206 1729 2261 factus
1753 2204 1803 2275 sit,

100 2299 192 2369 dicas,
205 2296 256 2369 qui
270 2303 314 2354 est
325 2296 503 2353 sublimitate
517 2296 595 2353 omni
611 2296 776 2363 sublimior,
791 2295 924 2352 etaltitu·
979 2316 1032 2355 nac
1043 2315 1110 2355 eum
1126 2297 1175 2369 qui
1190 2297 1306 2367 ingenio
1325 2296 1451 2351 haretici
1477 2295 1563 2351 lictus
1586 2293 1625 2351 sit
1648 2293 1715 2367 (28).
1740 2293 1804 2351 Non

99 2387 168 2443 dine
183 2388 263 2442 omni
278 2386 373 2455 altior,
389 2391 418 2442 et
434 2386 578 2459 protunda
597 2387 676 2441 ouini
691 2386 873 2459 prolundior,
896 2388 924 2440 et
979 2392 1025 2444 est
1040 2388 1118 2443 onim
1133 2387 1221 2458 Deus,
1237 2386 1295 2451 cui,
1312 2390 1344 2441 ut
1358 2384 1407 2454 sit,
1422 2383 1598 2456 quarendus
1617 2387 1662 2438 ast
1685 2382 1800 2440 artilex.

99 2475 181 2533 omui
196 2474 261 2532 luce
275 2474 410 2543 lucidior,
425 2479 453 2530 et
465 2476 544 2530 omni
556 2474 687 2531 claritate
708 2474 813 2531 clarior
844 2472 924 2529 omni
979 2476 1093 2548 Quique
1103 2474 1198 2531 adbuc
1209 2474 1316 2546 sdJecit
1326 2490 1378 2545 per
1387 2472 1560 2546 prophetam
1583 2474 1647 2545 (loo.
1663 2488 1737 2540 axvi,
1754 2473 1801 2541 tl:

99 2563 256 2635 splendore
266 2562 457 2635 splendidior,
470 2564 550 2619 omni
562 2565 664 2620 robore
674 2564 832 2633 robustior,
844 2560 924 2617 omni
980 2565 1082 2621 Cotum
1099 2566 1169 2620 mihi
1182 2564 1297 2621 thronos
1311 2568 1359 2631 est,
1375 2572 1448 2619 terra
1462 2566 1554 2618 aretem
1577 2559 1731 2617 scabellum
1753 2576 1801 2633 pc·

99 2654 208 2709 virtute
222 2652 332 2708 viritior
347 2652 414 2726 (23),
427 2653 507 2709 omni
524 2652 741 2724 pulchritudine
765 2651 923 2724 pulchrior,
978 2655 1043 2710 dom
1059 2651 1726 2725 meorumrqootemrnihisdificohitisdomcm,
1754 2658 1804 2707 out
1915 2638 1918 2643 ¹

99 2742 222 2798 veritate
236 2742 317 2797 omni
332 2742 436 2801 verior.
453 2746 481 2797 et
497 2742 669 2797 t'ottitudina
684 2740 764 2797 omni
776 2741 886 2807 tbrtior,
898 2745 927 2797 ct
979 2746 1039 2816 quis
1054 2745 1128 2800 locus
1142 2744 1248 2814 requiei
1262 2746 1354 2797 mem?
1369 2745 1400 2796 ut
1414 2739 1549 2797 ostendat
1560 2740 1699 2812 quoniam
1711 2738 1804 2796 multo

100 2831 254 2903 majestate
268 2832 348 2885 omni
365 2832 469 2902 major,
485 2834 514 2887 st
525 2830 604 2885 omui
622 2830 750 2903 potentia
770 2830 924 2902 potentior,
981 2834 1074 2905 magis
1089 2830 1171 2887 illum
1188 2831 1330 2903 templum
1346 2846 1403 2885 nou
1415 2828 1662 2901 capitqusmtttl)
1674 2827 1805 2883 mundus

101 2917 573 2989 etomnibusdivitiisditi0r‚omni
582 2918 925 2991 prudentiaprudcntior‚
981 2939 1037 2977 non
1055 2920 1150 2993 capit:
1168 2924 1196 2975 et
1208 2920 1269 2975 hae
1285 2935 1342 2974 non
1359 2920 1394 2973 ad
1411 2919 1457 2974 sui
1480 2916 1666 2988 jactantiam,
1689 2917 1739 2972 aed
1765 2916 1803 2971 ad

101 3008 221 3065 etomni
237 3007 415 3081 benignitate
430 3007 593 3080 benignior,
610 3008 690 3064 amni
710 3008 840 3064 bonitate
864 3024 926 3063 me·
980 3011 1072 3067 nostri
1087 3010 1239 3066 erientiam
1262 3008 1358 3065 retort.
1383 3006 1482 3078 Neque
1507 3007 1586 3063 enim
1610 3006 1674 3078 ipss
1687 3022 1704 3063 a
1718 3003 1805 3062 nobis

101 3097 167 3168 lior,
183 3096 262 3155 amni
274 3096 393 3169 justitia
403 3097 521 3169 justior,
539 3098 619 3154 omni
634 3097 789 3154 clementia
799 3098 925 3153 clamen·
982 3100 1128 3157 alesiderst
1139 3096 1351 3171 magnitudinis
1361 3096 1494 3168 gloriam,
1504 3096 1554 3152 sed
1566 3094 1651 3151 nobis
1662 3093 1725 3150 vult
1735 3092 1807 3150 reli·
1888 3111 1892 3119 ¹

100 3186 183 3243 tior?
197 3186 309 3242 Minora
323 3186 401 3241 enirn
418 3186 477 3242 sint
499 3203 618 3243 necesse
641 3192 687 3243 est
712 3190 844 3244 omniurn
868 3166 963 3263 (24lc
983 3193 1106 3267 giosam,
1133 3206 1191 3261 qua
1220 3192 1312 3259 pater,
1332 3186 1462 3241 conterre
1485 3183 1669 3258 sapientiam.
1693 3183 1806 3258 Quique

102 3292 210 3349 genera
228 3276 370 3331 virtutum
384 3292 418 3332 eo
434 3276 508 3349 ipso,
525 3275 579 3347 qui
590 3277 730 3332 virtutum
753 3278 885 3334 omnium
899 3283 929 3335 et
983 3286 1122 3356 praeterea
1138 3276 1245 3333 terinos
1260 3280 1375 3331 nostros
1390 3274 1516 3343 animos,
1532 3278 1561 3329 et
1575 3273 1611 3329 dc
1626 3274 1733 3347 agresti
1749 3274 1805 3329 im·

105 3367 182 3423 Deus
197 3370 226 3421 et
240 3364 347 3420 Parcus
362 3368 423 3421 est:
449 3370 481 3420 ut
506 3381 571 3421 uera
594 3364 650 3422 dici
672 3366 774 3439 possit,
792 3368 820 3423 id
849 3367 928 3424 Deus
983 3362 1807 3435 manitatetumidosetabruptosadlenitatemtrahere
1879 3388 1882 3397 ·

79 3472 87 3517 t
102 3472 168 3512 esse
182 3454 249 3521 (25),
265 3455 344 3526 quod
358 3454 503 3523 ejusmodi
529 3462 574 3511 est
597 3454 643 3510 cui
669 3457 832 3527 comparari
856 3456 928 3513 nihil
981 3460 1091 3529 volens,
1107 3456 1177 3513 dicit
1192 3455 1270 3529 (thid.
1287 3471 1312 3509 v.
1328 3456 1355 3526 2)
1370 3471 1376 3509 :
1394 3456 1426 3508 Et
1449 3468 1531 3524 super
1560 3468 1638 3523 quem
1659 3452 1736 3508 8⁰²
1760 3468 1807 3507 re·

102 3547 210 3616 potest.
227 3542 300 3598 801
320 3543 412 3615 Super
427 3559 514 3599 omne
528 3549 573 3599 ast
587 3544 666 3600 enim
695 3546 772 3615 qnod
798 3546 854 3600 dici
880 3561 928 3617 po·
983 3551 1099 3622 quiescet
1116 3546 1236 3617 Spiritus
1251 3560 1337 3612 meos,
1353 3544 1410 3599 nisi
1422 3558 1504 3613 asper
1517 3542 1651 3597 humilem
1678 3546 1706 3596 et
1728 3540 1806 3613 qro'e·
1865 3592 1868 3597 .

102 3638 169 3689 test.
184 3634 264 3688 Mens
279 3636 324 3687 est
339 3632 417 3688 enim
433 3633 565 3702 quasdam
580 3632 705 3705 gignens
720 3637 748 3689 et
778 3636 929 3706 complens
982 3644 1053 3704 tuot,
1069 3640 1093 3691 ct
1109 3642 1266 3691 tremonem
1281 3632 1362 3689 verta
1374 3630 1507 3688 oreatut
1517 3629 1609 3686 Deum
1620 3629 1808 3703 aliquatenus
1909 3632 1915 3645 ''

103 3720 214 3787 omnia,
230 3736 294 3792 qua
310 3720 373 3776 sine
390 3718 447 3775 ullo
463 3725 514 3776 out
528 3720 612 3777 initio
624 3726 674 3776 sttt
685 3723 929 3795 terminatempo·
983 3731 1110 3799 quantus
1124 3724 1163 3780 sit
1179 3721 1272 3795 possit
1285 3736 1453 3792 agnoscere,
1469 3721 1541 3775 dum
1554 3718 1638 3775 illum
1655 3735 1706 3792 per
1715 3716 1809 3791 Spiri-

104 3810 156 3881 ris,
174 3825 278 3866 causas
291 3825 390 3865 rerum
403 3809 577 3865 naturaliter
599 3826 688 3867 nexas
711 3813 747 3866 ad
773 3811 929 3869 utilitatem
983 3821 1048 3872 tum
1063 3813 1202 3870 collatum
1232 3810 1318 3867 discit
1340 3810 1454 3866 timere.
1475 3809 1529 3874 Oui
1553 3808 1690 3864 similiter
1713 3807 1809 3864 adhuc

104 3898 239 3957 omnium
255 3914 373 3955 summa
388 3904 416 3956 et
431 3898 557 3971 perlecta
572 3900 683 3955 ratione
699 3901 874 3959 moderetur.
985 3902 1080 3975 magis
1095 3902 1123 3957 in
1139 3900 1272 3956 notitiam
1287 3897 1379 3954 nostri
1394 3897 1494 3953 volens
1509 3896 1669 3968 pervenire,
1685 3896 1721 3949 sd
1745 3894 1808 3950 cul·

424 4005 540 4062 CAPUT
560 4006 610 4062 111,
985 3996 1084 4048 turam
1109 3989 1154 4047 sui
1182 3992 1296 4045 nostros
1317 3988 1448 4043 excitans
1472 3985 1596 4054 animos,
1623 3983 1720 4039 aiebat
1743 3983 1807 4054 (loo.

101 4096 190 4153 dmm
203 4110 259 4151 esse
274 4096 401 4150 emortum
414 4094 593 4162 conditorem,
618 4095 761 4153 dominum
785 4102 812 4154 et
832 4114 933 4171 poren-
986 4098 1050 4149 HV»
1065 4080 1093 4151 7)
1106 4096 1112 4136 ²
1127 4081 1187 4152 ¹39⁰
1205 4093 1266 4133 ’um
1281 4078 1421 4142 Dominus,
1438 4076 1486 4148 poi
1499 4075 1553 4145 {005
1566 4075 1651 4130 1th
1667 4077 1693 4129 θῑ
1717 4072 1810 4129 mm

262 4174 329 4233 tem,
344 4182 359 4222 e
372 4168 458 4222 soemo
472 4166 777 4240 scripturisprohotor.
987 4171 1130 4231 terebros:
1156 4170 1189 4224 ut
1210 4164 1446 4223 vicissitudinum
1475 4165 1598 4221 istarum
1622 4162 1731 4235 quibus
1755 4177 1810 4217 no·
1897 4226 1900 4231 ¹

139 4254 817 4327 Huncigttoragnosotmusetsctmusuoum,
836 4260 933 4315 condi·
988 4266 1048 4317 otas
1076 4258 1198 4330 diesque
1221 4257 1420 4324 moderantur,
1450 4270 1508 4309 nou
1537 4258 1683 4323 naturam,
1712 4250 1811 4308 nescio

105 4348 200 4400 torem
216 4358 314 4399 rerum
328 4343 460 4399 omnium
475 4368 482 4401 ι
500 4344 667 4413 hominum,
679 4351 798 4419 propter
809 4353 934 4421 potesta·
990 4364 1080 4423 quam
1096 4348 1164 4418 (30),
1180 4349 1351 4418 putaremus
1371 4344 1428 4415 (31)
1453 4342 1614 4409 artificem
1640 4340 1691 4397 sed
1720 4339 1813 4397 Dcutu

747 4456 905 4519 Gallandii
920 4456 1175 4521 commentarius.

103 4568 130 4604 τ.
147 4544 176 4603 λ.
192 4570 207 4599 «
223 4547 253 4605 Si
269 4549 359 4605 lucem
373 4565 440 4604 sum
454 4549 560 4618 dicam,
576 4566 650 4623 opus
665 4553 729 4624 ejus
748 4553 825 4624 dico,
850 4559 904 4610 etc.
915 4576 931 4607 a
949 4560 971 4624 Ι)
1022 4553 1079 4624 (27)
1096 4549 1230 4622 deprendit
1244 4553 1328 4604 ltunc
1344 4548 1440 4605 locum
1454 4549 1523 4605 citat
1537 4551 1615 4609 inira
1628 4553 1810 4612 Novatiauus

106 4622 216 4677 Locum
232 4620 372 4692 inspicias
387 4621 472 4676 velim
489 4628 517 4675 et
530 4624 673 4678 conteras.
986 4641 1050 4696 cap.
1066 4626 1112 4687 30,
1128 4622 1177 4678 ubi
1199 4621 1285 4675 habet
1312 4620 1471 4677 sostendit:
1502 4639 1626 4696 eamque
1654 4626 1811 4683 lectionem

143 4692 200 4764 (23)
218 4694 342 4774 Vtiliter.
367 4691 427 4747 Vox
444 4692 562 4763 ignota:
579 4710 667 4765 quam
684 4699 781 4751 tamen
797 4696 935 4753 exhibent
988 4696 1057 4751 inde
1072 4696 1128 4749 huc
1143 4691 1294 4747 transtulit
1307 4638 1481 4749 trohannus.

104 4779 209 4820 omnes
236 4765 317 4819 editt.
348 4763 515 4833 legendum
545 4765 665 4820 omnino
695 4772 764 4838 puto
808 4770 933 4835 virosior,
1024 4767 1080 4838 (28)
1096 4766 1153 4839 Qui
1168 4766 1279 4835 inperito
1298 4764 1578 4835 lorretioisictussit.
1594 4768 1811 4825 Tertullianum

105 4834 186 4907 quod
199 4834 285 4891 habet
300 4834 498 4891 ‘l'crtullionus
511 4836 543 4891 de
557 4838 670 4905 Aninio,
684 4854 747 4910 esp.
774 4840 816 4893 19.
840 4843 935 4912 Atque
988 4839 1123 4894 imitatur
1138 4842 1248 4899 auctor,
1260 4834 1320 4961 qui,
1338 4840 1370 4890 ut
1385 4838 1520 4892 observat
1535 4838 1689 4906 Pamelius,
1705 4840 1745 4895 lib
1778 4840 1812 4897 de

105 4912 187 4963 errat
201 4905 358 4971 Pamelius,
375 4908 444 4961 dum
461 4908 503 4962 ait
518 4908 730 4965 Tertullianum
758 4928 842 4965 usum
868 4928 933 4968 esse
988 4908 1189 4978 Prostropaia
1210 4912 1339 4979 cotaogc
1366 4907 1567 4963 haereticorum
1597 4926 1646 4966 eos
1672 4914 1814 4984 recenset,

104 4994 176 5034 voce
191 4979 311 5033 viritior.
328 4977 393 5033 Vid.
410 4994 488 5049 sup.,
505 4985 564 5036 not.
580 4982 607 5045 t,
625 4981 659 5036 ad
677 4998 740 5054 cup.
758 4982 783 5037 t.
796 4981 932 5039 ltottsou.
987 4983 1035 5053 qui
1052 4982 1141 5036 otium
1158 4980 1243 5035 ileum
1256 4978 1311 5033 sihi
1325 4980 1455 5035 hoetett'oo
1464 4980 1738 5107 fopehoottaqeotc.

143 5050 198 5120 (21)
215 5048 352 5105 Ornatam.
370 5048 469 5105 ltlallet
483 5054 586 5106 cornio.
611 5050 832 5121 Welchtnanus,
857 5056 934 5125 ejus·
1023 5058 1034 5179 5

106 5136 166 5192 que
183 5120 350 5192 coniectura
366 5120 508 5193 probatur
521 5128 549 5177 et
563 5122 720 5179 Jscksono.
987 5143 1022 5180 vu
1037 5142 1065 5193 g.
1082 5123 1142 5179 edit
1156 5138 1248 5193 prtum.
1265 5122 1405 5177 lacusou.

143 5192 200 5262 (25)
230 5192 262 5247 ld
287 5196 360 5247 Deos
385 5208 444 5248 este
468 5195 509 5248 lta
541 5193 695 5261 l‘amelius,
737 5196 880 5267 Gagnaeus
906 5200 936 5252 et
1023 5198 1081 5264 (31))
1097 5195 1404 5250 Nttnnttttttttmttetet'o
1430 5209 1521 5263 quoto.
1549 5198 1658 5250 Auctor
1682 5197 1815 5266 ltecopot'·
1875 5238 1878 5243 -

109 5263 257 5318 tiarnensis
273 5280 328 5318 ms.
345 5264 442 5319 Wow.
468 5264 497 5319 ht
524 5274 564 5321 est
592 5267 674 5329 Deos,
702 5267 773 5338 qood
800 5269 936 5335 eiusmodi
989 5270 1095 5325 tionem
1110 5266 1159 5321 lib.
1177 5282 1239 5329 viu,
1254 5282 1278 5320 c.
1304 5266 1357 5320 :i-i:
1385 5265 1438 5333 Qut
1460 5267 1592 5321 notorum
1614 5282 1665 5338 pro
1687 5268 1738 5323 lieo
1761 5284 1813 5325 oc·

107 5338 159 5399 est,
176 5340 231 5389 etc.
247 5334 458 5391 ll'elrhmanus
473 5354 539 5391 vcro
550 5337 668 5392 coniicit
681 5337 836 5409 legendum
849 5342 934 5395 Derim
1659 5341 1778 5411 minent,

108 5410 147 5459 nt
161 5404 246 5461 lectio
262 5406 377 5477 vulgata
393 5406 458 5461 terri
472 5412 578 5479 potest,
590 5408 613 5463 si
627 5410 698 5464 Deua
719 5410 878 5482 uroipistur
890 5429 934 5464 τε-

109 5478 227 5552 χνικῶς,
241 5477 301 5533 sive
317 5494 368 5550 pro
383 5478 502 5535 nomino
517 5480 643 5551 proprio.
660 5482 795 5537 Jaorsoa.
1025 5482 1081 5545 (31)
1097 5480 1270 5532 l’otorcmss.
1286 5480 1366 5532 itanc
1382 5493 1480 5534 vocem
1496 5477 1526 5533 in
1541 5482 1652 5535 testum
1669 5480 1753 5537 retuli
1779 5501 1814 5537 ox

148 5548 206 5634 (26)
221 5552 259 5605 Et
270 5556 423 5621 potetatem.
440 5552 512 5606 Cum
529 5551 656 5607 Poetelio
672 5554 804 5609 voculam
819 5564 845 5612 ct
868 5552 936 5611 ruti·
992 5570 1064 5607 mss.
1081 5547 1221 5609 linwert,
1239 5564 1289 5621 pro
1311 5549 1380 5605 edit.
1407 5554 1542 5619 putemus,
1570 5552 1646 5621 quod
1675 5573 1732 5609 nuu
1757 5560 1816 5609 tatu

109 5634 164 5682 utu
178 5636 268 5697 quem
291 5622 363 5681 editi
376 5621 508 5697 plerique
522 5624 673 5684 omittunt.
992 5626 1065 5683 benc
1078 5618 1211 5679 contenit
1226 5621 1361 5695 sequenti
1372 5638 1588 5695 cqttctcercmttt.
1604 5622 1708 5687 lanas.

1034 5054 1079 5123 29)
1096 5054 1190 5121 Qtwttt.
1208 5052 1250 5106 lta
1264 5050 1377 5105 restitui
1403 5066 1437 5105 ex
1484 5052 1553 5107 unic
1580 5057 1609 5108 et
1633 5053 1736 5109 Latino
1761 5070 1813 5126 pro
1902 5040 1905 5047 ¹
