<?xml version="1.0" encoding="UTF-8"?>
<!DOCTYPE html PUBLIC "-//W3C//DTD XHTML 1.0 Transitional//EN"
    "http://www.w3.org/TR/xhtml1/DTD/xhtml1-transitional.dtd">
<html xmlns="http://www.w3.org/1999/xhtml" xml:lang="en" lang="en">
 <head>
  <title>
</title>
<meta http-equiv="Content-Type" content="text/html;charset=utf-8" />
  <meta name='ocr-system' content='tesseract 3.04.00' />
  <meta name='ocr-capabilities' content='ocr_page ocr_carea ocr_par ocr_line ocrx_word'/>
</head>
<body>
  <div class='ocr_page' id='page_1' title='image "./patrologiaecurs23goog/patrologiaecurs23goog_0825.png"; bbox 0 0 3892 6104; ppageno 0'>
   <div class='ocr_carea' id='block_1_1' title="bbox 111 284 1817 400">
    <p class='ocr_par' dir='ltr' id='par_1_1' title="bbox 111 284 1817 400">
     <span class='ocr_line' id='line_1_1' title="bbox 111 284 1817 400; baseline 0 -33"><span class='ocrx_word' id='word_1_1' title='bbox 111 292 191 369; x_wconf 78' lang='lat' dir='ltr'>lere</span> <span class='ocrx_word' id='word_1_2' title='bbox 778 304 872 368; x_wconf 79' lang='lat' dir='ltr'>ura</span> <span class='ocrx_word' id='word_1_3' title='bbox 894 305 1149 400; x_wconf 62' lang='lat' dir='ltr'>serenum.</span> <span class='ocrx_word' id='word_1_4' title='bbox 1538 386 1542 391; x_wconf 18' lang='lat'>⁸</span> <span class='ocrx_word' id='word_1_5' title='bbox 1737 284 1817 367; x_wconf 80' lang='lat' dir='ltr'>isle</span> 
     </span>
    </p>
   </div>
   <div class='ocr_carea' id='block_1_2' title="bbox 81 434 1935 1403">
    <p class='ocr_par' dir='ltr' id='par_1_2' title="bbox 108 434 1818 1132">
     <span class='ocr_line' id='line_1_2' title="bbox 111 434 1816 512; baseline -0.002 -16"><span class='ocrx_word' id='word_1_6' title='bbox 111 442 140 497; x_wconf 87' lang='lat' dir='ltr'>et</span> <span class='ocrx_word' id='word_1_7' title='bbox 154 438 265 496; x_wconf 90' lang='lat' dir='ltr'>honore</span> <span class='ocrx_word' id='word_1_8' title='bbox 279 434 452 512; x_wconf 78' lang='lat' dir='ltr'>presbyteri,</span> <span class='ocrx_word' id='word_1_9' title='bbox 467 438 517 511; x_wconf 91' lang='lat' dir='ltr'>qui</span> <span class='ocrx_word' id='word_1_10' title='bbox 533 452 598 495; x_wconf 88' lang='lat' dir='ltr'>eam</span> <span class='ocrx_word' id='word_1_11' title='bbox 614 437 650 495; x_wconf 91' lang='lat' dir='ltr'>ad</span> <span class='ocrx_word' id='word_1_12' title='bbox 667 437 846 511; x_wconf 80' lang='lat' dir='ltr'><strong>agnitionem</strong></span> <span class='ocrx_word' id='word_1_13' title='bbox 862 454 934 493; x_wconf 75' lang='lat' dir='ltr'>verra</span> <span class='ocrx_word' id='word_1_14' title='bbox 950 437 976 504; x_wconf 72' lang='lat' dir='ltr'>A</span> <span class='ocrx_word' id='word_1_15' title='bbox 991 436 1195 509; x_wconf 78' lang='lat' dir='ltr'>deponeretur,</span> <span class='ocrx_word' id='word_1_16' title='bbox 1206 438 1228 492; x_wconf 92' lang='lat' dir='ltr'>si</span> <span class='ocrx_word' id='word_1_17' title='bbox 1245 438 1265 472; x_wconf 82' lang='lat'>³¹</span> <span class='ocrx_word' id='word_1_18' title='bbox 1284 453 1351 492; x_wconf 89' lang='lat' dir='ltr'>cum</span> <span class='ocrx_word' id='word_1_19' title='bbox 1369 436 1504 508; x_wconf 70' lang='lat' dir='ltr'>apostolo</span> <span class='ocrx_word' id='word_1_20' title='bbox 1519 434 1816 492; x_wconf 87' lang='lat' dir='ltr'>etiam·ordinationis</span> 
     </span>
     <span class='ocr_line' id='line_1_3' title="bbox 110 523 1816 585; baseline -0.002 -1"><span class='ocrx_word' id='word_1_21' title='bbox 110 527 273 585; x_wconf 87' lang='lat' dir='ltr'>divinitatis</span> <span class='ocrx_word' id='word_1_22' title='bbox 288 526 451 584; x_wconf 80' lang='lat' dir='ltr'>saeculari</span> <span class='ocrx_word' id='word_1_23' title='bbox 477 543 576 584; x_wconf 89' lang='lat' dir='ltr'>errore</span> <span class='ocrx_word' id='word_1_24' title='bbox 591 533 765 583; x_wconf 77' lang='lat' dir='ltr'>correxerat.</span> <span class='ocrx_word' id='word_1_25' title='bbox 781 528 864 583; x_wconf 91' lang='lat' dir='ltr'>llnue</span> <span class='ocrx_word' id='word_1_26' title='bbox 879 533 938 582; x_wconf 86' lang='lat' dir='ltr'>loto</span> <span class='ocrx_word' id='word_1_27' title='bbox 994 526 1102 579; x_wconf 79' lang='lat' dir='ltr'>bonore</span> <span class='ocrx_word' id='word_1_28' title='bbox 1117 526 1298 579; x_wconf 79' lang='lat' dir='ltr'>similaretur</span> <span class='ocrx_word' id='word_1_29' title='bbox 1312 526 1345 578; x_wconf 71' lang='lat'>³².</span> <span class='ocrx_word' id='word_1_30' title='bbox 1364 526 1432 580; x_wconf 86' lang='lat' dir='ltr'>llrat</span> <span class='ocrx_word' id='word_1_31' title='bbox 1453 523 1549 581; x_wconf 87' lang='lat' dir='ltr'>videre</span> <span class='ocrx_word' id='word_1_32' title='bbox 1565 528 1686 582; x_wconf 81' lang='lat' dir='ltr'>cetoros</span> <span class='ocrx_word' id='word_1_33' title='bbox 1712 540 1816 581; x_wconf 89' lang='lat' dir='ltr'>omnes</span> 
     </span>
     <span class='ocr_line' id='line_1_4' title="bbox 109 612 1815 690; baseline -0.003 -16"><span class='ocrx_word' id='word_1_34' title='bbox 109 618 219 676; x_wconf 90' lang='lat' dir='ltr'>honore</span> <span class='ocrx_word' id='word_1_35' title='bbox 233 620 322 690; x_wconf 88' lang='lat' dir='ltr'>atque</span> <span class='ocrx_word' id='word_1_36' title='bbox 332 614 413 674; x_wconf 89' lang='lat' dir='ltr'>omni</span> <span class='ocrx_word' id='word_1_37' title='bbox 424 616 611 674; x_wconf 89' lang='lat' dir='ltr'>observantia</span> <span class='ocrx_word' id='word_1_38' title='bbox 625 614 939 689; x_wconf 89' lang='lat' dir='ltr'>diligebat,obsequen-</span> <span class='ocrx_word' id='word_1_39' title='bbox 993 629 1137 686; x_wconf 86' lang='lat' dir='ltr'>suspenso</span> <span class='ocrx_word' id='word_1_40' title='bbox 1152 618 1181 668; x_wconf 92' lang='lat' dir='ltr'>et</span> <span class='ocrx_word' id='word_1_41' title='bbox 1193 613 1217 647; x_wconf 77' lang='lat'>³³</span> <span class='ocrx_word' id='word_1_42' title='bbox 1231 613 1316 670; x_wconf 73' lang='lat' dir='ltr'>aroxio</span> <span class='ocrx_word' id='word_1_43' title='bbox 1331 612 1436 685; x_wconf 90' lang='lat' dir='ltr'>spiritu</span> <span class='ocrx_word' id='word_1_44' title='bbox 1454 616 1623 685; x_wconf 86' lang='lat' dir='ltr'>exspectare</span> <span class='ocrx_word' id='word_1_45' title='bbox 1645 617 1815 682; x_wconf 88' lang='lat' dir='ltr'>venturum,</span> 
     </span>
     <span class='ocr_line' id='line_1_5' title="bbox 109 701 1816 781; baseline -0.004 -16"><span class='ocrx_word' id='word_1_46' title='bbox 109 707 131 765; x_wconf 88' lang='lat' dir='ltr'>ti</span> <span class='ocrx_word' id='word_1_47' title='bbox 144 707 331 764; x_wconf 81' lang='lat' dir='ltr'>ueneratione</span> <span class='ocrx_word' id='word_1_48' title='bbox 346 704 524 781; x_wconf 87' lang='lat' dir='ltr'>suspiciens,</span> <span class='ocrx_word' id='word_1_49' title='bbox 538 722 596 762; x_wconf 93' lang='lat' dir='ltr'>non</span> <span class='ocrx_word' id='word_1_50' title='bbox 607 706 671 777; x_wconf 90' lang='lat' dir='ltr'>jam</span> <span class='ocrx_word' id='word_1_51' title='bbox 688 709 721 761; x_wconf 92' lang='lat' dir='ltr'>ut</span> <span class='ocrx_word' id='word_1_52' title='bbox 736 708 862 762; x_wconf 87' lang='lat' dir='ltr'>amicum</span> <span class='ocrx_word' id='word_1_53' title='bbox 879 705 939 761; x_wconf 88' lang='lat' dir='ltr'>ani·</span> <span class='ocrx_word' id='word_1_54' title='bbox 993 717 1059 756; x_wconf 91' lang='lat' dir='ltr'>cum</span> <span class='ocrx_word' id='word_1_55' title='bbox 1075 701 1181 774; x_wconf 87' lang='lat' dir='ltr'>gaudio</span> <span class='ocrx_word' id='word_1_56' title='bbox 1197 701 1288 757; x_wconf 90' lang='lat' dir='ltr'>nimio</span> <span class='ocrx_word' id='word_1_57' title='bbox 1304 701 1436 774; x_wconf 75' lang='lat' dir='ltr'>excipere</span> <span class='ocrx_word' id='word_1_58' title='bbox 1450 702 1623 759; x_wconf 88' lang='lat' dir='ltr'>venientem.</span> <span class='ocrx_word' id='word_1_59' title='bbox 1641 702 1753 759; x_wconf 87' lang='lat' dir='ltr'>invitus</span> <span class='ocrx_word' id='word_1_60' title='bbox 1768 703 1816 759; x_wconf 91' lang='lat' dir='ltr'>di·</span> 
     </span>
     <span class='ocr_line' id='line_1_6' title="bbox 108 788 1818 869; baseline -0.004 -15"><span class='ocrx_word' id='word_1_61' title='bbox 108 810 163 854; x_wconf 85' lang='lat' dir='ltr'>ma</span> <span class='ocrx_word' id='word_1_62' title='bbox 189 793 378 869; x_wconf 71' lang='lat' dir='ltr'>coequalem,</span> <span class='ocrx_word' id='word_1_63' title='bbox 401 795 452 851; x_wconf 89' lang='lat' dir='ltr'>sed</span> <span class='ocrx_word' id='word_1_64' title='bbox 479 799 620 867; x_wconf 89' lang='lat' dir='ltr'>tanquam</span> <span class='ocrx_word' id='word_1_65' title='bbox 646 811 725 851; x_wconf 80' lang='lat' dir='ltr'>nove</span> <span class='ocrx_word' id='word_1_66' title='bbox 750 796 814 850; x_wconf 82' lang='lat' dir='ltr'>vite</span> <span class='ocrx_word' id='word_1_67' title='bbox 834 811 937 868; x_wconf 85' lang='lat' dir='ltr'>paren·</span> <span class='ocrx_word' id='word_1_68' title='bbox 993 806 1026 845; x_wconf 89' lang='lat' dir='ltr'>co</span> <span class='ocrx_word' id='word_1_69' title='bbox 1041 807 1047 859; x_wconf 89' lang='lat'>;</span> <span class='ocrx_word' id='word_1_70' title='bbox 1064 790 1115 844; x_wconf 85' lang='lat' dir='ltr'>sed</span> <span class='ocrx_word' id='word_1_71' title='bbox 1132 790 1227 844; x_wconf 89' lang='lat' dir='ltr'>dicam</span> <span class='ocrx_word' id='word_1_72' title='bbox 1244 806 1362 845; x_wconf 88' lang='lat' dir='ltr'>neeesse</span> <span class='ocrx_word' id='word_1_73' title='bbox 1376 794 1432 845; x_wconf 88' lang='lat' dir='ltr'>est.</span> <span class='ocrx_word' id='word_1_74' title='bbox 1446 788 1572 854; x_wconf 85' lang='lat' dir='ltr'>Quidam</span> <span class='ocrx_word' id='word_1_75' title='bbox 1587 788 1629 846; x_wconf 89' lang='lat' dir='ltr'>illi</span> <span class='ocrx_word' id='word_1_76' title='bbox 1646 789 1818 849; x_wconf 86' lang='lat' dir='ltr'>restiterunt</span> 
     </span>
     <span class='ocr_line' id='line_1_7' title="bbox 108 876 1817 959; baseline -0.004 -16"><span class='ocrx_word' id='word_1_77' title='bbox 108 891 169 943; x_wconf 91' lang='lat' dir='ltr'>tem</span> <span class='ocrx_word' id='word_1_78' title='bbox 186 886 221 941; x_wconf 75' lang='lat'>¹⁶.</span> <span class='ocrx_word' id='word_1_79' title='bbox 238 883 371 959; x_wconf 87' lang='lat' dir='ltr'>Denique</span> <span class='ocrx_word' id='word_1_80' title='bbox 383 882 444 956; x_wconf 86' lang='lat' dir='ltr'>ille,</span> <span class='ocrx_word' id='word_1_81' title='bbox 466 882 617 940; x_wconf 88' lang='lat' dir='ltr'>demulsus</span> <span class='ocrx_word' id='word_1_82' title='bbox 634 885 699 956; x_wconf 80' lang='lat' dir='ltr'>elus</span> <span class='ocrx_word' id='word_1_83' title='bbox 722 882 883 956; x_wconf 88' lang='lat' dir='ltr'>obsequiis,</span> <span class='ocrx_word' id='word_1_84' title='bbox 908 883 938 939; x_wconf 91' lang='lat' dir='ltr'>in</span> <span class='ocrx_word' id='word_1_85' title='bbox 993 876 1081 934; x_wconf 87' lang='lat' dir='ltr'>etiam</span> <span class='ocrx_word' id='word_1_86' title='bbox 1098 883 1130 932; x_wconf 90' lang='lat' dir='ltr'>ul</span> <span class='ocrx_word' id='word_1_87' title='bbox 1144 877 1287 934; x_wconf 86' lang='lat' dir='ltr'>vinceret:</span> <span class='ocrx_word' id='word_1_88' title='bbox 1301 878 1409 951; x_wconf 89' lang='lat' dir='ltr'>quibus</span> <span class='ocrx_word' id='word_1_89' title='bbox 1420 882 1518 935; x_wconf 86' lang='lat' dir='ltr'>tamen</span> <span class='ocrx_word' id='word_1_90' title='bbox 1534 877 1817 952; x_wconf 73' lang='lat' dir='ltr'>quantalenilane,</span> 
     </span>
     <span class='ocr_line' id='line_1_8' title="bbox 109 966 1817 1043; baseline 0 -11"><span class='ocrx_word' id='word_1_91' title='bbox 109 972 213 1033; x_wconf 69' lang='grc'>1180</span> <span class='ocrx_word' id='word_1_92' title='bbox 234 977 351 1031; x_wconf 90' lang='lat' dir='ltr'>tantum</span> <span class='ocrx_word' id='word_1_93' title='bbox 366 971 532 1029; x_wconf 78' lang='lat' dir='ltr'>dilectionis</span> <span class='ocrx_word' id='word_1_94' title='bbox 546 971 697 1029; x_wconf 74' lang='lat' dir='ltr'>immensae</span> <span class='ocrx_word' id='word_1_95' title='bbox 714 973 737 1008; x_wconf 81' lang='lat'>²⁸</span> <span class='ocrx_word' id='word_1_96' title='bbox 751 972 854 1029; x_wconf 90' lang='lat' dir='ltr'>merito</span> <span class='ocrx_word' id='word_1_97' title='bbox 870 989 937 1043; x_wconf 90' lang='lat' dir='ltr'>pro·</span> <span class='ocrx_word' id='word_1_98' title='bbox 993 981 1082 1039; x_wconf 83' lang='lat' dir='ltr'>quum</span> <span class='ocrx_word' id='word_1_99' title='bbox 1099 966 1252 1040; x_wconf 77' lang='lat' dir='ltr'>patienter,</span> <span class='ocrx_word' id='word_1_100' title='bbox 1269 983 1358 1040; x_wconf 77' lang='lat' dir='ltr'>‘luem</span> <span class='ocrx_word' id='word_1_101' title='bbox 1381 967 1483 1024; x_wconf 75' lang='grc'>1487</span> <span class='ocrx_word' id='word_1_102' title='bbox 1500 967 1704 1025; x_wconf 65' lang='lat' dir='ltr'>benevolenter</span> <span class='ocrx_word' id='word_1_103' title='bbox 1718 968 1817 1025; x_wconf 78' lang='lat' dir='ltr'>indul·</span> 
     </span>
     <span class='ocr_line' id='line_1_9' title="bbox 108 1052 1817 1132; baseline -0.004 -11"><span class='ocrx_word' id='word_1_104' title='bbox 108 1067 229 1121; x_wconf 88' lang='lat' dir='ltr'>vocatus</span> <span class='ocrx_word' id='word_1_105' title='bbox 253 1065 307 1131; x_wconf 91' lang='lat' dir='ltr'>est,</span> <span class='ocrx_word' id='word_1_106' title='bbox 321 1052 367 1117; x_wconf 63' lang='lat' dir='ltr'>*nt</span> <span class='ocrx_word' id='word_1_107' title='bbox 386 1060 422 1117; x_wconf 92' lang='lat' dir='ltr'>de</span> <span class='ocrx_word' id='word_1_108' title='bbox 446 1059 553 1117; x_wconf 81' lang='lat' dir='ltr'>seculo</span> <span class='ocrx_word' id='word_1_109' title='bbox 573 1061 725 1132; x_wconf 87' lang='lat' dir='ltr'>excedens,</span> <span class='ocrx_word' id='word_1_110' title='bbox 749 1060 938 1118; x_wconf 79' lang='lat' dir='ltr'>arcessitione</span> <span class='ocrx_word' id='word_1_111' title='bbox 994 1055 1033 1112; x_wconf 90' lang='lat' dir='ltr'>sit</span> <span class='ocrx_word' id='word_1_112' title='bbox 1047 1072 1136 1127; x_wconf 89' lang='lat' dir='ltr'>quam</span> <span class='ocrx_word' id='word_1_113' title='bbox 1152 1054 1310 1112; x_wconf 87' lang='lat' dir='ltr'>clementer</span> <span class='ocrx_word' id='word_1_114' title='bbox 1325 1055 1445 1130; x_wconf 82' lang='lat' dir='ltr'>ignovit,</span> <span class='ocrx_word' id='word_1_115' title='bbox 1459 1056 1656 1114; x_wconf 86' lang='lat' dir='ltr'>amicissimos</span> <span class='ocrx_word' id='word_1_116' title='bbox 1670 1073 1720 1114; x_wconf 87' lang='lat' dir='ltr'>ecs</span> <span class='ocrx_word' id='word_1_117' title='bbox 1735 1062 1817 1131; x_wconf 88' lang='lat' dir='ltr'>post·</span> 
     </span>
    </p>

    <p class='ocr_par' dir='ltr' id='par_1_3' title="bbox 81 1143 1935 1403">
     <span class='ocr_line' id='line_1_10' title="bbox 81 1143 1816 1226; baseline -0.003 -16"><span class='ocrx_word' id='word_1_118' title='bbox 81 1148 85 1157; x_wconf 75' lang='grc'><em>’</em></span> <span class='ocrx_word' id='word_1_119' title='bbox 105 1154 169 1226; x_wconf 84' lang='lat' dir='ltr'>jorn</span> <span class='ocrx_word' id='word_1_120' title='bbox 181 1150 314 1226; x_wconf 86' lang='lat' dir='ltr'>proxima</span> <span class='ocrx_word' id='word_1_121' title='bbox 327 1149 548 1207; x_wconf 89' lang='lat' dir='ltr'>commendaret</span> <span class='ocrx_word' id='word_1_122' title='bbox 558 1147 600 1205; x_wconf 92' lang='lat' dir='ltr'>illi</span> <span class='ocrx_word' id='word_1_123' title='bbox 613 1150 815 1222; x_wconf 88' lang='lat' dir='ltr'>conjugem(8)</span> <span class='ocrx_word' id='word_1_124' title='bbox 826 1167 859 1206; x_wconf 90' lang='lat' dir='ltr'>ac</span> <span class='ocrx_word' id='word_1_125' title='bbox 869 1149 939 1206; x_wconf 88' lang='lat' dir='ltr'>libe·</span> <span class='ocrx_word' id='word_1_126' title='bbox 993 1144 1114 1200; x_wconf 91' lang='lat' dir='ltr'>modum</span> <span class='ocrx_word' id='word_1_127' title='bbox 1129 1145 1243 1200; x_wconf 89' lang='lat' dir='ltr'>etinter</span> <span class='ocrx_word' id='word_1_128' title='bbox 1257 1143 1437 1200; x_wconf 90' lang='lat' dir='ltr'>necessarios</span> <span class='ocrx_word' id='word_1_129' title='bbox 1452 1145 1816 1219; x_wconf 86' lang='lat' dir='ltr'>computans,mirantibus</span> 
     </span>
     <span class='ocr_line' id='line_1_11' title="bbox 110 1232 1935 1311; baseline -0.004 -13"><span class='ocrx_word' id='word_1_130' title='bbox 110 1256 254 1309; x_wconf 89' lang='lat' dir='ltr'>rossuos,</span> <span class='ocrx_word' id='word_1_131' title='bbox 283 1242 316 1294; x_wconf 93' lang='lat' dir='ltr'>ut</span> <span class='ocrx_word' id='word_1_132' title='bbox 339 1254 428 1311; x_wconf 88' lang='lat' dir='ltr'>quem</span> <span class='ocrx_word' id='word_1_133' title='bbox 451 1237 560 1295; x_wconf 87' lang='lat' dir='ltr'>fecerat</span> <span class='ocrx_word' id='word_1_134' title='bbox 586 1238 623 1294; x_wconf 92' lang='lat' dir='ltr'>do</span> <span class='ocrx_word' id='word_1_135' title='bbox 646 1242 732 1294; x_wconf 83' lang='lat' dir='ltr'>sectae</span> <span class='ocrx_word' id='word_1_136' title='bbox 755 1239 938 1295; x_wconf 89' lang='lat' dir='ltr'>communio·</span> <span class='ocrx_word' id='word_1_137' title='bbox 993 1232 1741 1305; x_wconf 85' lang='lat' dir='ltr'>multis.Guienimpossetnonessemiraculotam</span> <span class='ocrx_word' id='word_1_138' title='bbox 1755 1250 1817 1292; x_wconf 88' lang='lat' dir='ltr'>mc·</span> <span class='ocrx_word' id='word_1_139' title='bbox 1931 1246 1935 1257; x_wconf 89' lang='lat'><em>·</em></span> 
     </span>
     <span class='ocr_line' id='line_1_12' title="bbox 111 1319 1394 1403; baseline -0.008 -17"><span class='ocrx_word' id='word_1_140' title='bbox 111 1347 147 1386; x_wconf 89' lang='lat' dir='ltr'>ne</span> <span class='ocrx_word' id='word_1_141' title='bbox 172 1323 343 1403; x_wconf 81' lang='lat' dir='ltr'>participem</span> <span class='ocrx_word' id='word_1_142' title='bbox 369 1324 561 1400; x_wconf 74' lang='lat' dir='ltr'>postm‘odum</span> <span class='ocrx_word' id='word_1_143' title='bbox 586 1326 693 1383; x_wconf 89' lang='lat' dir='ltr'>faceret</span> <span class='ocrx_word' id='word_1_144' title='bbox 708 1326 826 1399; x_wconf 88' lang='lat' dir='ltr'>pietatis</span> <span class='ocrx_word' id='word_1_145' title='bbox 847 1326 937 1382; x_wconf 81' lang='lat' dir='ltr'>bare·</span> <span class='ocrx_word' id='word_1_146' title='bbox 993 1321 1125 1378; x_wconf 83' lang='lat' dir='ltr'>moriosa</span> <span class='ocrx_word' id='word_1_147' title='bbox 1142 1320 1249 1378; x_wconf 87' lang='lat' dir='ltr'>mentis</span> <span class='ocrx_word' id='word_1_148' title='bbox 1264 1319 1394 1377; x_wconf 82' lang='lat' dir='ltr'>oblivio?</span> 
     </span>
    </p>
   </div>
   <div class='ocr_carea' id='block_1_3' title="bbox 112 1417 1499 1521">
    <p class='ocr_par' dir='ltr' id='par_1_4' title="bbox 112 1417 1499 1521">
     <span class='ocr_line' id='line_1_13' title="bbox 112 1417 1499 1521; baseline -0.001 -2"><span class='ocrx_word' id='word_1_149' title='bbox 112 1417 190 1475; x_wconf 70' lang='lat'>‘¹⁸¹⁰‘</span> <span class='ocrx_word' id='word_1_150' title='bbox 1308 1464 1428 1521; x_wconf 83' lang='lat' dir='ltr'>oaeu&#39;r</span> <span class='ocrx_word' id='word_1_151' title='bbox 1450 1467 1499 1520; x_wconf 86' lang='lat' dir='ltr'>vl.</span> 
     </span>
    </p>
   </div>
   <div class='ocr_carea' id='block_1_4' title="bbox 411 1538 1646 1634">
    <p class='ocr_par' dir='ltr' id='par_1_5' title="bbox 411 1538 1646 1634">
     <span class='ocr_line' id='line_1_14' title="bbox 411 1538 1646 1634; baseline 0.009 -27"><span class='ocrx_word' id='word_1_152' title='bbox 411 1538 530 1597; x_wconf 63' lang='lat' dir='ltr'>CAPUT</span> <span class='ocrx_word' id='word_1_153' title='bbox 550 1539 638 1611; x_wconf 59' lang='grc' dir='ltr'>γ(9)·</span> <span class='ocrx_word' id='word_1_154' title='bbox 1162 1561 1365 1634; x_wconf 77' lang='lat' dir='ltr'>Episcopolilme</span> <span class='ocrx_word' id='word_1_155' title='bbox 1377 1563 1525 1619; x_wconf 82' lang='lat' dir='ltr'>virtutibus</span> <span class='ocrx_word' id='word_1_156' title='bbox 1539 1564 1646 1620; x_wconf 67' lang='lat' dir='ltr'>emeat.</span> 
     </span>
    </p>
   </div>
   <div class='ocr_carea' id='block_1_5' title="bbox 111 1647 1817 1763">
    <p class='ocr_par' dir='ltr' id='par_1_6' title="bbox 111 1647 1817 1763">
     <span class='ocr_line' id='line_1_15' title="bbox 111 1647 1817 1763; baseline 0.012 -39"><span class='ocrx_word' id='word_1_157' title='bbox 111 1648 206 1707; x_wconf 54' lang='grc' dir='ltr'>ΛΜ</span> <span class='ocrx_word' id='word_1_158' title='bbox 216 1647 383 1718; x_wconf 59' lang='lat' dir='ltr'>mphy‘u‘a</span> <span class='ocrx_word' id='word_1_159' title='bbox 408 1647 596 1718; x_wconf 53' lang='lat' dir='ltr'>⁶Pss⁶⁰¹²⁰²um</span> <span class='ocrx_word' id='word_1_160' title='bbox 616 1661 756 1702; x_wconf 60' lang='lat' dir='ltr'>“mmm</span> <span class='ocrx_word' id='word_1_161' title='bbox 769 1648 936 1719; x_wconf 50' lang='lat' dir='ltr'><strong><em>mmmm·</em></strong></span> <span class='ocrx_word' id='word_1_162' title='bbox 1029 1683 1147 1751; x_wconf 76' lang='lat' dir='ltr'>Exinde,</span> <span class='ocrx_word' id='word_1_163' title='bbox 1163 1681 1411 1754; x_wconf 87' lang='lat' dir='ltr'>quemadmodum</span> <span class='ocrx_word' id='word_1_164' title='bbox 1432 1702 1463 1742; x_wconf 90' lang='lat' dir='ltr'>se</span> <span class='ocrx_word' id='word_1_165' title='bbox 1477 1686 1611 1759; x_wconf 74' lang='lat' dir='ltr'>gesserit,</span> <span class='ocrx_word' id='word_1_166' title='bbox 1628 1686 1695 1759; x_wconf 91' lang='lat' dir='ltr'>quis</span> <span class='ocrx_word' id='word_1_167' title='bbox 1709 1687 1817 1763; x_wconf 83' lang='lat' dir='ltr'>referre</span> 
     </span>
    </p>
   </div>
   <div class='ocr_carea' id='block_1_6' title="bbox 110 1770 1896 3972">
    <p class='ocr_par' dir='ltr' id='par_1_7' title="bbox 110 1770 1896 3972">
     <span class='ocr_line' id='line_1_16' title="bbox 148 1770 1819 1851; baseline 0.002 -22"><span class='ocrx_word' id='word_1_168' title='bbox 148 1773 281 1847; x_wconf 89' lang='lat' dir='ltr'>Longuni</span> <span class='ocrx_word' id='word_1_169' title='bbox 296 1777 342 1830; x_wconf 88' lang='lat' dir='ltr'>est</span> <span class='ocrx_word' id='word_1_170' title='bbox 356 1771 398 1828; x_wconf 88' lang='lat' dir='ltr'>ire</span> <span class='ocrx_word' id='word_1_171' title='bbox 414 1787 466 1845; x_wconf 89' lang='lat' dir='ltr'>per</span> <span class='ocrx_word' id='word_1_172' title='bbox 480 1770 613 1845; x_wconf 89' lang='lat' dir='ltr'>singulo:</span> <span class='ocrx_word' id='word_1_173' title='bbox 626 1775 732 1828; x_wconf 86' lang='lat' dir='ltr'>cuncta</span> <span class='ocrx_word' id='word_1_174' title='bbox 746 1772 769 1807; x_wconf 79' lang='lat'>²⁸</span> <span class='ocrx_word' id='word_1_175' title='bbox 783 1772 848 1844; x_wconf 88' lang='lat' dir='ltr'>ejus</span> <span class='ocrx_word' id='word_1_176' title='bbox 864 1773 939 1829; x_wconf 91' lang='lat' dir='ltr'>lacta</span> <span class='ocrx_word' id='word_1_177' title='bbox 993 1773 1141 1830; x_wconf 81' lang='lat' dir='ltr'>sufficiat?</span> <span class='ocrx_word' id='word_1_178' title='bbox 1151 1789 1214 1844; x_wconf 82' lang='lat' dir='ltr'>qua</span> <span class='ocrx_word' id='word_1_179' title='bbox 1225 1770 1267 1828; x_wconf 91' lang='lat' dir='ltr'>illi</span> <span class='ocrx_word' id='word_1_180' title='bbox 1278 1771 1300 1806; x_wconf 80' lang='lat'>³⁵</span> <span class='ocrx_word' id='word_1_181' title='bbox 1312 1772 1432 1844; x_wconf 79' lang='lat' dir='ltr'>pietas?</span> <span class='ocrx_word' id='word_1_182' title='bbox 1446 1774 1497 1847; x_wconf 93' lang='lat' dir='ltr'>qui</span> <span class='ocrx_word' id='word_1_183' title='bbox 1507 1773 1606 1849; x_wconf 83' lang='lat' dir='ltr'>vigor?</span> <span class='ocrx_word' id='word_1_184' title='bbox 1616 1775 1819 1851; x_wconf 87' lang='lat' dir='ltr'>misericordia</span> 
     </span>
     <span class='ocr_line' id='line_1_17' title="bbox 113 1859 1821 1935; baseline 0.001 -16"><span class='ocrx_word' id='word_1_185' title='bbox 113 1878 269 1920; x_wconf 89' lang='lat' dir='ltr'>onerosum</span> <span class='ocrx_word' id='word_1_186' title='bbox 287 1867 332 1918; x_wconf 88' lang='lat' dir='ltr'>est</span> <span class='ocrx_word' id='word_1_187' title='bbox 356 1875 538 1917; x_wconf 88' lang='lat' dir='ltr'>enumerare.</span> <span class='ocrx_word' id='word_1_188' title='bbox 563 1860 605 1915; x_wconf 85' lang='lat' dir='ltr'>nd</span> <span class='ocrx_word' id='word_1_189' title='bbox 628 1859 830 1933; x_wconf 85' lang='lat' dir='ltr'>probationem</span> <span class='ocrx_word' id='word_1_190' title='bbox 848 1862 938 1918; x_wconf 90' lang='lat' dir='ltr'>bono·</span> <span class='ocrx_word' id='word_1_191' title='bbox 994 1861 1129 1935; x_wconf 79' lang='lat' dir='ltr'>quanta?</span> <span class='ocrx_word' id='word_1_192' title='bbox 1144 1867 1256 1935; x_wconf 86' lang='lat' dir='ltr'>quanta</span> <span class='ocrx_word' id='word_1_193' title='bbox 1270 1876 1395 1917; x_wconf 87' lang='lat' dir='ltr'>censura</span> <span class='ocrx_word' id='word_1_194' title='bbox 1408 1863 1455 1918; x_wconf 72' lang='lat'>³⁶?</span> <span class='ocrx_word' id='word_1_195' title='bbox 1470 1863 1596 1919; x_wconf 83' lang='lat' dir='ltr'>Tantum</span> <span class='ocrx_word' id='word_1_196' title='bbox 1612 1864 1777 1922; x_wconf 89' lang='lat' dir='ltr'>sanctitatis</span> <span class='ocrx_word' id='word_1_197' title='bbox 1791 1868 1821 1922; x_wconf 90' lang='lat' dir='ltr'>et</span> 
     </span>
     <span class='ocr_line' id='line_1_18' title="bbox 113 1947 1819 2025; baseline 0.001 -17"><span class='ocrx_word' id='word_1_198' title='bbox 113 1968 179 2008; x_wconf 91' lang='lat' dir='ltr'>rum</span> <span class='ocrx_word' id='word_1_199' title='bbox 195 1959 328 2025; x_wconf 78' lang='lat' dir='ltr'>opertam,</span> <span class='ocrx_word' id='word_1_200' title='bbox 345 1947 441 2006; x_wconf 90' lang='lat' dir='ltr'>solum</span> <span class='ocrx_word' id='word_1_201' title='bbox 457 1948 512 2005; x_wconf 88' lang='lat' dir='ltr'>boc</span> <span class='ocrx_word' id='word_1_202' title='bbox 527 1949 654 2006; x_wconf 80' lang='lat' dir='ltr'>arbitror</span> <span class='ocrx_word' id='word_1_203' title='bbox 677 1947 750 2006; x_wconf 86' lang='lat' dir='ltr'>satis</span> <span class='ocrx_word' id='word_1_204' title='bbox 770 1951 938 2023; x_wconf 71' lang='lat' dir='ltr'>essequod</span> <span class='ocrx_word' id='word_1_205' title='bbox 992 1950 1091 2022; x_wconf 83' lang='lat' dir='ltr'>gratia</span> <span class='ocrx_word' id='word_1_206' title='bbox 1103 1966 1137 2005; x_wconf 87' lang='lat' dir='ltr'>ex</span> <span class='ocrx_word' id='word_1_207' title='bbox 1151 1966 1199 2005; x_wconf 89' lang='lat' dir='ltr'>ore</span> <span class='ocrx_word' id='word_1_208' title='bbox 1209 1950 1274 2021; x_wconf 83' lang='lat' dir='ltr'>ejus</span> <span class='ocrx_word' id='word_1_209' title='bbox 1284 1949 1411 2019; x_wconf 89' lang='lat' dir='ltr'>lucebat,</span> <span class='ocrx_word' id='word_1_210' title='bbox 1426 1953 1458 2006; x_wconf 93' lang='lat' dir='ltr'>ut</span> <span class='ocrx_word' id='word_1_211' title='bbox 1468 1950 1819 2009; x_wconf 70' lang='lat' dir='ltr'>confunderetiiintuen-</span> 
     </span>
     <span class='ocr_line' id='line_1_19' title="bbox 110 2037 1820 2114; baseline 0.001 -17"><span class='ocrx_word' id='word_1_212' title='bbox 110 2040 224 2114; x_wconf 87' lang='lat' dir='ltr'>judicio</span> <span class='ocrx_word' id='word_1_213' title='bbox 242 2040 291 2096; x_wconf 85' lang='lat' dir='ltr'>Dei</span> <span class='ocrx_word' id='word_1_214' title='bbox 306 2043 335 2096; x_wconf 87' lang='lat' dir='ltr'>ct</span> <span class='ocrx_word' id='word_1_215' title='bbox 350 2037 444 2112; x_wconf 89' lang='lat' dir='ltr'>plebis</span> <span class='ocrx_word' id='word_1_216' title='bbox 464 2039 572 2105; x_wconf 89' lang='lat' dir='ltr'>favore,</span> <span class='ocrx_word' id='word_1_217' title='bbox 590 2039 625 2094; x_wconf 86' lang='lat' dir='ltr'>ad</span> <span class='ocrx_word' id='word_1_218' title='bbox 640 2037 771 2095; x_wconf 82' lang='lat' dir='ltr'>officium</span> <span class='ocrx_word' id='word_1_219' title='bbox 785 2039 939 2096; x_wconf 80' lang='lat' dir='ltr'>sacerdotii</span> <span class='ocrx_word' id='word_1_220' title='bbox 992 2037 1067 2095; x_wconf 91' lang='lat' dir='ltr'>tium</span> <span class='ocrx_word' id='word_1_221' title='bbox 1082 2041 1205 2094; x_wconf 90' lang='lat' dir='ltr'>mentes.</span> <span class='ocrx_word' id='word_1_222' title='bbox 1215 2038 1317 2096; x_wconf 86' lang='lat' dir='ltr'>Gravis</span> <span class='ocrx_word' id='word_1_223' title='bbox 1331 2038 1431 2095; x_wconf 85' lang='lat' dir='ltr'>uultus</span> <span class='ocrx_word' id='word_1_224' title='bbox 1446 2044 1474 2096; x_wconf 90' lang='lat' dir='ltr'>et</span> <span class='ocrx_word' id='word_1_225' title='bbox 1488 2039 1592 2108; x_wconf 82' lang='lat' dir='ltr'>latus;</span> <span class='ocrx_word' id='word_1_226' title='bbox 1609 2057 1663 2098; x_wconf 89' lang='lat' dir='ltr'>nec</span> <span class='ocrx_word' id='word_1_227' title='bbox 1679 2040 1820 2098; x_wconf 84' lang='lat' dir='ltr'>severitas</span> 
     </span>
     <span class='ocr_line' id='line_1_20' title="bbox 115 2125 1820 2203; baseline 0 -16"><span class='ocrx_word' id='word_1_228' title='bbox 115 2135 143 2187; x_wconf 90' lang='lat' dir='ltr'>et</span> <span class='ocrx_word' id='word_1_229' title='bbox 157 2130 345 2203; x_wconf 86' lang='lat' dir='ltr'>episcopatus</span> <span class='ocrx_word' id='word_1_230' title='bbox 360 2128 485 2200; x_wconf 90' lang='lat' dir='ltr'>gradum</span> <span class='ocrx_word' id='word_1_231' title='bbox 502 2125 777 2203; x_wconf 77' lang='lat' dir='ltr'>adhucneopbytus</span> <span class='ocrx_word' id='word_1_232' title='bbox 791 2132 829 2196; x_wconf 90' lang='lat' dir='ltr'>st,</span> <span class='ocrx_word' id='word_1_233' title='bbox 841 2133 874 2184; x_wconf 91' lang='lat' dir='ltr'>ut</span> <span class='ocrx_word' id='word_1_234' title='bbox 888 2146 940 2201; x_wconf 92' lang='lat' dir='ltr'>pu·</span> <span class='ocrx_word' id='word_1_235' title='bbox 993 2127 1097 2196; x_wconf 90' lang='lat' dir='ltr'>tristis,</span> <span class='ocrx_word' id='word_1_236' title='bbox 1110 2142 1163 2182; x_wconf 89' lang='lat' dir='ltr'>nee</span> <span class='ocrx_word' id='word_1_237' title='bbox 1178 2127 1302 2185; x_wconf 89' lang='lat' dir='ltr'>comitas</span> <span class='ocrx_word' id='word_1_238' title='bbox 1318 2127 1461 2196; x_wconf 80' lang='lat' dir='ltr'>nimia³⁸;</span> <span class='ocrx_word' id='word_1_239' title='bbox 1479 2129 1530 2185; x_wconf 91' lang='lat' dir='ltr'>sed</span> <span class='ocrx_word' id='word_1_240' title='bbox 1543 2129 1671 2187; x_wconf 89' lang='lat' dir='ltr'>admista</span> <span class='ocrx_word' id='word_1_241' title='bbox 1682 2129 1820 2203; x_wconf 87' lang='lat' dir='ltr'>utrinque</span> 
     </span>
     <span class='ocr_line' id='line_1_21' title="bbox 115 2214 1896 2293; baseline -0.001 -18"><span class='ocrx_word' id='word_1_242' title='bbox 115 2224 205 2288; x_wconf 89' lang='lat' dir='ltr'>tatur,</span> <span class='ocrx_word' id='word_1_243' title='bbox 222 2216 354 2274; x_wconf 87' lang='lat' dir='ltr'>novellus</span> <span class='ocrx_word' id='word_1_244' title='bbox 368 2214 478 2273; x_wconf 87' lang='lat' dir='ltr'>electus</span> <span class='ocrx_word' id='word_1_245' title='bbox 493 2220 548 2272; x_wconf 91' lang='lat' dir='ltr'>est.</span> <span class='ocrx_word' id='word_1_246' title='bbox 560 2216 736 2282; x_wconf 82' lang='lat' dir='ltr'>Quamvisin</span> <span class='ocrx_word' id='word_1_247' title='bbox 753 2215 857 2288; x_wconf 88' lang='lat' dir='ltr'>primis</span> <span class='ocrx_word' id='word_1_248' title='bbox 873 2215 940 2273; x_wconf 88' lang='lat' dir='ltr'>fidei</span> <span class='ocrx_word' id='word_1_249' title='bbox 993 2214 1173 2287; x_wconf 88' lang='lat' dir='ltr'>temperies:</span> <span class='ocrx_word' id='word_1_250' title='bbox 1189 2221 1222 2269; x_wconf 92' lang='lat' dir='ltr'>ut</span> <span class='ocrx_word' id='word_1_251' title='bbox 1236 2221 1314 2272; x_wconf 85' lang='lat' dir='ltr'>essct</span> <span class='ocrx_word' id='word_1_252' title='bbox 1331 2217 1588 2288; x_wconf 83' lang='lat' dir='ltr'>ambigera,vereri</span> <span class='ocrx_word' id='word_1_253' title='bbox 1603 2217 1670 2290; x_wconf 90' lang='lat' dir='ltr'>plus</span> <span class='ocrx_word' id='word_1_254' title='bbox 1684 2236 1722 2276; x_wconf 89' lang='lat' dir='ltr'>an</span> <span class='ocrx_word' id='word_1_255' title='bbox 1736 2219 1820 2293; x_wconf 80' lang='lat' dir='ltr'>diligi</span> <span class='ocrx_word' id='word_1_256' title='bbox 1893 2234 1896 2243; x_wconf 61' lang='lat'><em>⁴</em></span> 
     </span>
     <span class='ocr_line' id='line_1_22' title="bbox 117 2302 1819 2379; baseline 0.001 -16"><span class='ocrx_word' id='word_1_257' title='bbox 117 2325 177 2364; x_wconf 81' lang='lat' dir='ltr'>sua</span> <span class='ocrx_word' id='word_1_258' title='bbox 193 2306 288 2363; x_wconf 90' lang='lat' dir='ltr'>adbuc</span> <span class='ocrx_word' id='word_1_259' title='bbox 303 2305 450 2376; x_wconf 88' lang='lat' dir='ltr'>diebus,et</span> <span class='ocrx_word' id='word_1_260' title='bbox 465 2304 530 2360; x_wconf 89' lang='lat' dir='ltr'>rudi</span> <span class='ocrx_word' id='word_1_261' title='bbox 546 2304 608 2360; x_wconf 81' lang='lat' dir='ltr'>vira</span> <span class='ocrx_word' id='word_1_262' title='bbox 624 2304 786 2378; x_wconf 87' lang='lat' dir='ltr'>spiritualis</span> <span class='ocrx_word' id='word_1_263' title='bbox 801 2306 940 2374; x_wconf 80' lang='lat' dir='ltr'>atnte,sie</span> <span class='ocrx_word' id='word_1_264' title='bbox 995 2305 1176 2373; x_wconf 87' lang='lat' dir='ltr'>mereretur;</span> <span class='ocrx_word' id='word_1_265' title='bbox 1195 2303 1252 2359; x_wconf 87' lang='lat' dir='ltr'>nisi</span> <span class='ocrx_word' id='word_1_266' title='bbox 1267 2305 1344 2376; x_wconf 93' lang='lat' dir='ltr'>quod</span> <span class='ocrx_word' id='word_1_267' title='bbox 1361 2309 1390 2360; x_wconf 91' lang='lat' dir='ltr'>et</span> <span class='ocrx_word' id='word_1_268' title='bbox 1400 2302 1488 2360; x_wconf 88' lang='lat' dir='ltr'>veteri</span> <span class='ocrx_word' id='word_1_269' title='bbox 1502 2311 1530 2361; x_wconf 88' lang='lat' dir='ltr'>st</span> <span class='ocrx_word' id='word_1_270' title='bbox 1544 2305 1627 2379; x_wconf 78' lang='lat' dir='ltr'>diligi</span> <span class='ocrx_word' id='word_1_271' title='bbox 1643 2309 1819 2364; x_wconf 87' lang='lat' dir='ltr'>merebatur.</span> 
     </span>
     <span class='ocr_line' id='line_1_23' title="bbox 118 2386 1820 2470; baseline 0.001 -17"><span class='ocrx_word' id='word_1_272' title='bbox 118 2411 262 2470; x_wconf 88' lang='lat' dir='ltr'>generosa</span> <span class='ocrx_word' id='word_1_273' title='bbox 276 2393 389 2450; x_wconf 87' lang='lat' dir='ltr'>indoles</span> <span class='ocrx_word' id='word_1_274' title='bbox 404 2390 565 2465; x_wconf 71' lang='lat' dir='ltr'>reluceret,</span> <span class='ocrx_word' id='word_1_275' title='bbox 581 2397 614 2449; x_wconf 91' lang='lat' dir='ltr'>nt</span> <span class='ocrx_word' id='word_1_276' title='bbox 628 2392 682 2451; x_wconf 89' lang='lat' dir='ltr'>etsi</span> <span class='ocrx_word' id='word_1_277' title='bbox 693 2395 825 2451; x_wconf 93' lang='lat' dir='ltr'>nondum</span> <span class='ocrx_word' id='word_1_278' title='bbox 841 2395 942 2466; x_wconf 83' lang='lat' dir='ltr'>oflicii,</span> <span class='ocrx_word' id='word_1_279' title='bbox 995 2392 1051 2449; x_wconf 89' lang='lat' dir='ltr'>Sed</span> <span class='ocrx_word' id='word_1_280' title='bbox 1067 2407 1120 2448; x_wconf 86' lang='lat' dir='ltr'>nec</span> <span class='ocrx_word' id='word_1_281' title='bbox 1133 2393 1231 2448; x_wconf 91' lang='lat' dir='ltr'>cultus</span> <span class='ocrx_word' id='word_1_282' title='bbox 1247 2392 1302 2449; x_wconf 92' lang='lat' dir='ltr'>fuit</span> <span class='ocrx_word' id='word_1_283' title='bbox 1324 2393 1456 2464; x_wconf 83' lang='lat' dir='ltr'>dispare</span> <span class='ocrx_word' id='word_1_284' title='bbox 1477 2386 1571 2463; x_wconf 82' lang='lat' dir='ltr'>rultu,</span> <span class='ocrx_word' id='word_1_285' title='bbox 1596 2398 1776 2468; x_wconf 85' lang='lat' dir='ltr'>temperatus</span> <span class='ocrx_word' id='word_1_286' title='bbox 1789 2400 1820 2455; x_wconf 89' lang='lat' dir='ltr'>et</span> 
     </span>
     <span class='ocr_line' id='line_1_24' title="bbox 119 2478 1820 2558; baseline -0.001 -16"><span class='ocrx_word' id='word_1_287' title='bbox 119 2484 182 2558; x_wconf 88' lang='lat' dir='ltr'>spei</span> <span class='ocrx_word' id='word_1_288' title='bbox 198 2487 295 2540; x_wconf 62' lang='lat' dir='ltr'>umen</span> <span class='ocrx_word' id='word_1_289' title='bbox 311 2481 423 2554; x_wconf 87' lang='lat' dir='ltr'>fulgore</span> <span class='ocrx_word' id='word_1_290' title='bbox 438 2480 638 2555; x_wconf 87' lang='lat' dir='ltr'>resplendens,</span> <span class='ocrx_word' id='word_1_291' title='bbox 649 2480 831 2540; x_wconf 88' lang='lat' dir='ltr'>imminentis</span> <span class='ocrx_word' id='word_1_292' title='bbox 847 2499 942 2540; x_wconf 89' lang='lat' dir='ltr'>sacer·</span> <span class='ocrx_word' id='word_1_293' title='bbox 997 2481 1060 2554; x_wconf 90' lang='lat' dir='ltr'>ipse</span> <span class='ocrx_word' id='word_1_294' title='bbox 1075 2481 1110 2537; x_wconf 88' lang='lat' dir='ltr'>de</span> <span class='ocrx_word' id='word_1_295' title='bbox 1124 2479 1229 2538; x_wconf 84' lang='lat' dir='ltr'>medio.</span> <span class='ocrx_word' id='word_1_296' title='bbox 1242 2481 1304 2537; x_wconf 91' lang='lat' dir='ltr'>Non</span> <span class='ocrx_word' id='word_1_297' title='bbox 1320 2479 1403 2537; x_wconf 89' lang='lat' dir='ltr'>illum</span> <span class='ocrx_word' id='word_1_298' title='bbox 1421 2478 1560 2554; x_wconf 88' lang='lat' dir='ltr'>superbie</span> <span class='ocrx_word' id='word_1_299' title='bbox 1574 2480 1723 2539; x_wconf 80' lang='lat' dir='ltr'>secularis</span> <span class='ocrx_word' id='word_1_300' title='bbox 1737 2483 1820 2542; x_wconf 89' lang='lat' dir='ltr'>infla-</span> 
     </span>
     <span class='ocr_line' id='line_1_25' title="bbox 121 2560 1821 2644; baseline 0.001 -15"><span class='ocrx_word' id='word_1_301' title='bbox 121 2571 190 2630; x_wconf 90' lang='lat' dir='ltr'>dotii</span> <span class='ocrx_word' id='word_1_302' title='bbox 206 2573 298 2628; x_wconf 90' lang='lat' dir='ltr'>totam</span> <span class='ocrx_word' id='word_1_303' title='bbox 320 2569 460 2626; x_wconf 80' lang='lat' dir='ltr'>fiduciam</span> <span class='ocrx_word' id='word_1_304' title='bbox 483 2568 679 2644; x_wconf 89' lang='lat' dir='ltr'>polliceretur.</span> <span class='ocrx_word' id='word_1_305' title='bbox 702 2571 766 2629; x_wconf 90' lang='lat' dir='ltr'>Non</span> <span class='ocrx_word' id='word_1_306' title='bbox 790 2571 943 2644; x_wconf 71' lang='lat' dir='ltr'>praeteribo</span> <span class='ocrx_word' id='word_1_307' title='bbox 996 2575 1085 2639; x_wconf 88' lang='lat' dir='ltr'>verat,</span> <span class='ocrx_word' id='word_1_308' title='bbox 1099 2585 1151 2625; x_wconf 90' lang='lat' dir='ltr'>nec</span> <span class='ocrx_word' id='word_1_309' title='bbox 1165 2574 1264 2625; x_wconf 89' lang='lat' dir='ltr'>tamen</span> <span class='ocrx_word' id='word_1_310' title='bbox 1277 2585 1397 2642; x_wconf 87' lang='lat' dir='ltr'>prorsus</span> <span class='ocrx_word' id='word_1_311' title='bbox 1408 2568 1543 2625; x_wconf 80' lang='lat' dir='ltr'>affectata</span> <span class='ocrx_word' id='word_1_312' title='bbox 1554 2572 1678 2644; x_wconf 87' lang='lat' dir='ltr'>penuria</span> <span class='ocrx_word' id='word_1_313' title='bbox 1692 2560 1821 2631; x_wconf 68' lang='lat' dir='ltr'>sordidass</span> 
     </span>
     <span class='ocr_line' id='line_1_26' title="bbox 121 2657 1821 2731; baseline 0.001 -14"><span class='ocrx_word' id='word_1_314' title='bbox 121 2661 208 2717; x_wconf 91' lang='lat' dir='ltr'>etiam</span> <span class='ocrx_word' id='word_1_315' title='bbox 223 2659 296 2715; x_wconf 90' lang='lat' dir='ltr'>illud</span> <span class='ocrx_word' id='word_1_316' title='bbox 307 2657 459 2726; x_wconf 85' lang='lat' dir='ltr'>eximium,</span> <span class='ocrx_word' id='word_1_317' title='bbox 472 2658 734 2729; x_wconf 88' lang='lat' dir='ltr'>quemadmodum,</span> <span class='ocrx_word' id='word_1_318' title='bbox 745 2676 813 2715; x_wconf 89' lang='lat' dir='ltr'>cum</span> <span class='ocrx_word' id='word_1_319' title='bbox 826 2660 856 2715; x_wconf 93' lang='lat' dir='ltr'>in</span> <span class='ocrx_word' id='word_1_320' title='bbox 872 2660 943 2716; x_wconf 92' lang='lat' dir='ltr'>dile·</span> <span class='ocrx_word' id='word_1_321' title='bbox 997 2663 1044 2715; x_wconf 87' lang='lat' dir='ltr'>rat</span> <span class='ocrx_word' id='word_1_322' title='bbox 1060 2675 1066 2714; x_wconf 94' lang='lat'><strong>:</strong></span> <span class='ocrx_word' id='word_1_323' title='bbox 1084 2657 1153 2731; x_wconf 89' lang='lat' dir='ltr'>quia</span> <span class='ocrx_word' id='word_1_324' title='bbox 1174 2663 1202 2714; x_wconf 90' lang='lat' dir='ltr'>et</span> <span class='ocrx_word' id='word_1_325' title='bbox 1217 2657 1270 2714; x_wconf 93' lang='lat' dir='ltr'>boc</span> <span class='ocrx_word' id='word_1_326' title='bbox 1285 2657 1408 2714; x_wconf 87' lang='lat' dir='ltr'>vestitus</span> <span class='ocrx_word' id='word_1_327' title='bbox 1423 2673 1517 2730; x_wconf 88' lang='lat' dir='ltr'>genus</span> <span class='ocrx_word' id='word_1_328' title='bbox 1533 2675 1550 2714; x_wconf 88' lang='lat' dir='ltr'>a</span> <span class='ocrx_word' id='word_1_329' title='bbox 1564 2659 1707 2731; x_wconf 88' lang='lat' dir='ltr'>jactantia</span> <span class='ocrx_word' id='word_1_330' title='bbox 1721 2661 1821 2719; x_wconf 85' lang='lat' dir='ltr'>minus</span> 
     </span>
     <span class='ocr_line' id='line_1_27' title="bbox 121 2744 1822 2831; baseline 0.001 -26"><span class='ocrx_word' id='word_1_331' title='bbox 121 2749 247 2806; x_wconf 91' lang='lat' dir='ltr'>ctionem</span> <span class='ocrx_word' id='word_1_332' title='bbox 257 2749 362 2820; x_wconf 86' lang='lat' dir='ltr'>ejuset</span> <span class='ocrx_word' id='word_1_333' title='bbox 372 2746 512 2803; x_wconf 90' lang='lat' dir='ltr'>bonorem</span> <span class='ocrx_word' id='word_1_334' title='bbox 524 2749 603 2802; x_wconf 88' lang='lat' dir='ltr'>tutus</span> <span class='ocrx_word' id='word_1_335' title='bbox 619 2746 747 2819; x_wconf 87' lang='lat' dir='ltr'>populus</span> <span class='ocrx_word' id='word_1_336' title='bbox 762 2749 945 2820; x_wconf 70' lang='lat' dir='ltr'>”aspirante</span> <span class='ocrx_word' id='word_1_337' title='bbox 998 2764 1056 2803; x_wconf 92' lang='lat' dir='ltr'>non</span> <span class='ocrx_word' id='word_1_338' title='bbox 1071 2751 1126 2811; x_wconf 89' lang='lat' dir='ltr'>est,</span> <span class='ocrx_word' id='word_1_339' title='bbox 1140 2763 1229 2818; x_wconf 90' lang='lat' dir='ltr'>quam</span> <span class='ocrx_word' id='word_1_340' title='bbox 1241 2747 1264 2781; x_wconf 79' lang='lat'>³⁹</span> <span class='ocrx_word' id='word_1_341' title='bbox 1279 2749 1425 2802; x_wconf 90' lang='lat' dir='ltr'>ostentata</span> <span class='ocrx_word' id='word_1_342' title='bbox 1441 2744 1539 2802; x_wconf 89' lang='lat' dir='ltr'>taliter</span> <span class='ocrx_word' id='word_1_343' title='bbox 1553 2747 1711 2804; x_wconf 88' lang='lat' dir='ltr'>ambitiosa</span> <span class='ocrx_word' id='word_1_344' title='bbox 1726 2749 1822 2831; x_wconf 76' lang='lat' dir='ltr'>fruga-</span> 
     </span>
     <span class='ocr_line' id='line_1_28' title="bbox 121 2828 1822 2910; baseline 0 -16"><span class='ocrx_word' id='word_1_345' title='bbox 121 2836 245 2895; x_wconf 85' lang='lat' dir='ltr'>Domioo</span> <span class='ocrx_word' id='word_1_346' title='bbox 259 2835 417 2910; x_wconf 88' lang='lat' dir='ltr'>prosiliret,</span> <span class='ocrx_word' id='word_1_347' title='bbox 432 2833 585 2891; x_wconf 88' lang='lat' dir='ltr'>humiliter</span> <span class='ocrx_word' id='word_1_348' title='bbox 598 2828 647 2890; x_wconf 89' lang='lat' dir='ltr'>ille</span> <span class='ocrx_word' id='word_1_349' title='bbox 664 2835 944 2909; x_wconf 86' lang='lat' dir='ltr'>secessit,antiquio·</span> <span class='ocrx_word' id='word_1_350' title='bbox 999 2835 1076 2893; x_wconf 91' lang='lat' dir='ltr'>litos.</span> <span class='ocrx_word' id='word_1_351' title='bbox 1091 2834 1165 2903; x_wconf 86' lang='lat' dir='ltr'>Quid</span> <span class='ocrx_word' id='word_1_352' title='bbox 1182 2835 1313 2891; x_wconf 73' lang='lat' dir='ltr'>aniame</span> <span class='ocrx_word' id='word_1_353' title='bbox 1328 2835 1406 2891; x_wconf 89' lang='lat' dir='ltr'>eirca</span> <span class='ocrx_word' id='word_1_354' title='bbox 1421 2851 1564 2909; x_wconf 89' lang='lat' dir='ltr'>pauperes</span> <span class='ocrx_word' id='word_1_355' title='bbox 1578 2834 1734 2910; x_wconf 89' lang='lat' dir='ltr'>episcopus</span> <span class='ocrx_word' id='word_1_356' title='bbox 1749 2838 1822 2894; x_wconf 91' lang='lat' dir='ltr'>face-</span> 
     </span>
     <span class='ocr_line' id='line_1_29' title="bbox 121 2921 1825 2997; baseline 0 -14"><span class='ocrx_word' id='word_1_357' title='bbox 121 2927 204 2983; x_wconf 90' lang='lat' dir='ltr'>ribus</span> <span class='ocrx_word' id='word_1_358' title='bbox 219 2926 335 2996; x_wconf 83' lang='lat' dir='ltr'>cedens,</span> <span class='ocrx_word' id='word_1_359' title='bbox 359 2929 389 2980; x_wconf 90' lang='lat' dir='ltr'>et</span> <span class='ocrx_word' id='word_1_360' title='bbox 410 2922 564 2996; x_wconf 87' lang='lat' dir='ltr'>iudignum</span> <span class='ocrx_word' id='word_1_361' title='bbox 585 2940 616 2980; x_wconf 89' lang='lat' dir='ltr'>se</span> <span class='ocrx_word' id='word_1_362' title='bbox 630 2921 715 2979; x_wconf 91' lang='lat' dir='ltr'>titulo</span> <span class='ocrx_word' id='word_1_363' title='bbox 735 2925 810 2979; x_wconf 90' lang='lat' dir='ltr'>tanti</span> <span class='ocrx_word' id='word_1_364' title='bbox 825 2924 946 2980; x_wconf 88' lang='lat' dir='ltr'>honoris</span> <span class='ocrx_word' id='word_1_365' title='bbox 1000 2927 1053 2995; x_wconf 89' lang='lat' dir='ltr'>ret,</span> <span class='ocrx_word' id='word_1_366' title='bbox 1079 2940 1153 2996; x_wconf 91' lang='lat' dir='ltr'>quos</span> <span class='ocrx_word' id='word_1_367' title='bbox 1179 2924 1406 2980; x_wconf 87' lang='lat' dir='ltr'>catechumenus</span> <span class='ocrx_word' id='word_1_368' title='bbox 1430 2922 1567 2996; x_wconf 88' lang='lat' dir='ltr'>diligabat</span> <span class='ocrx_word' id='word_1_369' title='bbox 1592 2925 1671 2997; x_wconf 73' lang='lat' dir='ltr'>(loli</span> <span class='ocrx_word' id='word_1_370' title='bbox 1690 2925 1825 2983; x_wconf 82' lang='lat' dir='ltr'>Viderint</span> 
     </span>
     <span class='ocr_line' id='line_1_30' title="bbox 122 3009 1825 3089; baseline 0.001 -18"><span class='ocrx_word' id='word_1_371' title='bbox 122 3014 306 3082; x_wconf 84' lang='lat' dir='ltr'>existimans,</span> <span class='ocrx_word' id='word_1_372' title='bbox 318 3015 351 3069; x_wconf 91' lang='lat' dir='ltr'>nt</span> <span class='ocrx_word' id='word_1_373' title='bbox 366 3011 474 3084; x_wconf 88' lang='lat' dir='ltr'>dignus</span> <span class='ocrx_word' id='word_1_374' title='bbox 489 3009 583 3086; x_wconf 89' lang='lat' dir='ltr'>magis</span> <span class='ocrx_word' id='word_1_375' title='bbox 599 3012 690 3068; x_wconf 89' lang='lat' dir='ltr'>fleret.</span> <span class='ocrx_word' id='word_1_376' title='bbox 702 3011 792 3085; x_wconf 85' lang='lat' dir='ltr'>Magis</span> <span class='ocrx_word' id='word_1_377' title='bbox 807 3012 886 3070; x_wconf 90' lang='lat' dir='ltr'>enim</span> <span class='ocrx_word' id='word_1_378' title='bbox 903 3012 946 3069; x_wconf 92' lang='lat' dir='ltr'>di·</span> <span class='ocrx_word' id='word_1_379' title='bbox 1000 3013 1118 3087; x_wconf 88' lang='lat' dir='ltr'>pietatis</span> <span class='ocrx_word' id='word_1_380' title='bbox 1133 3012 1344 3081; x_wconf 86' lang='lat' dir='ltr'>antistites,seu</span> <span class='ocrx_word' id='word_1_381' title='bbox 1357 3029 1430 3085; x_wconf 93' lang='lat' dir='ltr'>quos</span> <span class='ocrx_word' id='word_1_382' title='bbox 1445 3012 1481 3068; x_wconf 92' lang='lat' dir='ltr'>ad</span> <span class='ocrx_word' id='word_1_383' title='bbox 1497 3013 1628 3070; x_wconf 86' lang='lat' dir='ltr'>officium</span> <span class='ocrx_word' id='word_1_384' title='bbox 1643 3014 1712 3071; x_wconf 92' lang='lat' dir='ltr'>boui</span> <span class='ocrx_word' id='word_1_385' title='bbox 1727 3015 1825 3089; x_wconf 86' lang='lat' dir='ltr'>operia</span> 
     </span>
     <span class='ocr_line' id='line_1_31' title="bbox 122 3090 1826 3178; baseline 0.001 -18"><span class='ocrx_word' id='word_1_386' title='bbox 122 3119 200 3178; x_wconf 89' lang='lat' dir='ltr'>gnns</span> <span class='ocrx_word' id='word_1_387' title='bbox 223 3101 359 3170; x_wconf 84' lang='lat' dir='ltr'>efficitur,</span> <span class='ocrx_word' id='word_1_388' title='bbox 394 3099 446 3174; x_wconf 88' lang='lat' dir='ltr'>qni</span> <span class='ocrx_word' id='word_1_389' title='bbox 469 3099 548 3174; x_wconf 93' lang='lat' dir='ltr'>qnod</span> <span class='ocrx_word' id='word_1_390' title='bbox 581 3106 711 3157; x_wconf 89' lang='lat' dir='ltr'>meretur</span> <span class='ocrx_word' id='word_1_391' title='bbox 732 3105 860 3158; x_wconf 89' lang='lat' dir='ltr'>excusat.</span> <span class='ocrx_word' id='word_1_392' title='bbox 885 3105 946 3166; x_wconf 83' lang='lat' dir='ltr'>Quo</span> <span class='ocrx_word' id='word_1_393' title='bbox 1001 3101 1141 3158; x_wconf 84' lang='lat' dir='ltr'>instruxit</span> <span class='ocrx_word' id='word_1_394' title='bbox 1156 3101 1250 3174; x_wconf 87' lang='lat' dir='ltr'>ipsius</span> <span class='ocrx_word' id='word_1_395' title='bbox 1265 3100 1376 3157; x_wconf 91' lang='lat' dir='ltr'>ordinis</span> <span class='ocrx_word' id='word_1_396' title='bbox 1390 3098 1556 3173; x_wconf 87' lang='lat' dir='ltr'>disciplina,</span> <span class='ocrx_word' id='word_1_397' title='bbox 1573 3118 1625 3159; x_wconf 91' lang='lat' dir='ltr'>seu</span> <span class='ocrx_word' id='word_1_398' title='bbox 1641 3090 1715 3177; x_wconf 73' lang='lat' dir='ltr'>q&#39;uos</span> <span class='ocrx_word' id='word_1_399' title='bbox 1731 3120 1826 3161; x_wconf 89' lang='lat' dir='ltr'>sacra·</span> 
     </span>
     <span class='ocr_line' id='line_1_32' title="bbox 124 3180 1825 3263; baseline -0.001 -15"><span class='ocrx_word' id='word_1_400' title='bbox 124 3197 194 3249; x_wconf 92' lang='lat' dir='ltr'>tnnc</span> <span class='ocrx_word' id='word_1_401' title='bbox 209 3191 232 3226; x_wconf 79' lang='lat'>¹⁸</span> <span class='ocrx_word' id='word_1_402' title='bbox 247 3190 350 3247; x_wconf 89' lang='lat' dir='ltr'>ardore</span> <span class='ocrx_word' id='word_1_403' title='bbox 375 3188 457 3263; x_wconf 87' lang='lat' dir='ltr'>plebs</span> <span class='ocrx_word' id='word_1_404' title='bbox 479 3193 607 3246; x_wconf 83' lang='lat' dir='ltr'>estuans</span> <span class='ocrx_word' id='word_1_405' title='bbox 631 3188 801 3254; x_wconf 88' lang='lat' dir='ltr'>fluctuabat,</span> <span class='ocrx_word' id='word_1_406' title='bbox 822 3180 985 3262; x_wconf 85' lang='lat' dir='ltr'>spiritaliC</span> <span class='ocrx_word' id='word_1_407' title='bbox 1004 3190 1094 3247; x_wconf 89' lang='lat' dir='ltr'>menti</span> <span class='ocrx_word' id='word_1_408' title='bbox 1109 3189 1209 3262; x_wconf 90' lang='lat' dir='ltr'>religio</span> <span class='ocrx_word' id='word_1_409' title='bbox 1234 3188 1401 3246; x_wconf 89' lang='lat' dir='ltr'>eommunis</span> <span class='ocrx_word' id='word_1_410' title='bbox 1416 3189 1452 3245; x_wconf 87' lang='lat' dir='ltr'>ad</span> <span class='ocrx_word' id='word_1_411' title='bbox 1468 3188 1642 3263; x_wconf 88' lang='lat' dir='ltr'>obsequium</span> <span class='ocrx_word' id='word_1_412' title='bbox 1658 3191 1825 3249; x_wconf 82' lang='lat' dir='ltr'>exhibenda</span> 
     </span>
     <span class='ocr_line' id='line_1_33' title="bbox 127 3276 1824 3351; baseline 0 -14"><span class='ocrx_word' id='word_1_413' title='bbox 127 3278 272 3338; x_wconf 88' lang='lat' dir='ltr'>desiderio</span> <span class='ocrx_word' id='word_1_414' title='bbox 287 3277 509 3350; x_wconf 89' lang='lat' dir='ltr'>concupiscens,</span> <span class='ocrx_word' id='word_1_415' title='bbox 530 3281 562 3333; x_wconf 91' lang='lat' dir='ltr'>ut</span> <span class='ocrx_word' id='word_1_416' title='bbox 576 3276 670 3334; x_wconf 87' lang='lat' dir='ltr'>exitus</span> <span class='ocrx_word' id='word_1_417' title='bbox 686 3276 794 3350; x_wconf 91' lang='lat' dir='ltr'>docuit,</span> <span class='ocrx_word' id='word_1_418' title='bbox 810 3295 867 3334; x_wconf 92' lang='lat' dir='ltr'>non</span> <span class='ocrx_word' id='word_1_419' title='bbox 884 3281 948 3334; x_wconf 90' lang='lat' dir='ltr'>tan·</span> <span class='ocrx_word' id='word_1_420' title='bbox 1004 3277 1168 3335; x_wconf 87' lang='lat' dir='ltr'>dilectionis</span> <span class='ocrx_word' id='word_1_421' title='bbox 1184 3277 1314 3334; x_wconf 88' lang='lat' dir='ltr'>arctavit.</span> <span class='ocrx_word' id='word_1_422' title='bbox 1331 3277 1506 3351; x_wconf 79' lang='lat' dir='ltr'>Cyprianum</span> <span class='ocrx_word' id='word_1_423' title='bbox 1521 3278 1557 3334; x_wconf 88' lang='lat' dir='ltr'>da</span> <span class='ocrx_word' id='word_1_424' title='bbox 1567 3295 1620 3335; x_wconf 92' lang='lat' dir='ltr'>suo</span> <span class='ocrx_word' id='word_1_425' title='bbox 1636 3279 1723 3337; x_wconf 87' lang='lat' dir='ltr'>talem</span> <span class='ocrx_word' id='word_1_426' title='bbox 1738 3295 1824 3337; x_wconf 88' lang='lat' dir='ltr'>auce·</span> 
     </span>
     <span class='ocr_line' id='line_1_34' title="bbox 127 3364 1376 3443; baseline -0.006 -16"><span class='ocrx_word' id='word_1_427' title='bbox 127 3372 191 3428; x_wconf 86' lang='lat' dir='ltr'>tum</span> <span class='ocrx_word' id='word_1_428' title='bbox 217 3367 409 3443; x_wconf 72' lang='lat' dir='ltr'>episcopum</span> <span class='ocrx_word' id='word_1_429' title='bbox 425 3365 455 3422; x_wconf 90' lang='lat' dir='ltr'>in</span> <span class='ocrx_word' id='word_1_430' title='bbox 478 3382 512 3422; x_wconf 89' lang='lat' dir='ltr'>ec</span> <span class='ocrx_word' id='word_1_431' title='bbox 527 3365 605 3421; x_wconf 90' lang='lat' dir='ltr'>euim</span> <span class='ocrx_word' id='word_1_432' title='bbox 621 3382 709 3439; x_wconf 90' lang='lat' dir='ltr'>quem</span> <span class='ocrx_word' id='word_1_433' title='bbox 724 3370 794 3422; x_wconf 90' lang='lat' dir='ltr'>tuuc</span> <span class='ocrx_word' id='word_1_434' title='bbox 810 3366 912 3423; x_wconf 88' lang='lat' dir='ltr'>latenti</span> <span class='ocrx_word' id='word_1_435' title='bbox 928 3367 952 3402; x_wconf 76' lang='lat'>²⁰</span> <span class='ocrx_word' id='word_1_436' title='bbox 1005 3366 1049 3440; x_wconf 91' lang='lat' dir='ltr'>pit</span> <span class='ocrx_word' id='word_1_437' title='bbox 1061 3364 1209 3436; x_wconf 88' lang='lat' dir='ltr'>cathedra,</span> <span class='ocrx_word' id='word_1_438' title='bbox 1226 3383 1283 3422; x_wconf 93' lang='lat' dir='ltr'>non</span> <span class='ocrx_word' id='word_1_439' title='bbox 1300 3366 1376 3423; x_wconf 91' lang='lat' dir='ltr'>fecit.</span> 
     </span>
     <span class='ocr_line' id='line_1_35' title="bbox 127 3453 952 3529; baseline -0.002 -14"><span class='ocrx_word' id='word_1_440' title='bbox 127 3456 289 3515; x_wconf 73' lang='lat' dir='ltr'>divinitatis</span> <span class='ocrx_word' id='word_1_441' title='bbox 305 3454 447 3529; x_wconf 80' lang='lat' dir='ltr'>presagio</span> <span class='ocrx_word' id='word_1_442' title='bbox 462 3453 561 3512; x_wconf 85' lang='lat' dir='ltr'>taliter</span> <span class='ocrx_word' id='word_1_443' title='bbox 575 3454 727 3528; x_wconf 88' lang='lat' dir='ltr'>flagitabat</span> <span class='ocrx_word' id='word_1_444' title='bbox 741 3455 830 3513; x_wconf 63' lang='lat' dir='ltr'>”uon</span> <span class='ocrx_word' id='word_1_445' title='bbox 843 3454 952 3513; x_wconf 88' lang='lat' dir='ltr'>solum·</span> 
     </span>
     <span class='ocr_line' id='line_1_36' title="bbox 128 3509 1510 3627; baseline -0.001 -23"><span class='ocrx_word' id='word_1_446' title='bbox 128 3547 215 3604; x_wconf 92' lang='lat' dir='ltr'>modo</span> <span class='ocrx_word' id='word_1_447' title='bbox 230 3544 423 3613; x_wconf 88' lang='lat' dir='ltr'>sacerdotem,</span> <span class='ocrx_word' id='word_1_448' title='bbox 436 3542 487 3601; x_wconf 87' lang='lat' dir='ltr'>sed</span> <span class='ocrx_word' id='word_1_449' title='bbox 498 3547 527 3600; x_wconf 89' lang='lat' dir='ltr'>et</span> <span class='ocrx_word' id='word_1_450' title='bbox 543 3542 676 3600; x_wconf 90' lang='lat' dir='ltr'>futorum</span> <span class='ocrx_word' id='word_1_451' title='bbox 692 3544 779 3601; x_wconf 89' lang='lat' dir='ltr'>etiam</span> <span class='ocrx_word' id='word_1_452' title='bbox 795 3548 952 3618; x_wconf 80' lang='lat' dir='ltr'>martyrem</span> <span class='ocrx_word' id='word_1_453' title='bbox 1114 3615 1119 3627; x_wconf 41' lang='grc'><strong>,</strong></span> <span class='ocrx_word' id='word_1_454' title='bbox 1317 3509 1424 3566; x_wconf 52' lang='lat' dir='ltr'>cmm</span> <span class='ocrx_word' id='word_1_455' title='bbox 1450 3509 1510 3566; x_wconf 73' lang='lat' dir='ltr'>VH·</span> 
     </span>
     <span class='ocr_line' id='line_1_37' title="bbox 128 3615 1827 3710; baseline -0.001 -17"><span class='ocrx_word' id='word_1_456' title='bbox 128 3633 306 3710; x_wconf 81' lang='lat' dir='ltr'>requirebat.</span> <span class='ocrx_word' id='word_1_457' title='bbox 323 3632 484 3691; x_wconf 82' lang='lat' dir='ltr'>obsederat</span> <span class='ocrx_word' id='word_1_458' title='bbox 498 3631 574 3688; x_wconf 89' lang='lat' dir='ltr'>fores</span> <span class='ocrx_word' id='word_1_459' title='bbox 589 3632 696 3689; x_wconf 91' lang='lat' dir='ltr'>domus</span> <span class='ocrx_word' id='word_1_460' title='bbox 718 3633 836 3705; x_wconf 89' lang='lat' dir='ltr'>eopiosa</span> <span class='ocrx_word' id='word_1_461' title='bbox 851 3632 952 3690; x_wconf 86' lang='lat' dir='ltr'>frater·</span> <span class='ocrx_word' id='word_1_462' title='bbox 1008 3616 1181 3684; x_wconf 59' lang='lat' dir='ltr'>Pt⁰⁸⁶r²l²¹¹⁴³</span> <span class='ocrx_word' id='word_1_463' title='bbox 1204 3620 1230 3671; x_wconf 65' lang='lat'>‘³2</span> <span class='ocrx_word' id='word_1_464' title='bbox 1251 3615 1287 3672; x_wconf 65' lang='lat' dir='ltr'>ed</span> <span class='ocrx_word' id='word_1_465' title='bbox 1299 3617 1414 3689; x_wconf 58' lang='lat' dir='ltr'>,lienem</span> <span class='ocrx_word' id='word_1_466' title='bbox 1431 3618 1597 3700; x_wconf 56' lang='grc'>1031111111,</span> <span class='ocrx_word' id='word_1_467' title='bbox 1618 3620 1767 3692; x_wconf 60' lang='lat' dir='ltr'>Prudenter</span> <span class='ocrx_word' id='word_1_468' title='bbox 1786 3637 1827 3678; x_wconf 68' lang='lat'>³⁶·</span> 
     </span>
     <span class='ocr_line' id='line_1_38' title="bbox 132 3687 1456 3795; baseline -0.002 -13"><span class='ocrx_word' id='word_1_469' title='bbox 132 3725 220 3795; x_wconf 88' lang='lat' dir='ltr'>nitas,</span> <span class='ocrx_word' id='word_1_470' title='bbox 236 3726 265 3779; x_wconf 89' lang='lat' dir='ltr'>et</span> <span class='ocrx_word' id='word_1_471' title='bbox 279 3738 332 3794; x_wconf 90' lang='lat' dir='ltr'>per</span> <span class='ocrx_word' id='word_1_472' title='bbox 346 3736 448 3777; x_wconf 89' lang='lat' dir='ltr'>omnes</span> <span class='ocrx_word' id='word_1_473' title='bbox 463 3719 561 3778; x_wconf 82' lang='lat' dir='ltr'>editus</span> <span class='ocrx_word' id='word_1_474' title='bbox 575 3719 702 3778; x_wconf 90' lang='lat' dir='ltr'>sollicita</span> <span class='ocrx_word' id='word_1_475' title='bbox 716 3721 843 3778; x_wconf 88' lang='lat' dir='ltr'>ebaritas</span> <span class='ocrx_word' id='word_1_476' title='bbox 853 3721 956 3779; x_wconf 89' lang='lat' dir='ltr'>circui·</span> <span class='ocrx_word' id='word_1_477' title='bbox 1376 3687 1456 3743; x_wconf 52' lang='grc' dir='ltr'>Μ’</span> 
     </span>
     <span class='ocr_line' id='line_1_39' title="bbox 132 3807 1831 3887; baseline 0.002 -17"><span class='ocrx_word' id='word_1_478' title='bbox 132 3814 191 3870; x_wconf 88' lang='lat' dir='ltr'>bat.</span> <span class='ocrx_word' id='word_1_479' title='bbox 208 3810 342 3868; x_wconf 88' lang='lat' dir='ltr'>Potuisse</span> <span class='ocrx_word' id='word_1_480' title='bbox 366 3810 489 3866; x_wconf 88' lang='lat' dir='ltr'>fortasse</span> <span class='ocrx_word' id='word_1_481' title='bbox 510 3811 580 3865; x_wconf 90' lang='lat' dir='ltr'>tunc</span> <span class='ocrx_word' id='word_1_482' title='bbox 602 3807 644 3865; x_wconf 84' lang='lat' dir='ltr'>illi</span> <span class='ocrx_word' id='word_1_483' title='bbox 669 3809 862 3882; x_wconf 78' lang='lat' dir='ltr'>apostoIIcom</span> <span class='ocrx_word' id='word_1_484' title='bbox 884 3809 955 3867; x_wconf 93' lang='lat' dir='ltr'>illud</span> <span class='ocrx_word' id='word_1_485' title='bbox 1047 3808 1153 3866; x_wconf 87' lang='lat' dir='ltr'>Statim</span> <span class='ocrx_word' id='word_1_486' title='bbox 1177 3807 1302 3882; x_wconf 89' lang='lat' dir='ltr'>denique</span> <span class='ocrx_word' id='word_1_487' title='bbox 1327 3827 1377 3883; x_wconf 88' lang='lat' dir='ltr'>pro</span> <span class='ocrx_word' id='word_1_488' title='bbox 1401 3810 1510 3869; x_wconf 90' lang='lat' dir='ltr'>talibus</span> <span class='ocrx_word' id='word_1_489' title='bbox 1534 3813 1646 3871; x_wconf 89' lang='lat' dir='ltr'>meritis</span> <span class='ocrx_word' id='word_1_490' title='bbox 1660 3815 1748 3875; x_wconf 85' lang='lat' dir='ltr'>etiam</span> <span class='ocrx_word' id='word_1_491' title='bbox 1764 3831 1831 3887; x_wconf 87' lang='lat' dir='ltr'>pro·</span> 
     </span>
     <span class='ocr_line' id='line_1_40' title="bbox 138 3895 1832 3972; baseline 0.001 -14"><span class='ocrx_word' id='word_1_492' title='bbox 138 3899 253 3958; x_wconf 84' lang='lat' dir='ltr'>evenire</span> <span class='ocrx_word' id='word_1_493' title='bbox 267 3898 303 3972; x_wconf 86' lang='lat' dir='ltr'>(ll</span> <span class='ocrx_word' id='word_1_494' title='bbox 319 3899 381 3955; x_wconf 82' lang='lat' dir='ltr'>Cor.</span> <span class='ocrx_word' id='word_1_495' title='bbox 394 3896 446 3969; x_wconf 81' lang='lat' dir='ltr'>xl),</span> <span class='ocrx_word' id='word_1_496' title='bbox 461 3896 539 3970; x_wconf 92' lang='lat' dir='ltr'>quod</span> <span class='ocrx_word' id='word_1_497' title='bbox 555 3895 656 3966; x_wconf 89' lang='lat' dir='ltr'>voluit,</span> <span class='ocrx_word' id='word_1_498' title='bbox 671 3902 704 3952; x_wconf 92' lang='lat' dir='ltr'>ut</span> <span class='ocrx_word' id='word_1_499' title='bbox 722 3913 774 3970; x_wconf 85' lang='lat' dir='ltr'>per</span> <span class='ocrx_word' id='word_1_500' title='bbox 798 3899 956 3956; x_wconf 81' lang='lat' dir='ltr'>fenestram</span> <span class='ocrx_word' id='word_1_501' title='bbox 1012 3897 1180 3971; x_wconf 89' lang='lat' dir='ltr'>scriptionis</span> <span class='ocrx_word' id='word_1_502' title='bbox 1195 3896 1317 3970; x_wconf 91' lang='lat' dir='ltr'>gloriam</span> <span class='ocrx_word' id='word_1_503' title='bbox 1330 3904 1505 3957; x_wconf 87' lang='lat' dir='ltr'>consecutus</span> <span class='ocrx_word' id='word_1_504' title='bbox 1519 3905 1574 3958; x_wconf 90' lang='lat' dir='ltr'>est.</span> <span class='ocrx_word' id='word_1_505' title='bbox 1585 3903 1643 3960; x_wconf 91' lang='lat' dir='ltr'>Nec</span> <span class='ocrx_word' id='word_1_506' title='bbox 1656 3903 1736 3960; x_wconf 88' lang='lat' dir='ltr'>enim</span> <span class='ocrx_word' id='word_1_507' title='bbox 1752 3902 1832 3961; x_wconf 88' lang='lat' dir='ltr'>aliud</span> 
     </span>
    </p>
   </div>
   <div class='ocr_carea' id='block_1_7' title="bbox 849 4014 1109 4073">
    <p class='ocr_par' dir='ltr' id='par_1_8' title="bbox 849 4014 1109 4073">
     <span class='ocr_line' id='line_1_41' title="bbox 849 4014 1109 4073; baseline -0.004 -3"><span class='ocrx_word' id='word_1_508' title='bbox 849 4014 941 4071; x_wconf 85' lang='lat' dir='ltr'>Varia</span> <span class='ocrx_word' id='word_1_509' title='bbox 961 4015 1109 4073; x_wconf 89' lang='lat' dir='ltr'>lectiones.</span> 
     </span>
    </p>
   </div>
   <div class='ocr_carea' id='block_1_8' title="bbox 134 4110 1920 4470">
    <p class='ocr_par' dir='ltr' id='par_1_9' title="bbox 134 4110 1920 4470">
     <span class='ocr_line' id='line_1_42' title="bbox 169 4110 1835 4183; baseline 0.003 -14"><span class='ocrx_word' id='word_1_510' title='bbox 169 4115 193 4149; x_wconf 76' lang='lat'>²⁸</span> <span class='ocrx_word' id='word_1_511' title='bbox 214 4112 385 4171; x_wconf 83' lang='lat' dir='ltr'>sectabatur</span> <span class='ocrx_word' id='word_1_512' title='bbox 412 4110 477 4169; x_wconf 84' lang='lat' dir='ltr'>flod.</span> <span class='ocrx_word' id='word_1_513' title='bbox 509 4112 535 4169; x_wconf 89' lang='lat' dir='ltr'>t.</span> <span class='ocrx_word' id='word_1_514' title='bbox 573 4111 596 4146; x_wconf 79' lang='lat'>²⁸</span> <span class='ocrx_word' id='word_1_515' title='bbox 625 4110 737 4168; x_wconf 84' lang='lat' dir='ltr'>Meritis</span> <span class='ocrx_word' id='word_1_516' title='bbox 764 4111 831 4169; x_wconf 83' lang='lat' dir='ltr'>boe.</span> <span class='ocrx_word' id='word_1_517' title='bbox 863 4114 888 4169; x_wconf 92' lang='lat' dir='ltr'>l.</span> <span class='ocrx_word' id='word_1_518' title='bbox 927 4113 949 4150; x_wconf 81' lang='lat'>¹⁰</span> <span class='ocrx_word' id='word_1_519' title='bbox 976 4112 1083 4169; x_wconf 84' lang='lat' dir='ltr'>Sancta</span> <span class='ocrx_word' id='word_1_520' title='bbox 1109 4113 1197 4170; x_wconf 79' lang='lat' dir='ltr'>occe.</span> <span class='ocrx_word' id='word_1_521' title='bbox 1237 4112 1259 4146; x_wconf 74' lang='lat'>⁹⁷</span> <span class='ocrx_word' id='word_1_522' title='bbox 1291 4112 1453 4183; x_wconf 86' lang='lat' dir='ltr'>inspirante</span> <span class='ocrx_word' id='word_1_523' title='bbox 1483 4113 1547 4169; x_wconf 86' lang='lat' dir='ltr'>Bud.</span> <span class='ocrx_word' id='word_1_524' title='bbox 1576 4115 1602 4171; x_wconf 88' lang='lat' dir='ltr'>t.</span> <span class='ocrx_word' id='word_1_525' title='bbox 1642 4116 1665 4151; x_wconf 81' lang='lat'>¹⁸</span> <span class='ocrx_word' id='word_1_526' title='bbox 1686 4119 1835 4182; x_wconf 83' lang='lat' dir='ltr'>Quantum</span> 
     </span>
     <span class='ocr_line' id='line_1_43' title="bbox 134 4180 1836 4257; baseline 0.003 -16"><span class='ocrx_word' id='word_1_527' title='bbox 134 4185 199 4243; x_wconf 81' lang='lat' dir='ltr'>bod.</span> <span class='ocrx_word' id='word_1_528' title='bbox 225 4184 252 4241; x_wconf 86' lang='lat' dir='ltr'>t.</span> <span class='ocrx_word' id='word_1_529' title='bbox 290 4183 313 4220; x_wconf 72' lang='lat'>¹⁹</span> <span class='ocrx_word' id='word_1_530' title='bbox 339 4182 491 4240; x_wconf 87' lang='lat' dir='ltr'>Latontem</span> <span class='ocrx_word' id='word_1_531' title='bbox 514 4184 588 4239; x_wconf 76' lang='lat' dir='ltr'>Fore.</span> <span class='ocrx_word' id='word_1_532' title='bbox 615 4183 689 4239; x_wconf 76' lang='lat' dir='ltr'>aler.</span> <span class='ocrx_word' id='word_1_533' title='bbox 728 4183 751 4218; x_wconf 75' lang='lat'>³⁰</span> <span class='ocrx_word' id='word_1_534' title='bbox 774 4180 945 4257; x_wconf 78' lang='lat' dir='ltr'>Flagitabat,</span> <span class='ocrx_word' id='word_1_535' title='bbox 971 4183 1103 4239; x_wconf 89' lang='lat' dir='ltr'>futurum</span> <span class='ocrx_word' id='word_1_536' title='bbox 1128 4185 1195 4254; x_wconf 85' lang='lat' dir='ltr'>imp.</span> <span class='ocrx_word' id='word_1_537' title='bbox 1235 4183 1302 4238; x_wconf 81' lang='lat' dir='ltr'>³¹si</span> <span class='ocrx_word' id='word_1_538' title='bbox 1326 4187 1506 4240; x_wconf 81' lang='lat' dir='ltr'>tamencum</span> <span class='ocrx_word' id='word_1_539' title='bbox 1527 4187 1599 4242; x_wconf 78' lang='lat' dir='ltr'>Flor.</span> <span class='ocrx_word' id='word_1_540' title='bbox 1637 4188 1661 4222; x_wconf 76' lang='lat'>⁸²</span> <span class='ocrx_word' id='word_1_541' title='bbox 1686 4187 1836 4247; x_wconf 87' lang='lat' dir='ltr'>Similarct</span> 
     </span>
     <span class='ocr_line' id='line_1_44' title="bbox 134 4252 1837 4326; baseline 0.002 -13"><span class='ocrx_word' id='word_1_542' title='bbox 134 4256 205 4313; x_wconf 79' lang='lat' dir='ltr'>Edit.</span> <span class='ocrx_word' id='word_1_543' title='bbox 231 4256 304 4313; x_wconf 81' lang='lat' dir='ltr'>Flcr.</span> <span class='ocrx_word' id='word_1_544' title='bbox 343 4253 435 4310; x_wconf 72' lang='lat' dir='ltr'>”Sus</span> <span class='ocrx_word' id='word_1_545' title='bbox 458 4269 545 4312; x_wconf 87' lang='lat' dir='ltr'>cusos</span> <span class='ocrx_word' id='word_1_546' title='bbox 570 4253 655 4311; x_wconf 86' lang='lat' dir='ltr'>anxio</span> <span class='ocrx_word' id='word_1_547' title='bbox 681 4255 767 4311; x_wconf 79' lang='lat' dir='ltr'>Oeen.</span> <span class='ocrx_word' id='word_1_548' title='bbox 805 4254 974 4312; x_wconf 72' lang='lat' dir='ltr'>euentura</span> <span class='ocrx_word' id='word_1_549' title='bbox 994 4270 1155 4326; x_wconf 88' lang='lat' dir='ltr'>suspensos</span> <span class='ocrx_word' id='word_1_550' title='bbox 1177 4253 1281 4308; x_wconf 73' lang='lat' dir='ltr'>Manat.</span> <span class='ocrx_word' id='word_1_551' title='bbox 1318 4252 1422 4320; x_wconf 71' lang='lat' dir='ltr'>³⁸Qua</span> <span class='ocrx_word' id='word_1_552' title='bbox 1445 4254 1496 4311; x_wconf 89' lang='lat' dir='ltr'>illa</span> <span class='ocrx_word' id='word_1_553' title='bbox 1523 4256 1590 4313; x_wconf 75' lang='lat' dir='ltr'>llud.</span> <span class='ocrx_word' id='word_1_554' title='bbox 1608 4259 1633 4314; x_wconf 89' lang='lat' dir='ltr'>l.</span> <span class='ocrx_word' id='word_1_555' title='bbox 1671 4259 1837 4319; x_wconf 63' lang='lat' dir='ltr'>³icensura</span> 
     </span>
     <span class='ocr_line' id='line_1_45' title="bbox 135 4323 1920 4401; baseline 0.004 -17"><span class='ocrx_word' id='word_1_556' title='bbox 135 4344 224 4401; x_wconf 89' lang='lat' dir='ltr'>qnam</span> <span class='ocrx_word' id='word_1_557' title='bbox 252 4324 356 4384; x_wconf 81' lang='lat' dir='ltr'>sobrie</span> <span class='ocrx_word' id='word_1_558' title='bbox 384 4326 423 4382; x_wconf 82' lang='lat' dir='ltr'>bu</span> <span class='ocrx_word' id='word_1_559' title='bbox 448 4326 498 4380; x_wconf 88' lang='lat' dir='ltr'>.l.</span> <span class='ocrx_word' id='word_1_560' title='bbox 536 4324 609 4381; x_wconf 77' lang='lat' dir='ltr'>³⁷Ut</span> <span class='ocrx_word' id='word_1_561' title='bbox 636 4325 790 4382; x_wconf 84' lang='lat' dir='ltr'>advocaret</span> <span class='ocrx_word' id='word_1_562' title='bbox 817 4325 925 4382; x_wconf 79' lang='lat' dir='ltr'>bodl.</span> <span class='ocrx_word' id='word_1_563' title='bbox 962 4325 1057 4382; x_wconf 71' lang='lat' dir='ltr'>”Nec</span> <span class='ocrx_word' id='word_1_564' title='bbox 1085 4323 1185 4380; x_wconf 82' lang='lat' dir='ltr'>laelitia</span> <span class='ocrx_word' id='word_1_565' title='bbox 1211 4323 1425 4382; x_wconf 74' lang='lat' dir='ltr'>nimietati.</span> <span class='ocrx_word' id='word_1_566' title='bbox 1462 4326 1485 4362; x_wconf 82' lang='lat'>⁸’</span> <span class='ocrx_word' id='word_1_567' title='bbox 1496 4325 1578 4391; x_wconf 82' lang='lat' dir='ltr'>Quod</span> <span class='ocrx_word' id='word_1_568' title='bbox 1598 4330 1726 4386; x_wconf 87' lang='lat' dir='ltr'>ostendit</span> <span class='ocrx_word' id='word_1_569' title='bbox 1752 4330 1837 4389; x_wconf 85' lang='lat' dir='ltr'>aliter</span> <span class='ocrx_word' id='word_1_570' title='bbox 1918 4386 1920 4392; x_wconf 92' lang='lat'>.</span> 
     </span>
     <span class='ocr_line' id='line_1_46' title="bbox 136 4395 1179 4470; baseline -0.006 -14"><span class='ocrx_word' id='word_1_571' title='bbox 136 4398 292 4456; x_wconf 87' lang='lat' dir='ltr'>ambitiosa</span> <span class='ocrx_word' id='word_1_572' title='bbox 307 4396 460 4470; x_wconf 76' lang='lat' dir='ltr'>frugalitas</span> <span class='ocrx_word' id='word_1_573' title='bbox 474 4398 547 4454; x_wconf 81' lang='lat' dir='ltr'>Fore.</span> <span class='ocrx_word' id='word_1_574' title='bbox 563 4395 716 4469; x_wconf 76' lang='lat' dir='ltr'>Fragilitas</span> <span class='ocrx_word' id='word_1_575' title='bbox 730 4398 802 4454; x_wconf 79' lang='lat' dir='ltr'>ll&#39;lur.</span> <span class='ocrx_word' id='word_1_576' title='bbox 840 4398 864 4433; x_wconf 68' lang='lat'>⁸⁰</span> <span class='ocrx_word' id='word_1_577' title='bbox 879 4395 953 4462; x_wconf 86' lang='lat' dir='ltr'>Quid</span> <span class='ocrx_word' id='word_1_578' title='bbox 967 4397 1056 4454; x_wconf 92' lang='lat' dir='ltr'>faciat</span> <span class='ocrx_word' id='word_1_579' title='bbox 1069 4395 1137 4452; x_wconf 84' lang='lat' dir='ltr'>Bod.</span> <span class='ocrx_word' id='word_1_580' title='bbox 1153 4396 1179 4450; x_wconf 89' lang='grc'>1.</span> 
     </span>
    </p>
   </div>
   <div class='ocr_carea' id='block_1_9' title="bbox 859 4510 1117 4568">
    <p class='ocr_par' dir='ltr' id='par_1_10' title="bbox 859 4510 1117 4568">
     <span class='ocr_line' id='line_1_47' title="bbox 859 4510 1117 4568; baseline -0.008 -2"><span class='ocrx_word' id='word_1_581' title='bbox 859 4510 1013 4568; x_wconf 83' lang='lat' dir='ltr'>variorum</span> <span class='ocrx_word' id='word_1_582' title='bbox 1032 4514 1117 4566; x_wconf 82' lang='lat' dir='ltr'>nota.</span> 
     </span>
    </p>
   </div>
   <div class='ocr_carea' id='block_1_10' title="bbox 101 4606 1847 5252">
    <p class='ocr_par' dir='ltr' id='par_1_11' title="bbox 101 4606 1842 4894">
     <span class='ocr_line' id='line_1_48' title="bbox 101 4606 1841 4688; baseline 0.003 -22"><span class='ocrx_word' id='word_1_583' title='bbox 101 4606 104 4611; x_wconf 71' lang='grc'><strong><em>’</em></strong></span> <span class='ocrx_word' id='word_1_584' title='bbox 172 4610 216 4666; x_wconf 82' lang='lat' dir='ltr'>Ab</span> <span class='ocrx_word' id='word_1_585' title='bbox 230 4612 444 4678; x_wconf 87' lang='lat' dir='ltr'>eo,uttcstatur</span> <span class='ocrx_word' id='word_1_586' title='bbox 453 4607 685 4684; x_wconf 80' lang='lat' dir='ltr'>Hieronymusin</span> <span class='ocrx_word' id='word_1_587' title='bbox 694 4607 966 4682; x_wconf 67' lang='lat' dir='ltr'>Camlogcsanctus</span> <span class='ocrx_word' id='word_1_588' title='bbox 980 4618 1004 4685; x_wconf 71' lang='grc' dir='ltr'>Β</span> <span class='ocrx_word' id='word_1_589' title='bbox 1019 4609 1164 4680; x_wconf 70' lang='lat' dir='ltr'>offerretur</span> <span class='ocrx_word' id='word_1_590' title='bbox 1177 4623 1226 4679; x_wconf 88' lang='lat' dir='ltr'>pru</span> <span class='ocrx_word' id='word_1_591' title='bbox 1241 4622 1282 4673; x_wconf 90' lang='lat' dir='ltr'>eo,</span> <span class='ocrx_word' id='word_1_592' title='bbox 1298 4624 1348 4664; x_wconf 87' lang='lat' dir='ltr'>nec</span> <span class='ocrx_word' id='word_1_593' title='bbox 1361 4609 1528 4680; x_wconf 78' lang='lat' dir='ltr'>sccn&#39;ficium</span> <span class='ocrx_word' id='word_1_594' title='bbox 1542 4628 1593 4683; x_wconf 85' lang='lat' dir='ltr'>pro</span> <span class='ocrx_word' id='word_1_595' title='bbox 1604 4611 1768 4673; x_wconf 76' lang='lat' dir='ltr'>demittere</span> <span class='ocrx_word' id='word_1_596' title='bbox 1782 4615 1841 4688; x_wconf 78' lang='lat' dir='ltr'>ejus</span> 
     </span>
     <span class='ocr_line' id='line_1_49' title="bbox 137 4679 1840 4756; baseline 0.002 -16"><span class='ocrx_word' id='word_1_597' title='bbox 137 4682 300 4756; x_wconf 78' lang='lat' dir='ltr'>Cyprianus</span> <span class='ocrx_word' id='word_1_598' title='bbox 326 4680 433 4737; x_wconf 76' lang='lat' dir='ltr'>Caecilii</span> <span class='ocrx_word' id='word_1_599' title='bbox 467 4699 573 4738; x_wconf 87' lang='lat' dir='ltr'>nomen</span> <span class='ocrx_word' id='word_1_600' title='bbox 606 4679 727 4752; x_wconf 87' lang='lat' dir='ltr'>accepit.</span> <span class='ocrx_word' id='word_1_601' title='bbox 752 4681 823 4753; x_wconf 62' lang='lat' dir='ltr'>Fijus</span> <span class='ocrx_word' id='word_1_602' title='bbox 857 4682 966 4738; x_wconf 89' lang='lat' dir='ltr'>festum</span> <span class='ocrx_word' id='word_1_603' title='bbox 1020 4679 1215 4737; x_wconf 82' lang='lat' dir='ltr'>celebraretur.</span> <span class='ocrx_word' id='word_1_604' title='bbox 1232 4682 1320 4735; x_wconf 84' lang='lat' dir='ltr'>Porro</span> <span class='ocrx_word' id='word_1_605' title='bbox 1337 4680 1444 4735; x_wconf 88' lang='lat' dir='ltr'>mirum</span> <span class='ocrx_word' id='word_1_606' title='bbox 1468 4686 1512 4738; x_wconf 88' lang='lat' dir='ltr'>est</span> <span class='ocrx_word' id='word_1_607' title='bbox 1536 4682 1693 4741; x_wconf 85' lang='lat' dir='ltr'>Baronium</span> <span class='ocrx_word' id='word_1_608' title='bbox 1729 4687 1766 4742; x_wconf 91' lang='lat' dir='ltr'>ad</span> <span class='ocrx_word' id='word_1_609' title='bbox 1782 4702 1840 4743; x_wconf 70' lang='lat' dir='ltr'>&#39;ara</span> 
     </span>
     <span class='ocr_line' id='line_1_50' title="bbox 139 4731 1842 4832; baseline 0.002 -22"><span class='ocrx_word' id='word_1_610' title='bbox 139 4754 170 4810; x_wconf 91' lang='lat' dir='ltr'>in</span> <span class='ocrx_word' id='word_1_611' title='bbox 184 4751 330 4826; x_wconf 76' lang='lat' dir='ltr'>Martyrol.</span> <span class='ocrx_word' id='word_1_612' title='bbox 353 4753 485 4810; x_wconf 82' lang='lat' dir='ltr'>Romano</span> <span class='ocrx_word' id='word_1_613' title='bbox 500 4753 548 4811; x_wconf 86' lang='lat' dir='ltr'>die</span> <span class='ocrx_word' id='word_1_614' title='bbox 574 4752 706 4809; x_wconf 79' lang='lat' dir='ltr'>intumi</span> <span class='ocrx_word' id='word_1_615' title='bbox 727 4750 875 4808; x_wconf 86' lang='lat' dir='ltr'>recolitur.</span> <span class='ocrx_word' id='word_1_616' title='bbox 892 4752 966 4809; x_wconf 83' lang='lat' dir='ltr'>Ror-</span> <span class='ocrx_word' id='word_1_617' title='bbox 1019 4752 1073 4806; x_wconf 78' lang='lat'>250</span> <span class='ocrx_word' id='word_1_618' title='bbox 1090 4750 1167 4806; x_wconf 89' lang='lat' dir='ltr'>hunc</span> <span class='ocrx_word' id='word_1_619' title='bbox 1181 4749 1279 4832; x_wconf 80' lang='lat' dir='ltr'>locum</span> <span class='ocrx_word' id='word_1_620' title='bbox 1295 4750 1337 4806; x_wconf 90' lang='lat' dir='ltr'>sic</span> <span class='ocrx_word' id='word_1_621' title='bbox 1358 4749 1548 4824; x_wconf 88' lang='lat' dir='ltr'>intellexisse,</span> <span class='ocrx_word' id='word_1_622' title='bbox 1572 4755 1657 4826; x_wconf 89' lang='lat' dir='ltr'>quasi</span> <span class='ocrx_word' id='word_1_623' title='bbox 1680 4731 1842 4829; x_wconf 78' lang='lat' dir='ltr'>dyprianna</span> 
     </span>
     <span class='ocr_line' id='line_1_51' title="bbox 141 4821 1842 4894; baseline 0.008 -22"><span class='ocrx_word' id='word_1_624' title='bbox 141 4841 228 4882; x_wconf 60' lang='grc' dir='ltr'>ΝΛΜ,</span> <span class='ocrx_word' id='word_1_625' title='bbox 1023 4821 1150 4878; x_wconf 87' lang='lat' dir='ltr'>muricus</span> <span class='ocrx_word' id='word_1_626' title='bbox 1158 4821 1271 4878; x_wconf 77' lang='lat' dir='ltr'>Caecilio</span> <span class='ocrx_word' id='word_1_627' title='bbox 1282 4823 1436 4894; x_wconf 87' lang='lat' dir='ltr'>conjugem</span> <span class='ocrx_word' id='word_1_628' title='bbox 1447 4840 1480 4879; x_wconf 89' lang='lat' dir='ltr'>ac</span> <span class='ocrx_word' id='word_1_629' title='bbox 1492 4823 1601 4884; x_wconf 87' lang='lat' dir='ltr'>liberos</span> <span class='ocrx_word' id='word_1_630' title='bbox 1608 4827 1823 4885; x_wconf 89' lang='lat' dir='ltr'>commendarit</span> <span class='ocrx_word' id='word_1_631' title='bbox 1834 4844 1842 4885; x_wconf 79' lang='lat' dir='ltr'><strong><em>z</em></strong></span> 
     </span>
    </p>

    <p class='ocr_par' dir='ltr' id='par_1_12' title="bbox 143 4888 1847 5252">
     <span class='ocr_line' id='line_1_52' title="bbox 176 4888 1843 4973; baseline 0.004 -24"><span class='ocrx_word' id='word_1_632' title='bbox 176 4895 215 4967; x_wconf 87' lang='lat'>(8)</span> <span class='ocrx_word' id='word_1_633' title='bbox 233 4894 438 4951; x_wconf 79' lang='lat' dir='ltr'>commendaret</span> <span class='ocrx_word' id='word_1_634' title='bbox 452 4895 498 4950; x_wconf 85' lang='lat' dir='ltr'>illi</span> <span class='ocrx_word' id='word_1_635' title='bbox 510 4894 661 4966; x_wconf 77' lang='lat' dir='ltr'>ecnjnpem.</span> <span class='ocrx_word' id='word_1_636' title='bbox 676 4896 840 4966; x_wconf 74' lang='lat' dir='ltr'>Antequam</span> <span class='ocrx_word' id='word_1_637' title='bbox 858 4891 969 4949; x_wconf 87' lang='lat' dir='ltr'>scilicet</span> <span class='ocrx_word' id='word_1_638' title='bbox 1022 4909 1090 4950; x_wconf 91' lang='lat' dir='ltr'>eum</span> <span class='ocrx_word' id='word_1_639' title='bbox 1108 4894 1283 4950; x_wconf 87' lang='lat' dir='ltr'>econtrario</span> <span class='ocrx_word' id='word_1_640' title='bbox 1297 4893 1326 4949; x_wconf 92' lang='lat' dir='ltr'>id</span> <span class='ocrx_word' id='word_1_641' title='bbox 1343 4893 1442 4949; x_wconf 83' lang='lat' dir='ltr'>fecerit</span> <span class='ocrx_word' id='word_1_642' title='bbox 1456 4888 1598 4954; x_wconf 71' lang='lat' dir='ltr'>Caecilius.</span> <span class='ocrx_word' id='word_1_643' title='bbox 1625 4898 1697 4955; x_wconf 85' lang='lat' dir='ltr'>Vide</span> <span class='ocrx_word' id='word_1_644' title='bbox 1721 4898 1843 4973; x_wconf 89' lang='lat' dir='ltr'>Psgium</span> 
     </span>
     <span class='ocr_line' id='line_1_53' title="bbox 145 4963 1669 5034; baseline 0.001 -11"><span class='ocrx_word' id='word_1_645' title='bbox 145 4965 308 5023; x_wconf 87' lang='lat' dir='ltr'>sacerdotio</span> <span class='ocrx_word' id='word_1_646' title='bbox 331 4965 485 5024; x_wconf 88' lang='lat' dir='ltr'>intiaretur</span> <span class='ocrx_word' id='word_1_647' title='bbox 512 4982 518 5020; x_wconf 92' lang='lat'>:</span> <span class='ocrx_word' id='word_1_648' title='bbox 547 4964 651 5021; x_wconf 86' lang='lat' dir='ltr'>nisisi</span> <span class='ocrx_word' id='word_1_649' title='bbox 676 4963 970 5034; x_wconf 82' lang='lat' dir='ltr'>bactutela,amioa</span> <span class='ocrx_word' id='word_1_650' title='bbox 1023 4964 1086 5021; x_wconf 91' lang='lat' dir='ltr'>loco</span> <span class='ocrx_word' id='word_1_651' title='bbox 1123 4980 1188 5020; x_wconf 92' lang='lat' dir='ltr'>uem</span> <span class='ocrx_word' id='word_1_652' title='bbox 1206 4964 1292 5020; x_wconf 92' lang='lat' dir='ltr'>modo</span> <span class='ocrx_word' id='word_1_653' title='bbox 1308 4963 1511 5021; x_wconf 88' lang='lat' dir='ltr'>laudabamus.</span> <span class='ocrx_word' id='word_1_654' title='bbox 1527 4966 1669 5027; x_wconf 76' lang='lat' dir='ltr'>Rurnnsr.</span> 
     </span>
     <span class='ocr_line' id='line_1_54' title="bbox 143 5034 1845 5107; baseline 0.002 -13"><span class='ocrx_word' id='word_1_655' title='bbox 143 5036 623 5095; x_wconf 88' lang='lat' dir='ltr'>tantumcommendatioest.Nam</span> <span class='ocrx_word' id='word_1_656' title='bbox 635 5034 838 5092; x_wconf 87' lang='lat' dir='ltr'>aliasretitum</span> <span class='ocrx_word' id='word_1_657' title='bbox 859 5038 970 5090; x_wconf 89' lang='lat' dir='ltr'>eratne</span> <span class='ocrx_word' id='word_1_658' title='bbox 1058 5036 1097 5107; x_wconf 80' lang='lat' dir='ltr'>(sl</span> <span class='ocrx_word' id='word_1_659' title='bbox 1133 5035 1440 5101; x_wconf 87' lang='lat' dir='ltr'>elicissimusscilicet,</span> <span class='ocrx_word' id='word_1_660' title='bbox 1452 5036 1620 5096; x_wconf 88' lang='lat' dir='ltr'>schismatis</span> <span class='ocrx_word' id='word_1_661' title='bbox 1634 5040 1727 5098; x_wconf 89' lang='lat' dir='ltr'>antesi</span> <span class='ocrx_word' id='word_1_662' title='bbox 1770 5055 1845 5097; x_wconf 87' lang='lat' dir='ltr'>anus</span> 
     </span>
     <span class='ocr_line' id='line_1_55' title="bbox 143 5106 1847 5184; baseline 0 -18"><span class='ocrx_word' id='word_1_663' title='bbox 143 5109 258 5166; x_wconf 85' lang='lat' dir='ltr'>clericis</span> <span class='ocrx_word' id='word_1_664' title='bbox 273 5109 366 5165; x_wconf 85' lang='lat' dir='ltr'>tutela</span> <span class='ocrx_word' id='word_1_665' title='bbox 381 5108 645 5176; x_wconf 85' lang='lat' dir='ltr'>commendaretur,</span> <span class='ocrx_word' id='word_1_666' title='bbox 655 5111 687 5162; x_wconf 91' lang='lat' dir='ltr'>ut</span> <span class='ocrx_word' id='word_1_667' title='bbox 698 5122 733 5163; x_wconf 86' lang='lat' dir='ltr'>ex</span> <span class='ocrx_word' id='word_1_668' title='bbox 747 5107 811 5179; x_wconf 88' lang='lat' dir='ltr'>ipso</span> <span class='ocrx_word' id='word_1_669' title='bbox 827 5106 969 5179; x_wconf 82' lang='lat' dir='ltr'>Cypriane</span> <span class='ocrx_word' id='word_1_670' title='bbox 1023 5123 1091 5163; x_wconf 91' lang='lat' dir='ltr'>cum</span> <span class='ocrx_word' id='word_1_671' title='bbox 1107 5107 1183 5178; x_wconf 86' lang='lat' dir='ltr'>aliis,</span> <span class='ocrx_word' id='word_1_672' title='bbox 1199 5124 1273 5179; x_wconf 90' lang='lat' dir='ltr'>quos</span> <span class='ocrx_word' id='word_1_673' title='bbox 1286 5107 1442 5163; x_wconf 81' lang='lat' dir='ltr'>Caldonius</span> <span class='ocrx_word' id='word_1_674' title='bbox 1456 5114 1485 5164; x_wconf 92' lang='lat' dir='ltr'>et</span> <span class='ocrx_word' id='word_1_675' title='bbox 1500 5109 1549 5164; x_wconf 88' lang='lat' dir='ltr'>alii</span> <span class='ocrx_word' id='word_1_676' title='bbox 1565 5109 1585 5165; x_wconf 88' lang='lat' dir='ltr'>C</span> <span class='ocrx_word' id='word_1_677' title='bbox 1604 5112 1699 5184; x_wconf 91' lang='lat' dir='ltr'>priani</span> <span class='ocrx_word' id='word_1_678' title='bbox 1714 5131 1731 5169; x_wconf 94' lang='lat' dir='ltr'>a</span> <span class='ocrx_word' id='word_1_679' title='bbox 1753 5111 1847 5168; x_wconf 88' lang='lat' dir='ltr'>sentis</span> 
     </span>
     <span class='ocr_line' id='line_1_56' title="bbox 145 5128 1845 5252; baseline 0 -16"><span class='ocrx_word' id='word_1_680' title='bbox 145 5187 257 5236; x_wconf 86' lang='lat' dir='ltr'>certum</span> <span class='ocrx_word' id='word_1_681' title='bbox 270 5184 325 5247; x_wconf 90' lang='lat' dir='ltr'>est,</span> <span class='ocrx_word' id='word_1_682' title='bbox 341 5179 392 5252; x_wconf 91' lang='lat' dir='ltr'>qui</span> <span class='ocrx_word' id='word_1_683' title='bbox 407 5178 531 5251; x_wconf 88' lang='lat' dir='ltr'>epistola</span> <span class='ocrx_word' id='word_1_684' title='bbox 543 5197 551 5233; x_wconf 92' lang='lat'><em>1</em></span> <span class='ocrx_word' id='word_1_685' title='bbox 563 5195 642 5234; x_wconf 83' lang='lat' dir='ltr'>nore</span> <span class='ocrx_word' id='word_1_686' title='bbox 658 5177 969 5244; x_wconf 71' lang='lat' dir='ltr'>editionispamaldtt,</span> <span class='ocrx_word' id='word_1_687' title='bbox 1024 5179 1126 5234; x_wconf 82' lang='lat' dir='ltr'>vicarii</span> <span class='ocrx_word' id='word_1_688' title='bbox 1139 5178 1431 5234; x_wconf 86' lang='lat' dir='ltr'>excommunicarnut</span> <span class='ocrx_word' id='word_1_689' title='bbox 1446 5195 1452 5232; x_wconf 76' lang='grc' dir='ltr'>ε</span> <span class='ocrx_word' id='word_1_690' title='bbox 1470 5181 1554 5251; x_wconf 90' lang='lat' dir='ltr'>epist.</span> <span class='ocrx_word' id='word_1_691' title='bbox 1568 5128 1611 5248; x_wconf 51' lang='lat' dir='ltr'>te,</span> <span class='ocrx_word' id='word_1_692' title='bbox 1624 5183 1731 5240; x_wconf 88' lang='lat' dir='ltr'>Pamel.</span> <span class='ocrx_word' id='word_1_693' title='bbox 1748 5180 1845 5240; x_wconf 75' lang='lat' dir='ltr'>sevi·</span> 
     </span>
    </p>
   </div>
   <div class='ocr_carea' id='block_1_11' title="bbox 145 5248 1612 5374">
    <p class='ocr_par' dir='ltr' id='par_1_13' title="bbox 145 5248 1612 5374">
     <span class='ocr_line' id='line_1_57' title="bbox 145 5248 1612 5374; baseline 0.001 -68"><span class='ocrx_word' id='word_1_694' title='bbox 145 5257 222 5307; x_wconf 88' lang='lat' dir='ltr'>velat</span> <span class='ocrx_word' id='word_1_695' title='bbox 246 5267 282 5307; x_wconf 88' lang='lat' dir='ltr'>ne</span> <span class='ocrx_word' id='word_1_696' title='bbox 306 5267 358 5322; x_wconf 88' lang='lat' dir='ltr'>pro</span> <span class='ocrx_word' id='word_1_697' title='bbox 382 5249 497 5306; x_wconf 90' lang='lat' dir='ltr'>Victore</span> <span class='ocrx_word' id='word_1_698' title='bbox 520 5250 570 5321; x_wconf 91' lang='lat' dir='ltr'>qui</span> <span class='ocrx_word' id='word_1_699' title='bbox 605 5248 770 5306; x_wconf 87' lang='lat' dir='ltr'>Geminium</span> <span class='ocrx_word' id='word_1_700' title='bbox 797 5248 969 5305; x_wconf 86' lang='lat' dir='ltr'>Faustinum</span> <span class='ocrx_word' id='word_1_701' title='bbox 1025 5250 1062 5306; x_wconf 90' lang='lat' dir='ltr'>de</span> <span class='ocrx_word' id='word_1_702' title='bbox 1076 5253 1105 5304; x_wconf 89' lang='lat' dir='ltr'>et</span> <span class='ocrx_word' id='word_1_703' title='bbox 1120 5250 1205 5374; x_wconf 73' lang='lat' dir='ltr'>epist.</span> <span class='ocrx_word' id='word_1_704' title='bbox 1221 5251 1265 5303; x_wconf 75' lang='lat' dir='ltr'>tl.</span> <span class='ocrx_word' id='word_1_705' title='bbox 1280 5250 1389 5306; x_wconf 84' lang='lat' dir='ltr'>Parnoi.</span> <span class='ocrx_word' id='word_1_706' title='bbox 1407 5252 1451 5304; x_wconf 75' lang='lat'>38.</span> <span class='ocrx_word' id='word_1_707' title='bbox 1469 5252 1612 5308; x_wconf 78' lang='lat' dir='ltr'>lturuaor.</span> 
     </span>
    </p>
   </div>
   <div class='ocr_carea' id='block_1_12' title="bbox 145 5319 1118 5395">
    <p class='ocr_par' dir='ltr' id='par_1_14' title="bbox 145 5319 1118 5395">
     <span class='ocr_line' id='line_1_58' title="bbox 145 5319 1118 5395; baseline -0.003 -18"><span class='ocrx_word' id='word_1_708' title='bbox 145 5323 350 5395; x_wconf 78' lang='lat' dir='ltr'>presbyterum</span> <span class='ocrx_word' id='word_1_709' title='bbox 378 5320 507 5378; x_wconf 71' lang='lat' dir='ltr'>mouens</span> <span class='ocrx_word' id='word_1_710' title='bbox 535 5325 660 5376; x_wconf 92' lang='lat' dir='ltr'>tutorem</span> <span class='ocrx_word' id='word_1_711' title='bbox 696 5319 897 5386; x_wconf 90' lang='lat' dir='ltr'>constituerat,</span> <span class='ocrx_word' id='word_1_712' title='bbox 922 5319 972 5392; x_wconf 68' lang='lat' dir='ltr'>fiet</span> <span class='ocrx_word' id='word_1_713' title='bbox 1062 5319 1118 5391; x_wconf 89' lang='grc'><strong>(10)</strong></span> 
     </span>
    </p>
   </div>
   <div class='ocr_carea' id='block_1_13' title="bbox 145 5320 1846 5465">
    <p class='ocr_par' dir='ltr' id='par_1_15' title="bbox 145 5320 1846 5465">
     <span class='ocr_line' id='line_1_59' title="bbox 1155 5320 1846 5396; baseline 0.004 -21"><span class='ocrx_word' id='word_1_714' title='bbox 1155 5320 1346 5376; x_wconf 82' lang='lat' dir='ltr'>otectnrnenne</span> <span class='ocrx_word' id='word_1_715' title='bbox 1368 5321 1510 5391; x_wconf 80' lang='lat' dir='ltr'>dilipebct.</span> <span class='ocrx_word' id='word_1_716' title='bbox 1536 5324 1642 5380; x_wconf 89' lang='lat' dir='ltr'>Statim</span> <span class='ocrx_word' id='word_1_717' title='bbox 1670 5328 1736 5396; x_wconf 90' lang='lat' dir='ltr'>post</span> <span class='ocrx_word' id='word_1_718' title='bbox 1757 5323 1846 5380; x_wconf 84' lang='lat' dir='ltr'>fldem</span> 
     </span>
     <span class='ocr_line' id='line_1_60' title="bbox 145 5390 1112 5465; baseline -0.006 -14"><span class='ocrx_word' id='word_1_719' title='bbox 145 5395 262 5464; x_wconf 81' lang='lat' dir='ltr'>oblatio,</span> <span class='ocrx_word' id='word_1_720' title='bbox 278 5397 328 5449; x_wconf 86' lang='lat' dir='ltr'>nat</span> <span class='ocrx_word' id='word_1_721' title='bbox 341 5392 493 5465; x_wconf 75' lang='lat' dir='ltr'>deprecere</span> <span class='ocrx_word' id='word_1_722' title='bbox 517 5391 612 5462; x_wconf 83' lang='lat' dir='ltr'>utiquc</span> <span class='ocrx_word' id='word_1_723' title='bbox 632 5392 743 5447; x_wconf 83' lang='lat' dir='ltr'>nemine</span> <span class='ocrx_word' id='word_1_724' title='bbox 758 5392 816 5463; x_wconf 64' lang='lat' dir='ltr'>que</span> <span class='ocrx_word' id='word_1_725' title='bbox 840 5392 871 5446; x_wconf 84' lang='lat' dir='ltr'>in</span> <span class='ocrx_word' id='word_1_726' title='bbox 885 5390 971 5447; x_wconf 88' lang='lat' dir='ltr'>eccle·</span> <span class='ocrx_word' id='word_1_727' title='bbox 1026 5405 1112 5447; x_wconf 90' lang='lat' dir='ltr'>susce</span> 
     </span>
    </p>
   </div>
   <div class='ocr_carea' id='block_1_14' title="bbox 145 5392 1849 5542">
    <p class='ocr_par' dir='ltr' id='par_1_16' title="bbox 145 5392 1849 5542">
     <span class='ocr_line' id='line_1_61' title="bbox 1113 5392 1849 5516; baseline 0.01 -72"><span class='ocrx_word' id='word_1_728' title='bbox 1113 5393 1193 5516; x_wconf 77' lang='lat' dir='ltr'>ptam</span> <span class='ocrx_word' id='word_1_729' title='bbox 1209 5407 1256 5447; x_wconf 89' lang='lat' dir='ltr'>res</span> <span class='ocrx_word' id='word_1_730' title='bbox 1266 5408 1336 5473; x_wconf 84' lang='lat' dir='ltr'>suns</span> <span class='ocrx_word' id='word_1_731' title='bbox 1352 5392 1386 5448; x_wconf 92' lang='lat' dir='ltr'>od</span> <span class='ocrx_word' id='word_1_732' title='bbox 1399 5408 1559 5464; x_wconf 86' lang='lat' dir='ltr'>pauperum</span> <span class='ocrx_word' id='word_1_733' title='bbox 1572 5394 1764 5469; x_wconf 89' lang='lat' dir='ltr'>indigentiam</span> <span class='ocrx_word' id='word_1_734' title='bbox 1781 5395 1849 5452; x_wconf 78' lang='lat' dir='ltr'>sub·</span> 
     </span>
     <span class='ocr_line' id='line_1_62' title="bbox 145 5461 1848 5542; baseline 0.002 -20"><span class='ocrx_word' id='word_1_735' title='bbox 145 5469 188 5522; x_wconf 81' lang='lat' dir='ltr'>sio</span> <span class='ocrx_word' id='word_1_736' title='bbox 203 5466 401 5536; x_wconf 69' lang='lat' dir='ltr'>frequentetur.</span> <span class='ocrx_word' id='word_1_737' title='bbox 419 5465 450 5521; x_wconf 94' lang='lat' dir='ltr'>ld</span> <span class='ocrx_word' id='word_1_738' title='bbox 471 5464 559 5532; x_wconf 89' lang='lat' dir='ltr'>enim,</span> <span class='ocrx_word' id='word_1_739' title='bbox 577 5461 682 5535; x_wconf 90' lang='lat' dir='ltr'>inquit,</span> <span class='ocrx_word' id='word_1_740' title='bbox 708 5462 742 5517; x_wconf 89' lang='lat' dir='ltr'>cb</span> <span class='ocrx_word' id='word_1_741' title='bbox 757 5464 973 5519; x_wconf 78' lang='lat' dir='ltr'>antecessoribus</span> <span class='ocrx_word' id='word_1_742' title='bbox 1027 5461 1109 5518; x_wconf 88' lang='lat' dir='ltr'>levan</span> <span class='ocrx_word' id='word_1_743' title='bbox 1133 5477 1179 5517; x_wconf 86' lang='lat' dir='ltr'>em</span> <span class='ocrx_word' id='word_1_744' title='bbox 1196 5462 1368 5521; x_wconf 78' lang='lat' dir='ltr'>distraxisse</span> <span class='ocrx_word' id='word_1_745' title='bbox 1383 5463 1492 5522; x_wconf 85' lang='lat' dir='ltr'>notarit</span> <span class='ocrx_word' id='word_1_746' title='bbox 1514 5465 1646 5540; x_wconf 89' lang='lat' dir='ltr'>Pontius,</span> <span class='ocrx_word' id='word_1_747' title='bbox 1662 5485 1752 5542; x_wconf 91' lang='lat' dir='ltr'>supra</span> <span class='ocrx_word' id='word_1_748' title='bbox 1766 5481 1848 5526; x_wconf 88' lang='lat' dir='ltr'>num.</span> 
     </span>
    </p>
   </div>
   <div class='ocr_carea' id='block_1_15' title="bbox 145 5533 1211 5673">
    <p class='ocr_par' dir='ltr' id='par_1_17' title="bbox 145 5533 1211 5673">
     <span class='ocr_line' id='line_1_63' title="bbox 145 5533 1211 5606; baseline 0 -18"><span class='ocrx_word' id='word_1_749' title='bbox 145 5554 160 5594; x_wconf 80' lang='lat' dir='ltr'>e</span> <span class='ocrx_word' id='word_1_750' title='bbox 181 5536 281 5605; x_wconf 69' lang='lat' dir='ltr'>incepit</span> <span class='ocrx_word' id='word_1_751' title='bbox 296 5535 490 5591; x_wconf 89' lang='lat' dir='ltr'>constitutum</span> <span class='ocrx_word' id='word_1_752' title='bbox 506 5535 610 5600; x_wconf 86' lang='lat' dir='ltr'>fuerat,</span> <span class='ocrx_word' id='word_1_753' title='bbox 626 5541 658 5588; x_wconf 81' lang='lat' dir='ltr'>ut</span> <span class='ocrx_word' id='word_1_754' title='bbox 671 5534 699 5590; x_wconf 79' lang='lat' dir='ltr'>ci</span> <span class='ocrx_word' id='word_1_755' title='bbox 716 5534 777 5606; x_wconf 82' lang='lat' dir='ltr'>quic</span> <span class='ocrx_word' id='word_1_756' title='bbox 792 5536 880 5606; x_wconf 72' lang='lat' dir='ltr'>frater</span> <span class='ocrx_word' id='word_1_757' title='bbox 894 5547 972 5590; x_wconf 82' lang='lat' dir='ltr'>sace·</span> <span class='ocrx_word' id='word_1_758' title='bbox 1025 5536 1054 5591; x_wconf 83' lang='lat'>2.</span> <span class='ocrx_word' id='word_1_759' title='bbox 1071 5533 1211 5591; x_wconf 76' lang='lat' dir='ltr'>[torrear.</span> 
     </span>
     <span class='ocr_line' id='line_1_64' title="bbox 166 5603 974 5673; baseline -0.005 -8"><span class='ocrx_word' id='word_1_760' title='bbox 166 5621 214 5665; x_wconf 82' lang='lat' dir='ltr'>ens</span> <span class='ocrx_word' id='word_1_761' title='bbox 228 5603 264 5660; x_wconf 83' lang='lat' dir='ltr'>od</span> <span class='ocrx_word' id='word_1_762' title='bbox 279 5606 394 5661; x_wconf 73' lang='lat' dir='ltr'>inulam</span> <span class='ocrx_word' id='word_1_763' title='bbox 406 5608 449 5663; x_wconf 86' lang='lat' dir='ltr'>net</span> <span class='ocrx_word' id='word_1_764' title='bbox 463 5620 559 5663; x_wconf 82' lang='lat' dir='ltr'>carum</span> <span class='ocrx_word' id='word_1_765' title='bbox 580 5605 710 5662; x_wconf 69' lang='lat' dir='ltr'>cuneum</span> <span class='ocrx_word' id='word_1_766' title='bbox 731 5606 897 5673; x_wconf 80' lang='lat' dir='ltr'>nominaret,</span> <span class='ocrx_word' id='word_1_767' title='bbox 918 5619 974 5661; x_wconf 86' lang='lat' dir='ltr'>non</span> 
     </span>
    </p>
   </div>
   <div class='ocr_carea' id='block_1_16' title="bbox 311 5731 1697 5804">
    <p class='ocr_par' dir='ltr' id='par_1_18' title="bbox 311 5731 1697 5804">
     <span class='ocr_line' id='line_1_65' title="bbox 311 5731 1697 5804; baseline 0.008 -13"><span class='ocrx_word' id='word_1_768' title='bbox 311 5733 444 5796; x_wconf 75' lang='lat' dir='ltr'>Peraea.</span> <span class='ocrx_word' id='word_1_769' title='bbox 468 5731 522 5795; x_wconf 86' lang='lat' dir='ltr'>lli.</span> <span class='ocrx_word' id='word_1_770' title='bbox 1654 5742 1697 5804; x_wconf 72' lang='lat' dir='ltr'>et</span> 
     </span>
    </p>
   </div>
   <div class='ocr_carea' id='block_1_17' title="bbox 0 0 1991 6100">
    <p class='ocr_par' dir='ltr' id='par_1_19' title="bbox 0 0 1991 6100">
     <span class='ocr_line' id='line_1_66' title="bbox 0 0 1991 6100; baseline 0 0"><span class='ocrx_word' id='word_1_771' title='bbox 0 0 1991 6100; x_wconf 95' lang='lat' dir='ltr'> </span> 
     </span>
    </p>
   </div>
  </div>
 </body>
</html>
