3892 6104
154 268 212 332 sea
724 265 989 334 nlssaans'rto
1008 265 1280 333 evomueritis
1795 268 1859 332 136

153 400 282 459 consulis
296 400 453 457 admoveri.
466 405 492 456 ts
507 405 540 456 ut
556 400 584 456 in
600 417 647 458 me
671 403 807 475 respexit,
836 406 977 458 annotare
989 400 1017 468 Α
1031 401 1106 470 tuit;
1118 403 1159 457 ita
1174 406 1206 457 ut
1219 400 1272 457 titii
1285 415 1391 457 nomon
1407 398 1556 471 sciptum
1570 398 1668 471 potius
1694 414 1783 472 quam
1807 416 1855 459 re·

153 490 251 548 statim
270 489 357 562 erupit
371 491 399 546 in
416 489 515 545 tabula
530 490 705 546 sententiam
722 508 810 563 quam
827 508 884 547 non
901 491 975 547 scie·
1026 489 1152 556 laturus,
1167 494 1248 545 metu
1263 487 1380 544 tabulas
1391 485 1561 560 postularet.
1572 485 1676 544 hierita
1690 491 1719 544 et
1731 487 1790 562 hio,
1802 488 1856 547 uhi

151 579 230 636 bam.
246 578 325 635 Nihil
340 578 418 636 enirn
434 580 469 635 de
480 594 527 635 me
538 578 624 636 solita
646 579 875 652 interrogatione
892 596 972 652 qua·
1026 578 1078 634 Dei
1093 578 1217 634 nuntius
1231 579 1398 650 passionem
1414 575 1854 636 antistitisimminentemnutu

150 668 249 726 eierat.
267 669 323 725 Sed
338 669 417 724 enim
428 668 556 739 juvenis,
569 668 620 739 qui
631 686 648 725 a
661 673 742 742 tergo
770 669 835 741 ejus
862 668 970 725 stabat
1025 667 1125 739 potins
1138 665 1292 739 expressit,
1303 669 1332 720 et
1345 663 1434 721 fldem
1444 661 1608 733 admonuit,
1624 667 1654 720 st
1669 666 1853 724 sacerdotem

149 757 448 815 admodumcuriosus
458 756 676 829 tegitquidquid
688 756 969 823 fueratannotstum,
1026 754 1161 811 munivit.
1177 776 1192 805 n
1207 754 1272 810 ilaec
1290 752 1394 811 habuit
1408 752 1528 809 omnino
1539 751 1674 823 Pontius,
1689 753 1853 829 uttlypria·

149 846 448 920 thuiaindeverhis
465 846 591 919 prolerre
614 850 894 919 nonpoterat,nutu
919 845 969 902 de·
1025 843 1096 900 nicar
1120 842 1303 900 revetationis
1330 840 1419 899 fldem
1444 845 1575 898 tueretur
1595 844 1625 898 et
1652 841 1848 919 dignitatem

147 934 276 994 clarente
286 934 469 1006 monstravit,
485 935 556 1007 qnid
577 935 607 991 in
622 934 728 992 litteris
755 934 863 992 tabula
887 931 968 989 illius
1023 933 1198 1004 quihusnon
1213 930 1288 988 mibi
1302 930 1402 987 videor
1418 946 1471 1003 pro
1499 929 1648 1004 Perpetua
1673 931 1851 992 revelatione

146 1025 313 1082 haberetur.
325 1028 411 1080 Manu
433 1024 511 1079 enim
533 1040 662 1096 expansa
680 1027 709 1080 et
722 1022 908 1096 complanata
931 1021 967 1077 ad
1024 1021 1124 1078 minus
1136 1025 1332 1077 consentanea
1340 1019 1523 1092 produxisse.
1533 1020 1592 1075 hut
1605 1035 1674 1093 ergo
1689 1023 1850 1097 utramque

145 1119 236 1187 spata
251 1115 382 1178 modum,
398 1112 487 1168 ictum
502 1111 596 1168 solitae
625 1110 886 1168 animadversionis
899 1109 967 1166 imi·
1023 1111 1130 1183 pariter
1143 1109 1319 1182 repudiabit,
1335 1115 1368 1165 ut
1382 1108 1494 1181 Spiritu
1520 1112 1622 1165 sancte
1650 1108 1775 1168 minime
1802 1112 1848 1169 dl·

144 1206 235 1272 tatus,
248 1201 450 1276 quodvolebut
463 1200 599 1272 intelligi,
616 1200 652 1257 ad
667 1200 762 1257 instar
777 1198 880 1270 liquidi
904 1214 966 1254 ser·
1021 1215 1126 1271 gnam,
1138 1203 1190 1255 aut
1205 1202 1286 1266 ,certe
1311 1202 1467 1268 utramque
1495 1196 1625 1271 recipiet,
1653 1202 1683 1255 et
1708 1200 1847 1272 anmdm

143 1293 241 1351 monis
254 1291 405 1364 expressit.
418 1287 547 1346 Intellexi
561 1288 737 1345 mutantium
752 1287 898 1360 passionis
923 1287 967 1342 in·
1020 1286 1161 1360 Spiritum
1176 1293 1324 1344 auctorem
1352 1284 1492 1349 hahuuse
1518 1285 1668 1344 tutabitur.
1694 1287 1848 1364 Praeipua

138 1387 247 1440 turam.
263 1381 376 1453 Rogare
386 1378 459 1453 coepi
474 1384 504 1434 et
517 1383 614 1451 petere
635 1377 786 1445 motiano,
805 1380 838 1431 ut
862 1373 965 1432 dilatio
1019 1375 1090 1447 quia
1104 1375 1181 1447 quod
1197 1374 1233 1431 de
1246 1373 1382 1448 Cypriani
1395 1372 1697 1433 revelationesollicite
1712 1376 1846 1461 ostendit

140 1471 213 1528 mihi
227 1469 273 1527 vei
288 1469 376 1526 unius
390 1467 448 1524 diei
463 1470 678 1540 prorogaretur,
693 1467 786 1523 donec
809 1481 855 1521 res
883 1480 964 1521 mess
1019 1463 1151 1533 Pontius,
1166 1463 1243 1519 idem
1260 1468 1289 1521 et
1303 1479 1357 1519 nos
1367 1463 1461 1536 capite
1476 1463 1611 1535 sequenti
1628 1464 1665 1522 ds
1691 1469 1845 1541 Perpetua

140 1559 272 1633 legitima
296 1556 478 1614 ordinatione
500 1555 696 1628 disponerem.
713 1555 748 1611 Et
770 1570 838 1611 cum
862 1569 963 1626 preces
1018 1550 1527 1620 revelationibusdemonstrabimus,
1539 1552 1737 1625 easnimirum
1747 1552 1842 1614 misse

137 1647 304 1720 frequenter
323 1645 487 1713 iterassem,
503 1660 609 1701 rursus
624 1643 654 1699 in
664 1642 768 1701 tabula
781 1645 964 1715 coeperatne-
1017 1641 1106 1698 rebus
1121 1640 1194 1713 ipsis
1203 1644 1232 1697 et
1250 1639 1360 1696 secutis
1374 1639 1526 1698 mentibus
1536 1641 1753 1714 comprobatas,

137 1736 198 1793 scio
208 1734 432 1809 quidennotare.
444 1733 527 1790 Sensi
539 1735 638 1789 umen
650 1731 792 1789 devultus
804 1729 960 1788 serenitate
1052 1729 1097 1784 IV.
1113 1728 1195 1795 Quod
1208 1727 1295 1784 etiam
1311 1726 1394 1784 addit
1411 1728 1591 1802 Basnsgiua:
1608 1728 1739 1788 Montani
1753 1730 1842 1790 rede·

131 1817 958 1897 judicismentemquasijuatapetitioneoommotam.Sed
1012 1814 1072 1874 lere
1086 1815 1233 1873 officinam
1251 1816 1399 1888 Perpetua
1423 1815 1548 1886 somnia,
1562 1821 1593 1874 et
1623 1819 1747 1877 exstasis
1776 1819 1843 1894 elus

134 1911 358 1984 etitteJuvenis‚
374 1910 424 1983 qui
436 1911 603 1983 jandudum
623 1909 659 1965 de
676 1907 823 1980 passionis
837 1905 956 1976 indicio,
1011 1904 1242 1973 esseaimillima,
1252 1902 1840 1978 qual'ertullianusprobetanimameasc

132 2006 217 2075 gestu
234 2000 342 2075 potius,
362 2015 451 2071 quarn
471 2014 604 2055 sermone
632 1996 809 2069 prodiderat,
838 1992 956 2050 olande·
1011 2017 1025 2045 a
1038 1996 1115 2051 aerei
1130 1993 1246 2062 coloris,
1276 1996 1306 2049 et
1334 1993 1432 2049 torma
1452 2010 1503 2067 per
1529 1993 1630 2052 omnia
1655 1992 1805 2070 humanas,
1822 2019 1839 2050 a

132 2088 210 2146 atino
224 2088 384 2146 identidem
400 2091 653 2144 nutuooncesssm
669 2083 910 2153 dilationemque
924 2080 954 2137 in
1010 2100 1092 2155 aque
1107 2082 1213 2155 poterit
1227 2081 1365 2138 omnibus
1379 2080 1544 2139 visionibus
1559 2084 1777 2141 accommodari
1805 2085 1840 2143 in

131 2178 292 2235 erastinum
308 2170 469 2247 petebatur,
489 2174 630 2232 contortis
645 2168 955 2246 postinvicemdigitis
1009 2171 1117 2245 quihus
1132 2171 1304 2240 autauima,
1320 2173 1371 2227 ant
1385 2169 1517 2244 angelus,
1531 2171 1577 2229 vel
1593 2172 1655 2246 ipse
1674 2175 1751 2230 Dens
1780 2174 1840 2233 suh

130 2259 954 2337 signiticareproperavit.nHuicomninosimilemhustra
1009 2277 1106 2317 rerum
1135 2258 1330 2332 corporalium
1360 2259 1464 2333 figuris
1507 2264 1741 2334 representatur.
1790 2267 1838 2321 An

130 2353 259 2426 requiret
274 2353 437 2425 basnagius
450 2351 527 2407 inter
534 2350 718 2424 propheticas
732 2365 799 2406 cum
828 2347 951 2416 Veteris,
1008 2365 1110 2422 reapse
1125 2349 1267 2421 Perpetua
1280 2347 1404 2405 credidit
1416 2347 1447 2404 in
1459 2348 1589 2406 humano
1609 2348 1716 2424 spiritu
1747 2367 1839 2409 sexus

128 2445 193 2496 tum
206 2440 277 2497 Novi
288 2440 467 2497 Testamenti
485 2438 683 2495 revelationes.
714 2436 868 2508 Scriptura
890 2436 952 2492 tocc
1007 2437 1569 2495 diversitstcmthneuamanimamin
1592 2438 1704 2497 viritem
1728 2454 1835 2499 sexum

130 2529 308 2602 quibusoam
336 2529 394 2584 bac
421 2528 556 2601 Cypriani
585 2527 657 2583 visio
683 2525 811 2597 aliquem
836 2524 951 2580 videtur
1006 2525 1579 2598 crediditiuissemutatam‘lAnquam
1605 2526 1679 2584 vidit
1696 2528 1838 2603 ‚tllgyptli

131 2617 237 2674 babere
252 2617 476 2675 similitudinem
486 2613 800 2679 notavitPontius3sed
810 2628 869 2668 non
879 2613 950 2669 adeo
1005 2616 1141 2685 formam,
1158 2614 1307 2689 propriam
1322 2614 1465 2671 demonis
1480 2616 1594 2687 putavit
1607 2632 1672 2673 esse
1686 2617 1838 2691 figuram?

126 2707 226 2763 atssnia
240 2716 310 2764 sunt
322 2703 776 2779 etqussuperiusannotavimus
787 2718 855 2758 curn
870 2718 904 2757 ea
914 2701 950 2758 de
1003 2708 1046 2762 An
1062 2704 1208 2761 Christum
1224 2719 1326 2760 verum
1341 2718 1405 2760 esse
1419 2703 1567 2776 lanistam,
1582 2708 1611 2762 et
1632 2704 1755 2780 angelos
1768 2723 1836 2765 esse

125 2811 270 2868 quantum
286 2793 573 2867 agimusel’ssrpeiw
602 2789 847 2859 ΡθνθῙῦῖῑθῦθὶθῑῦ
870 2789 948 2846 essim
1003 2794 1123 2850 decoros
1139 2792 1336 2849 adolescentes
1366 2791 1562 2850 existimavit?
1582 2810 1619 2850 an
1634 2809 1666 2851 se
1686 2794 1834 2868 judicavit

123 2882 340 2949 habet:«0nid
365 2882 420 2937 bac
444 2880 618 2938 revelatione
647 2878 857 2936 manifestius?
878 2878 948 2950 quid
1004 2882 1063 2939 isse
1077 2897 1176 2938 revera
1190 2898 1256 2937 eum
1274 2880 1368 2955 gloria
1381 2881 1418 2938 ad
1445 2886 1560 2955 portam
1586 2882 1827 2945 Sanavivariam:

123 2969 177 3028 hae
201 2969 371 3044 dignatione
400 2969 532 3026 teticiua‘l
550 2973 625 3025 Ante
649 2966 693 3024 itti
719 2967 858 3040 predicta
878 2969 949 3023 aunt
1004 2971 1253 3045 quemadmodum
1269 2970 1375 3028 insana
1388 2969 1439 3028 illa
1453 2970 1622 3028 Tertulliani
1643 2971 1831 3043 muliercula,

122 3061 233 3125 omnia,
258 3075 447 3132 quecunque
465 3058 652 3131 postmodum
682 3056 839 3113 subsecuta
865 3059 946 3112 sunt·
1002 3062 1131 3118 animam
1147 3077 1211 3117 vura
1225 3076 1290 3117 esse
1305 3059 1429 3117 eredidit
1442 3063 1472 3116 et
1486 3060 1643 3118 affirmavit
1657 3083 1672 3112 «
1699 3062 1832 3131 micim-

123 3146 202 3206 Nihil
210 3148 246 3204 de
255 3146 305 3204 Dei
315 3147 411 3204 verbis
425 3144 702 3215 imminutum,nihil
718 3145 753 3201 de
769 3149 829 3202 tarn
844 3129 983 3201 sanctuli
1000 3149 1071 3207 loris
1087 3154 1116 3206 et
1130 3150 1230 3207 forme
1241 3165 1291 3222 per
1313 3148 1412 3205 omnia
1440 3149 1597 3206 humanat
1611 3172 1626 3202 »
1656 3150 1731 3215 onia
1761 3167 1831 3227 ergo

122 3235 316 3310 promissione
326 3235 506 3292 mutilatum.
517 3234 640 3308 Singula
650 3233 946 3306 deniquesecundum
1000 3254 1158 3296 commune
1172 3237 1416 3310 babetPerpetua
1431 3237 1504 3295 visio
1516 3254 1584 3295 cum
1594 3238 1693 3296 delira
1704 3239 1831 3312 hransos

121 3326 199 3398 quod
216 3328 425 3390 ostensasnnt,
450 3323 658 3397 recognoscite.
689 3322 863 3378 [litationem
887 3320 947 3394 peti
999 3327 1113 3385 femine
1128 3325 1678 3397 insomniiquehorumillasimssltma
1703 3343 1770 3386 0030
1781 3326 1830 3385 (11.

120 3414 251 3480 crastini,
267 3414 381 3470 cumde
409 3413 555 3485 passionis
584 3411 729 3469 sententia
756 3410 944 3484 cogitaretur,
999 3419 1185 3472 eaturtcum
1200 3419 1261 3472 tam
1277 3415 1443 3472 sinecausa
1458 3416 1650 3484 existimetur,
1665 3416 1828 3476 credidisse

118 3502 272 3573 postulans
287 3506 320 3557 ut
334 3518 381 3557 res
395 3518 465 3558 suae
476 3503 549 3558 181
563 3502 610 3558 die
633 3500 682 3557 illo
701 3515 790 3573 quem
804 3499 945 3572 impetra·
997 3505 1171 3577 Perpetuam
1187 3520 1251 3560 esse
1267 3519 1366 3561 revera
1385 3503 1416 3560 in
1428 3505 1526 3562 anima
1543 3507 1645 3563 nostra
1668 3521 1755 3564 seam
1777 3506 1825 3563 di·

116 3595 198 3646 verat
212 3590 369 3646 ordinaret.
387 3591 438 3646 His
453 3591 515 3646 dies
531 3608 607 3646 unus
622 3589 808 3661 significahat
831 3605 942 3644 anuum
996 3593 1173 3660 vacuitatem,
1188 3609 1275 3665 quarn
1311 3593 1374 3649 sine
1402 3610 1492 3651 causa
1516 3593 1698 3666 judicaretur
1723 3593 1824 3653 existi·

119 3676 231 3750 quoille
238 3682 304 3750 post
313 3678 454 3734 visionem
466 3678 625 3735 acturusin
636 3676 741 3734 seculo
751 3678 856 3732 luerat.
869 3681 942 3732 Nam
998 3698 1094 3740 masse
1109 3681 1190 3738 illam
1206 3686 1317 3750 caure,
1333 3698 1397 3754 quae
1414 3686 1478 3739 tum
1492 3681 1576 3751 vidit,
1587 3699 1633 3740 res
1648 3699 1714 3741 esse
1726 3683 1822 3757 ipsas,

119 3769 152 3822 ut
167 3766 351 3823 manifestius
366 3767 472 3833 otram,
489 3783 521 3823 00
533 3767 579 3823 die
595 3771 660 3840 port
673 3770 807 3821 exactum
831 3780 942 3820 annum
997 3789 1055 3829 non
1070 3775 1168 3828 auum
1184 3787 1280 3828 rerum
1293 3775 1321 3828 et
1336 3770 1503 3828 futurorum
1514 3776 1673 3828 eventuum
1683 3770 1824 3829 similitu-

119 3859 276 3912 ooronatus
292 3859 413 3926 est,quo
428 3855 536 3911 hoeilli
552 3859 618 3912 ante
638 3870 748 3910 annum
773 3853 868 3910 fuerat
894 3870 941 3910 os·
995 3860 1089 3918 dines.
1106 3860 1183 3917 m
1199 3859 1371 3916 audiendus
1387 3858 1576 3935 igiturlonge
1595 3877 1652 3934 pra
1676 3861 1823 3937 Basnagio

118 3948 247 4000 tentum·
263 3942 454 4000 Dissffltuttm
471 3943 596 4012 DOfflissb
618 3942 673 4000 ⁸1⁸5
690 3960 747 4000 ¹10ss
771 3960 881 4000 annum
911 3942 941 3998 in
995 3949 1176 4008 commodior
1190 3947 1313 4018 hujusce
1323 3947 1445 4005 visionis
1460 3965 1494 4005 ao
1509 3949 1664 4022 benignior
1675 3949 1823 4023 interpres

117 4032 226 4089 divinis
242 4031 358 4089 Litteris
368 4032 505 4106 legimus,
517 4031 704 4105 promissioni
715 4035 814 4089 tumen
831 4033 942 4089 tuturo·
993 4039 1176 4112 Augustinus
1191 4037 1267 4109 (36):
1285 4060 1296 4087 ι
1315 4038 1423 4094 Sancta
1433 4037 1576 4110 Perpetua
1590 4038 1718 4096 visasint
1731 4043 1776 4097 eat
1790 4037 1822 4097 in

115 4138 182 4179 rum
198 4121 328 4179 debitum
345 4121 419 4178 illud
436 4125 554 4194 tempus
572 4121 743 4195 accipimus.
756 4121 839 4178 Unde
866 4120 940 4177 nihil
994 4127 1332 4199 somniorumquodam
1347 4125 1479 4199 AEgyptio
1506 4126 1650 4186 invirum
1678 4144 1822 4186 conversa

113 4210 237 4269 interest
251 4210 276 4267 si
287 4226 365 4267 nunc
377 4210 432 4267 suh
449 4209 505 4266 diei
521 4210 735 4283 significatione
747 4208 828 4267 solus
843 4226 939 4267 annus
993 4215 1192 4282 luctari.Quis
1219 4219 1316 4273 eutem
1338 4214 1462 4284 dubitet,
1491 4215 1521 4272 in
1546 4215 1596 4274 illa
1625 4215 1823 4278 similitudine

114 4302 321 4371 ostensusest,
338 4298 496 4372 quiaillud
513 4298 630 4372 plenius
654 4299 740 4355 debet
764 4314 828 4355 esse
857 4300 936 4370 quod
991 4303 1341 4378 eorporisanimsmejus
1364 4303 1465 4373 tuisse,
1494 4321 1553 4362 non
1582 4306 1713 4380 corpus?
1736 4306 1821 4382 Quod

114 4390 211 4459 maim
222 4392 277 4444 est.
295 4388 377 4454 Quod
388 4406 454 4445 vero
471 4393 544 4445 nutu
561 4389 669 4461 potius,
686 4392 714 4444 et
729 4404 786 4443 non
802 4403 937 4444 sermone
990 4393 1092 4466 utique
1106 4392 1136 4448 in
1152 4409 1203 4449 suo
1217 4392 1342 4450 femineo
1357 4409 1427 4449 sexu
1447 4409 1580 4463 manens,
1597 4395 1699 4470 sopitis
1723 4394 1820 4453 sensi-

114 4475 355 4548 explanatumest
364 4475 760 4551 representationitemporis
767 4477 938 4533 servabatur
951 4503 975 4569 D
990 4482 1046 4538 bus
1064 4480 1243 4538 manebatin
1259 4481 1372 4549 atratis,
1389 4483 1507 4554 quando
1522 4481 1621 4541 anima
1635 4483 1741 4557 sinsin
1767 4482 1820 4541 illa

115 4564 259 4621 sermonis
274 4566 432 4637 expressio.
450 4566 529 4623 Solet
545 4566 624 4623 enim
639 4570 709 4622 tunc
724 4565 822 4623 verbis
845 4566 935 4637 quod·
989 4569 1082 4628 virilis
1096 4569 1226 4643 corporis
1238 4569 1432 4627 similitudine
1446 4569 1647 4629 luctabatur.»

114 4668 241 4724 cumque
256 4653 387 4725 proferri,
399 4654 512 4726 quoties
537 4655 680 4728 quidquid
699 4655 852 4726 protertur,
883 4654 936 4710 im·
1026 4663 1061 4714 V.
1076 4660 1251 4731 'temperare
1266 4658 1395 4716 hicmihi
1405 4676 1602 4734 nonpossum‚
1615 4661 1687 4734 quin
1697 4676 1734 4719 ea
1744 4678 1819 4735 quo·

113 4741 304 4816 pletur.Nam
321 4745 527 4804 etverensmo
545 4744 681 4815 cognovit
710 4760 800 4816 quare
826 4744 880 4800 hoe
909 4743 936 4800 ei
991 4765 1047 4820 que
1063 4747 1190 4805 breviter
1203 4748 1337 4816 reseram,
1354 4765 1418 4821 qus
1430 4750 1467 4806 ad
1483 4749 1625 4808 celebrem
1648 4749 1733 4809 iilam
1747 4751 1818 4809 Per·

54 4820 62 4837 '
112 4834 262 4888 ostensum
277 4829 391 4899 luisset,
403 4831 459 4887 nisi
475 4832 545 4904 quia
555 4834 620 4905 post
634 4832 735 4888 eodem
751 4832 809 4902 die,
824 4848 882 4905 quo
905 4832 935 4889 id
990 4843 1084 4910 petua
1100 4837 1135 4894 de
1150 4837 1239 4895 tratre
1254 4854 1306 4895 suo
1322 4838 1473 4896 Dinocrate
1486 4839 1693 4897 revelationem
1708 4840 1820 4898 Bssna·

111 4921 233 4988 rideret,
247 4923 403 4977 coronatus
416 4924 471 4976 est.
486 4920 580 4977 Medio
596 4919 788 4977 nihilomiuus
807 4927 935 4994 tempore
990 4927 1057 5000 gius
1073 4930 1205 4983 annotat.
1217 4927 1391 4999 Ouanqaum
1420 4928 1498 4984 enim
1514 4930 1552 4986 ad
1579 4928 1815 5003 impugnandam

112 5010 272 5068 imminens
287 5009 384 5081 passio
401 5014 540 5082 procerte
551 5009 587 5065 ab
604 5008 742 5065 omnibns
770 5011 934 5081 sciebatur
990 5018 1161 5072 sauctorum
1183 5020 1346 5088 martyrum
1375 5018 1578 5076 orthodoxiam
1605 5023 1816 5092 argumentum

113 5100 365 5172 passionistnmen
374 5098 540 5155 diescertus
551 5100 586 5155 ab
596 5097 934 5172 iisdemomnibusquasi
988 5103 1058 5161 inde
1073 5122 1130 5162 non
1146 5104 1252 5178 capiat,
1262 5122 1297 5161 ex
1308 5106 1372 5177 ejus
1385 5110 1484 5165 tamen
1495 5107 1817 5166 observationibusilli·

115 5187 319 5261 ignorantibus
327 5188 488 5244 tacebatur.
505 5189 580 5245 Sane
595 5193 624 5244 et
642 5188 671 5243 in
696 5187 853 5261 Scripturis
877 5189 935 5245 tate
989 5193 1058 5251 bata
1071 5194 1243 5266 sinceraque
1259 5199 1420 5267 martyrum
1436 5197 1507 5254 fides
1524 5198 1686 5255 admodum
1697 5196 1818 5270 pericli·

116 5276 226 5348 aliquid
242 5276 366 5334 invenio.
379 5278 452 5333 Nam
465 5277 617 5334 Zacharias
627 5277 773 5346 sacerdos,
789 5277 935 5349 promisso
988 5288 1077 5340 tatur.
1095 5285 1145 5340 Eat
1156 5287 1253 5340 nutem
1277 5284 1423 5355 ejusmodi
1440 5286 1529 5343 visio:
1553 5287 1643 5344 Video
1672 5286 1816 5345 Dinocra-

114 5364 170 5420 sibi
187 5383 239 5440 per
253 5367 387 5440 angelum
405 5366 475 5436 sslio,
492 5367 561 5440 quis
576 5383 634 5424 non
645 5365 816 5435 crediderat,
830 5366 934 5423 obmu-
987 5375 1047 5430 tem
1063 5375 1215 5429 exeuntem
1230 5371 1265 5428 de
1284 5371 1347 5430 loco
1362 5375 1526 5445 tenebroso,
1542 5375 1592 5431 ubi
1608 5379 1637 5432 et
1648 5374 1817 5448 complures

146 5578 202 5652 (36)
217 5578 279 5636 Lib.
296 5594 325 5636 rr
339 5581 372 5639 de
386 5584 464 5654 Orto,
477 5583 595 5642 nonu.
611 5597 676 5655 cap,
693 5583 737 5640 ts.
