3892 6104
114 263 186 343 lapi
639 262 689 322 DE
711 257 1007 322 HAEllll'l'lCORUbl
1031 255 1293 320 sacristiam.
1744 259 1823 319 1112

114 411 169 451 nus
186 392 311 467 singulis
327 393 412 451 annis
428 394 554 467 synodos
570 395 735 450 necessario
760 397 787 449 et
802 410 835 449 ex
850 390 931 450 Pauli
951 395 976 462 Α
992 389 1126 447 debuerit
1142 392 1197 447 sibi
1215 392 1352 448 deletura
1366 407 1431 448 esse
1445 395 1624 466 argumenta
1640 389 1826 448 sufficientia

113 484 280 556 praecripto
307 484 345 556 (n.
370 483 413 555 31)
440 483 629 540 celebrandas
654 500 718 540 esse
741 487 849 553 censet,
868 499 940 537 non·
997 481 1105 553 quibus
1120 482 1307 538 traditionem
1324 480 1514 554 apostolicam
1531 499 1699 557 expugnare
1712 483 1826 555 potuis·

113 572 168 628 nisi
186 573 302 629 unicam
318 573 460 642 nominat,
479 590 583 646 nempe
599 573 715 646 utlnpsi
727 573 941 636 etemnitontes
996 576 1050 639 set,
1067 570 1184 641 iterum,
1209 576 1366 644 antequam
1392 572 1584 644 quaestionem
1610 573 1758 644 attingere
1773 590 1824 627 an-

112 661 228 735 pnblioe
241 662 478 730 discrucientur;
495 662 556 717 hac
572 679 639 718 uero
656 663 728 718 ratio
746 661 817 717 milii
829 660 943 716 videtur
997 660 1074 730 deat,
1091 664 1260 731 sequentem
1277 660 1430 732 premittit
1450 661 1679 731 excusationem,
1697 678 1823 734 nempe:

112 751 195 807 valde
210 757 356 824 suspecta.
374 752 447 808 llinc
464 751 587 822 conjicio
612 755 762 807 auctorem
789 751 880 806 luisse
895 748 944 805 vel
997 749 1052 805 sibi
1073 749 1174 804 deesse
1190 765 1301 805 moram
1318 749 1469 822 temporis,
1486 754 1518 806 ut
1532 750 1628 806 debite
1644 751 1823 823 respondere

112 840 304 896 Novatianum
330 840 374 896 vel
405 840 600 913 llonntistnm,
626 840 816 914 posteriorem
843 842 940 894 tamen
997 838 1142 912 potuerit;
1159 838 1311 895 aitcnim:

113 930 305 1002 temporibus.
322 934 350 984 S.
366 930 538 1003 Augustini,
555 930 614 985 imo
630 935 659 985 et
673 927 801 984 Socratis
816 932 845 984 et
856 928 941 984 Sozo-
1032 927 1076 981 3l.
1095 949 1108 977 c
1126 927 1268 993 Quoniam
1293 927 1406 1001 legatus
1431 944 1496 984 vero
1512 928 1567 985 iste
1580 946 1596 985 a
1611 928 1696 984 robis
1713 928 1825 986 missus

114 1018 192 1075 meni
208 1017 437 1074 Novatianerum
455 1019 521 1088 (51),
539 1021 638 1091 utpote
649 1018 698 1090 qui
711 1016 824 1073 nullam
837 1017 873 1072 de
884 1017 943 1072 lata
997 1015 1109 1088 regredi
1128 1016 1293 1086 festinabat,
1319 1021 1347 1072 et
1370 1022 1488 1090 tompus
1507 1017 1664 1074 hibernum
1688 1019 1824 1092 urgebat,

113 1108 237 1182 epistola
250 1107 449 1164 l'irmilianioa
468 1108 644 1164 mentionem
660 1106 781 1164 iaciunt.
997 1109 1139 1178 quantum
1155 1105 1316 1177 potuimus,
1328 1106 1363 1162 ad
1375 1106 1485 1180 scripta
1495 1112 1591 1164 vestra
1602 1106 1827 1180 rescripsimus,

148 1197 251 1253 Novati
266 1197 387 1253 haeresis
403 1196 490 1268 coepit
507 1197 584 1253 circa
608 1213 717 1252 annum
739 1197 814 1265 250;
841 1198 943 1251 contra
997 1193 1200 1266 etquidem...
1220 1215 1233 1243 ii

112 1287 187 1344 hanc
212 1285 337 1342 maxime
362 1287 504 1359 pugnavit
529 1286 560 1342 S.
585 1284 787 1352 Firmilianus,
803 1287 943 1340 ettamen
1034 1282 1054 1338 l.
1079 1281 1191 1339 Siccine
1215 1281 1264 1339 ille
1288 1282 1431 1340 diaconus
1453 1283 1567 1358 legatus
1590 1284 1621 1341 in
1653 1301 1751 1344 causa
1771 1289 1832 1342 tam

112 1376 142 1431 in
170 1392 203 1431 ea
232 1392 320 1448 quam
358 1375 562 1431 examinamus
598 1373 725 1447 epistola
764 1372 942 1430 altissimum
999 1371 1833 1446 ardua,universameonrernonteEcelesiam,quimasi-

113 1465 285 1522 observatur
299 1463 447 1519 silentium
465 1464 499 1519 de
515 1463 634 1533 Novato,
659 1460 704 1519 rel
719 1462 810 1534 liujus
826 1460 943 1519 haeresi,
1000 1457 1056 1515 mis
1071 1459 1205 1515 Ecclesiae
1230 1477 1289 1516 susi
1314 1461 1483 1534 sumptibus
1507 1461 1593 1535 plura
1617 1468 1758 1531 centens,
1773 1464 1833 1520 imo

113 1553 172 1610 imo
188 1554 248 1610 haee
273 1552 448 1608 detenditur.
475 1552 547 1607 Nam
578 1567 690 1608 errores
713 1550 942 1606 Novatianorum
1000 1547 1092 1603 millia
1108 1547 1244 1604 milliaria
1259 1547 1434 1624 Carthagine
1449 1567 1543 1623 nsque
1563 1552 1593 1606 in
1610 1551 1830 1625 Cappadociam

113 1644 257 1716 principue
282 1641 417 1698 fuerant:
446 1640 572 1714 primus,
597 1641 674 1714 quod
701 1638 946 1712 rebaptizaverint
996 1636 1059 1710 jem
1076 1637 1460 1711 absolverat,elenginquo,
1471 1640 1530 1696 imo
1541 1657 1574 1697 eii
1585 1640 1776 1714 longissimis
1785 1659 1831 1699 re·

113 1731 226 1804 eosqui
246 1735 326 1786 extra
342 1747 427 1787 suam
452 1729 610 1787 Ecclesiam
635 1728 752 1786 lucrant
776 1728 857 1785 tincti
872 1745 879 1796 ;
896 1743 943 1783 se·
959 1775 983 1840 B
1000 1725 1137 1800 gionibus
1153 1730 1280 1798 venerat,
1296 1726 1348 1799 qui
1360 1728 1445 1784 titulo
1455 1728 1669 1801 hospitalitatis
1683 1731 1713 1786 S.
1729 1731 1833 1788 Firmi-

112 1822 238 1886 cundus,
267 1821 344 1893 qued
378 1819 530 1875 docuerint
569 1817 728 1874 Ecclesiam
769 1816 937 1873 nullatenus
996 1814 1329 1887 lianoaquosumma
1352 1833 1419 1872 cum
1447 1816 1548 1874 latitia
1571 1824 1715 1891 exceptus
1740 1821 1832 1876 luisse

112 1926 198 1983 posse
211 1911 344 1983 graviora
360 1913 474 1982 peccata
492 1907 641 1964 remittere
665 1907 757 1981 lapsis
778 1907 846 1963 licet
867 1922 935 1962 oon·
991 1903 1168 1977 supponitur
1191 1908 1231 1974 (n.
1255 1906 1302 1973 23,
1326 1906 1382 1978 26),
1406 1911 1554 1979 gratanter
1577 1907 1608 1963 in
1632 1909 1824 1982 Cappadocia

112 1999 189 2055 tritis
215 2004 243 2054 et
264 1997 495 2071 poenitentibns3
521 1997 576 2054 bes
599 2013 667 2070 crgo
692 1998 728 2053 ad
753 2000 937 2053 sacramenta
991 2007 1043 2066 per
1057 1991 1171 2064 aliquod
1185 1999 1302 2065 tompus
1318 1998 1499 2051 sustentatus
1513 1997 1617 2053 luisset
1629 2016 1636 2066 3
1650 1998 1701 2053 hic
1712 1997 1823 2070 impor-

114 2106 171 2145 non
188 2087 390 2159 admittebant,
407 2086 584 2159 poenitentiis
599 2087 703 2143 me
727 2090 825 2142 temen
843 2084 935 2156 subji-
990 2085 1080 2138 tunus
1096 2081 1217 2138 nuntius
1234 2082 1328 2140 noluit
1340 2089 1507 2157 exspectare
1519 2101 1571 2158 per
1584 2085 1703 2159 aliquot
1714 2087 1824 2144 hebdo-

113 2178 227 2234 cicbant
243 2176 441 2251 rigidioribus,
459 2181 486 2232 ct
500 2181 640 2250 preterea
655 2173 935 2249 beospormittendos
991 2171 1094 2228 medas
1118 2169 1161 2228 vel
1188 2171 1261 2241 dies,
1289 2179 1321 2230 ut
1340 2174 1662 2246 pseudo-Firmilianns
1688 2193 1776 2233 suam
1793 2177 1823 2232 in

113 2284 177 2323 esse
191 2266 336 2323 velebant.
991 2276 1081 2317 causa
1095 2265 1154 2317 tam
1171 2261 1264 2318 ardua
1277 2262 1499 2336 responsionem
1522 2264 1620 2321 debita
1643 2281 1714 2321 cum
1741 2282 1825 2322 mora

149 2355 317 2424 Donatista,
334 2353 439 2411 iaculo
460 2371 496 2425 iv,
523 2353 599 2410 circa
623 2369 732 2410 annum
757 2353 820 2425 311,
844 2350 936 2408 exorti
991 2348 1140 2406 absolvere
1156 2351 1279 2422 potuerit
1291 2354 1302 2407 t
1316 2351 1425 2408 Verum
1440 2368 1532 2426 apage
1546 2354 1663 2428 nugast
1692 2356 1824 2412 Pseudo·

112 2444 248 2517 praelatos
262 2442 362 2499 Novati
379 2459 491 2499 errores
507 2441 632 2515 amplexi
647 2447 717 2499 sunt
732 2443 798 2515 (52).
811 2442 934 2513 lnsuper
992 2437 1180 2495 Firmilianus
1191 2441 1291 2495 1³7⁷
1303 2440 1341 2512 (v.
1355 2457 1444 2513 supra
1455 2459 1483 2497 n.
1499 2442 1542 2515 19)
1552 2442 1653 2498 fassus
1665 2443 1731 2509 tuit,
1744 2445 1824 2516 quod

112 2531 288 2589 addiderunt
303 2531 376 2603 quod
395 2535 560 2604 peccateres
575 2530 678 2588 saltem
689 2530 835 2604 grauiores
846 2535 935 2602 etpu·
992 2527 1185 2584 sufficientem
1202 2529 1342 2601 temperis
1357 2546 1469 2587 moram
1490 2530 1639 2599 habuerit,
1664 2536 1698 2587 ut
1712 2532 1822 2607 episto·

114 2620 181 2676 blici
199 2620 253 2692 (53)
268 2636 324 2675 non
342 2625 461 2693 possent
484 2619 580 2675 aalide
606 2620 789 2692 baptismum
814 2618 856 2675 vel
879 2619 937 2676 alia
990 2616 1049 2674 lam
1065 2618 1094 2673 S·
1111 2616 1245 2690 Cypriani
1262 2635 1385 2689 morose,
1404 2623 1513 2676 attente
1534 2624 1563 2677 at
1582 2621 1694 2693 saepius
1710 2620 1822 2695 relege·

114 2712 297 2764 sacramenta
321 2708 460 2763 conterre.
486 2708 589 2765 Noster
619 2706 936 2781 pseudo-liriniensis
992 2705 1029 2761 rit
1057 2707 1226 2762 memoriter
1255 2707 1389 2764 didicerit
1415 2708 1492 2780 (51);
1522 2724 1590 2782 ergo
1620 2709 1821 2768 habuissetet

113 2796 175 2853 vult
191 2813 287 2852 annue
311 2798 438 2871 synodos
461 2814 524 2854 esse
546 2797 746 2865 celebrandas,
772 2798 802 2854 in
828 2797 936 2870 quibus
991 2811 1103 2852 moram
1119 2796 1256 2852 exarandi
1272 2797 1477 2854 convenientes
1503 2799 1720 2871 responsorias,
1747 2817 1819 2874 pra·

113 2890 279 2959 peccateres
295 2902 352 2941 nen
373 2885 491 2959 quidem
518 2904 535 2942 a
557 2887 722 2944 senioribus
747 2885 937 2943 absolvantur
991 2884 1090 2941 sertim
1107 2901 1174 2941 cum
1191 2884 1280 2942 simul
1295 2887 1452 2943 asseruerit
1471 2888 1668 2959 questionem
1680 2890 1747 2961 jam
1763 2890 1819 2962 pri·

114 2975 350 3042 misericorditer,
368 2975 417 3032 sed
434 2975 452 3030 ii
470 2975 519 3048 qni
536 2993 552 3030 a
567 2975 681 3031 diabolo
696 2975 838 3032 vulnerati
855 2980 934 3044 sunt,
991 2974 1057 3031 dem
1071 2973 1100 3030 in
1117 2973 1250 3031 conciliis
1266 2975 1403 3032 Asiaticis
1419 2975 1511 3033 luisse
1526 2976 1669 3034 decisam.
1687 2978 1821 3052 igituret

114 3063 242 3121 severius
259 3064 449 3136 castigentur,
466 3079 527 3131 seu,
545 3069 577 3120 ut
593 3065 653 3137 ipse
677 3064 729 3133 ait,
742 3088 755 3114 (ι
773 3064 809 3121 ad
825 3062 935 3120 intelli·
990 3079 1079 3135 quam
1095 3063 1182 3119 citius
1198 3080 1227 3120 se
1244 3064 1379 3137 expedire
1395 3065 1551 3137 potuisset,
1566 3066 1592 3122 si
1607 3071 1683 3124 Aeta
1699 3067 1819 3125 illorum

114 3151 243 3226 gentiam
259 3169 379 3207 suorum
405 3152 577 3209 delictorum
603 3156 809 3210 convertantur
830 3170 863 3210 ac
880 3159 935 3210 beo
951 3149 973 3216 C
992 3152 1183 3210 conciliorum
1210 3152 1422 3210 transmisisset
1449 3154 1478 3210 S.
1504 3155 1662 3229 Cypriane,
1687 3156 1738 3213 cui
1762 3158 1821 3215 heae

115 3241 230 3314 plenius
250 3241 441 3298 satisfaciant.
460 3265 474 3293 t)
991 3243 1107 3299 decreta
1122 3241 1273 3316 synodalia
1283 3243 1399 3316 utrique
1412 3243 1535 3300 multum
1548 3245 1679 3318 gratiora
1695 3247 1822 3305 luissent

151 3332 200 3386 llic
215 3330 293 3403 rigor
308 3347 423 3404 semper
439 3330 553 3390 alienus
570 3332 624 3389 luit
639 3333 675 3389 ab
691 3330 819 3389 Ecclesia
831 3333 935 3390 ltoma·
992 3348 1081 3405 quam
1098 3331 1216 3389 inutiles
1231 3331 1353 3389 aliarum
1381 3349 1478 3389 retum
1501 3335 1705 3392 enarrationes
1728 3340 1759 3393 et
1772 3355 1820 3393 su·

114 3419 324 3488 ne·Cntholien,
342 3420 479 3494 proprius
495 3421 664 3478 Novatianis
679 3426 708 3479 et
724 3420 894 3479 Donatistis.
992 3421 1109 3494 perflue
1119 3422 1315 3495 repetitiones.
1328 3427 1381 3478 Ast
1391 3428 1507 3496 tempus
1516 3422 1675 3481 hibernum
1686 3427 1820 3500 urgebat.

149 3515 192 3567 33.
207 3512 336 3568 Tandem
353 3512 509 3585 aliqnando
520 3513 846 3586 pseudo-firmilianus,
861 3517 938 3586 pest·
1029 3510 1063 3565 ll.
1080 3509 1107 3564 si
1124 3510 1152 3566 S.
1170 3509 1360 3567 Firmilianus
1375 3510 1452 3567 hanc
1471 3511 1627 3583 epistelam
1645 3530 1713 3570 vere
1728 3515 1820 3588 scrip-

114 3616 202 3671 qunm
219 3604 278 3655 tam
292 3600 372 3656 varia
387 3601 422 3656 ad
444 3606 556 3657 statum
582 3601 753 3674 quaestionis
769 3602 938 3660 nullatenus
992 3597 1090 3671 sisset,
1116 3615 1213 3655 nonne
1242 3601 1453 3673 congruentius
1482 3600 1624 3659 dixisset:
1653 3625 1668 3654 a
1693 3603 1821 3660 Nuntius

114 3687 300 3761 pertinentia,
323 3689 445 3762 insuper
470 3689 553 3758 salsa,
577 3689 622 3746 val
645 3689 768 3747 naiasin
793 3690 938 3765 sapientia
992 3686 1112 3744 festinat
1132 3688 1257 3761 regredi,
1282 3694 1399 3761 tempus
1422 3689 1576 3746 hibernum
1602 3691 1713 3764 urget?
1730 3715 1745 3744 »
1760 3693 1822 3748 Non

115 3777 316 3850 praemisisset,
334 3794 393 3833 an.
412 3779 444 3833 18
459 3779 494 3834 ad
510 3779 555 3845 32,
573 3795 651 3835 nune
667 3779 771 3853 incipit
783 3797 938 3837 seacoom·
993 3794 1060 3834 vere
1076 3779 1179 3850 teqotus
1203 3778 1251 3835 ille
1274 3781 1434 3852 festinebat,
1461 3780 1551 3838 tiiems
1575 3782 1704 3855 urgebat.
1723 3784 1823 3841 Fabri·

116 3866 235 3921 medere
250 3865 297 3934 iis,
315 3867 350 3922 de
367 3868 475 3939 quibus
490 3883 520 3924 sc
537 3869 938 3944 aS.Cyprianeinterrroga-
994 3871 1075 3924 calor
1102 3867 1230 3940 epistolae
1258 3869 1359 3942 utique
1385 3870 1440 3925 luit
1462 3871 1607 3943 posterior
1636 3873 1823 3945 temporibus

116 3958 178 4010 tum
197 3955 288 4011 fuisse
303 3954 434 4028 simulat,
451 3973 566 4030 nempe.
994 3956 1023 4014 S.
1042 3955 1200 4014 Firmiliani
1214 3975 1221 4026 ;
1237 3957 1304 4014 hinc
1320 3960 1479 4031 respiciens
1495 3960 1529 4015 ad
1547 3965 1667 4033 tempus
1677 3962 1710 4018 S.
1724 3962 1825 4019 Firmi·

154 4064 168 4092 i<
183 4045 224 4098 An
243 4044 407 4116 baptismus
422 4044 486 4101 ideo
501 4046 620 4118 precise
639 4047 678 4103 sit
697 4046 853 4118 invalidus,
872 4048 940 4122 quia
995 4044 1065 4102 liani
1076 4047 1267 4117 preteritum,
1280 4063 1331 4103 seu
1344 4047 1414 4104 illud
1434 4065 1491 4120 quo
1509 4047 1666 4121 epistolam
1679 4051 1822 4126 scriptam

117 4132 270 4202 baptizans
287 4132 342 4189 luit
357 4133 536 4191 hereticus?
552 4158 566 4186 »
996 4134 1088 4191 luisse
1102 4135 1226 4204 volebat,
1240 4134 1377 4193 incautus
1393 4137 1482 4193 dixit:
1501 4161 1514 4189 «
1531 4137 1661 4196 Nuntius
1675 4140 1823 4198 istelesti·

152 4222 943 4301 NegabatPapa,trnditioniapostolicaeinnixus,negat
998 4227 1095 4294 nabat,
1112 4225 1206 4280 hiems
1230 4227 1360 4298 urgebat.
1377 4246 1389 4278 i

118 4307 253 4364 universa
264 4308 394 4366 Ecclesia
403 4309 556 4367 catholica.
570 4312 598 4368 S.
608 4311 769 4385 Cyprianus
778 4317 806 4368 et
815 4313 943 4370 Alriaani
1035 4314 1081 4370 lll.
1099 4313 1230 4370 Stolidus
1246 4314 1349 4371 luisset
1360 4314 1493 4383 nuntius,
1504 4315 1529 4371 si
1542 4316 1723 4377 imminente
1734 4320 1828 4378 hieme

118 4398 246 4470 episcopi
263 4399 298 4454 de
315 4399 435 4456 veritate
461 4400 606 4473 dogmatis
630 4401 771 4458 Catholici
792 4403 943 4463 dubitasse
998 4404 1053 4460 iter
1067 4422 1101 4460 ex
1116 4404 1299 4477 Cappadocia
1315 4405 1344 4460 in
1360 4405 1487 4460 ,Africam
1512 4405 1644 4478 incipere
1664 4408 1828 4480 voluissem

118 4486 267 4552 dicuntur,
282 4487 331 4559 qui
350 4487 486 4560 igiturex
503 4489 849 4562 Cappadociaconsilinm
863 4509 941 4564 qum·
959 4514 982 4578 D
997 4499 1066 4549 tunc
1088 4492 1164 4548 enim
1191 4492 1263 4548 illud
1289 4494 1506 4565 ingravescente
1530 4493 1632 4552 hieme
1656 4499 1830 4556 continuare

120 4576 203 4630 aiere.
216 4575 686 4636 Pseudo-Firmilianusaffirmat:
700 4580 749 4635 sed
763 4596 829 4636 cum
842 4581 944 4638 timere
999 4581 1160 4653 debuisset,
1177 4598 1234 4654 quo
1257 4585 1388 4656 tempore
1413 4581 1558 4656 nauigatio
1581 4585 1676 4644 meris
1693 4587 1830 4646 Mediter-

157 4790 212 4861 (51)
227 4789 415 4862 Scripserunt
428 4793 610 4863 Augustinus
637 4811 713 4848 imno
735 4796 797 4861 120,
814 4796 946 4854 Socrates
1001 4799 1072 4855 bant
1083 4796 1347 4870 sequentiasaltem
1360 4803 1479 4871 peccate
1489 4801 1518 4854 1⁰
1528 4799 1697 4871 homicidii,
1709 4806 1832 4863 2⁰adul·

123 4867 149 4917 ct
165 4863 420 4945 sozomenuslttl,
440 4879 502 4943 'quo
519 4863 622 4920 ultimo
649 4872 779 4938 tempore
794 4868 946 4924 Novatiani
1001 4870 1076 4936 terii,
1093 4873 1123 4923 30
1139 4870 1294 4953 apostasiis
1310 4887 1327 4926 a
1342 4871 1398 4927 side
1415 4871 1469 4943 (vel
1485 4889 1502 4928 a
1516 4889 1572 4928 sua
1587 4873 1708 4949 heresi)
1724 4880 1833 4935 esseio

123 4952 157 4989 eii
175 4950 374 5017 rigorismoin
390 4932 547 4991 laniemum
561 4936 624 5006 jain
636 4936 864 5006 declinaverant,
877 4957 947 4996 oon·
1001 4941 1200 4999 remissibilia.

124 5005 776 5090 tendentes,cmcunqueEeelesiaepartieulari
789 5027 873 5094 susm
885 5028 947 5083 quae
1039 5022 1096 5094 (53)
1111 5022 1178 5085 One
1196 5024 1311 5093 peccata
1328 5021 1495 5078 ministrum
1520 5022 1653 5082 lacerent
1672 5026 1833 5085 inhabilem

124 5078 312 5149 yirsiptaeeret
327 5077 513 5150 disciplinam
529 5094 593 5136 esse
609 5082 845 5152 permittendam,
862 5100 891 5138 in
905 5086 946 5155 (ο-
1004 5093 1040 5148 nd
1054 5097 1237 5148 sacramento
1252 5092 1344 5149 valide
1358 5093 1542 5166 conterenda,
1559 5112 1620 5152 non
1641 5100 1718 5155 satis
1736 5117 1835 5158 conve·

121 5151 225 5220 juniis,
251 5149 281 5204 in
306 5149 449 5233 1111111111)
475 5149 504 5206 in
530 5150 723 5208 011111111011
744 5153 894 5237 1181011111),
915 5154 950 5212 11·
1005 5164 1134 5222 aiebant.
1150 5165 1179 5220 Si
1194 5163 1349 5235 baptizans
1365 5166 1439 5221 leret
1453 5170 1589 5238 peccator
1609 5170 1751 5228 occultus
1775 5178 1834 5229 tum

126 5227 249 5294 gnanter
261 5221 424 5292 Pnsclintis,
436 5238 465 5277 m
476 5230 659 5280 sacramento
671 5225 862 5282 consessionis
873 5227 948 5299 apud
1005 5235 1141 5309 angelum
1167 5234 1210 5292 vel
1227 5237 1318 5292 Deum
1334 5236 1470 5310 supplere
1484 5238 1643 5296 docebant.
1660 5243 1694 5300 V.
1713 5218 1835 5302 die’enda

127 5294 308 5349 sacerdotem
324 5294 513 5367 deponenda,
538 5294 582 5352 vel
605 5312 662 5351 non
690 5297 879 5368 deponendas.
896 5304 948 5354 Ee·
1006 5326 1034 5364 n,
1051 5309 1095 5363 49,

127 5365 281 5420 videantur
293 5370 426 5423 Socrates
450 5366 469 5422 l·
494 5385 522 5434 v,
547 5369 672 5496 11))019
687 5373 715 5424 11
728 5370 948 5436 22;Sozomen.
1041 5389 1098 5459 (51)
1125 5387 1222 5459 Aliqui
1254 5387 1553 5446 Firmilianotantam
1589 5391 1687 5450 luisse
1719 5411 1831 5453 meram

131 5437 148 5489 1·
165 5453 227 5503 1111,
243 5454 307 5507 cap
326 5438 368 5508 15,
385 5439 436 5538 (lui
453 5442 575 5511 11111111
620 5438 774 5543 ,1111111111
783 5442 846 5543 11111·
1005 5466 1151 5524 asserunt,
1176 5466 1208 5516 ut
1231 5458 1341 5542 vicinos
1365 5461 1517 5545 episcopos
1542 5469 1785 5539 congregaverit,
1808 5485 1831 5536 r,

166 5523 637 5605 (5ῗ)5,·111111111111ι11111111
660 5533 773 5586 Dorceu
796 5547 825 5587 ni
847 5532 949 5602 Euooy.
1006 5548 1036 5587 11.
1066 5533 1112 5604 20,
1141 5533 1185 5599 21,
1214 5547 1332 5587 nomine
1360 5533 1475 5590 concilii
1506 5532 1568 5589 hee
1593 5535 1725 5610 epistola
1749 5539 1830 5598 luerit

132 5593 261 5663 llulttiari,
280 5610 367 5651 serm.
383 5601 411 5666 2,
424 5600 577 5673 impugnat
588 5617 648 5670 eos,
660 5602 709 5673 qui
722 5618 774 5674 pro
785 5607 855 5662 tunc
866 5604 950 5661 doce·
1005 5605 1176 5677 composita.
1196 5603 1221 5660 V.
1239 5619 1319 5662 num.
1336 5603 1381 5662 76.
