3892 6104
75 313 115 374 93
490 320 567 381 Pho
588 320 644 381 SS.
666 318 887 395 Pllltl’ll'l’Uh,
912 320 1143 384 FELICITATE
1165 323 1215 385 ltu
1237 323 1373 385 SOGllS.
1513 332 1517 340 '
1741 323 1780 381 ut

76 450 205 507 inserere
220 467 254 507 se
269 451 346 507 etati
361 451 538 524 apostolice,
561 456 594 510 ut
608 453 672 511 ideo
697 453 852 511 videantur
866 454 901 509 ab
916 452 944 521 Α
961 452 1335 521 tatiacttlbristumiesum
1346 471 1381 511 ex
1390 453 1508 526 Virgine
1516 452 1607 517 Maria
1617 450 1779 510 FiliumDai

75 539 224 612 Apostolia
256 541 382 610 traditae,
409 543 479 614 quia
512 542 566 598 sub
600 542 746 614 Apostolis
773 544 902 614 luerunt,
958 544 1104 611 creatoris,
1122 549 1152 601 et
1163 547 1259 601 caruis
1274 544 1515 601 resurrectionem
1533 561 1539 599 :
1557 543 1651 617 legem
1670 547 1698 598 et
1713 536 1779 616 pro·
1835 594 1846 607 ,

75 645 241 703 possumus
251 629 348 686 dicere
361 647 367 685 :
384 631 480 687 Edant
489 647 557 705 ergo
568 631 696 705 origines
708 632 904 689 Ecclesiarum
959 632 1061 704 phetas
1072 650 1138 689 cum
1150 633 1323 706 evangelicis
1334 638 1362 690 et
1375 632 1778 706 apostolicislittarismiscet,

74 735 213 790 warum,
228 719 366 775 evolvant
390 721 522 778 ordinem
546 720 751 794 episcoporum
772 739 903 792 sucrum,
958 722 1068 778 atinde
1084 727 1165 793 putat
1186 723 1273 778 fidem
1290 739 1367 791 eam,
1382 738 1459 794 aqua
1474 721 1580 794 signat,
1597 726 1698 777 sancto
1713 721 1777 793 Spi-

72 809 127 864 00
141 810 187 865 ita
211 825 265 882 per
280 809 482 866 successiones
507 810 556 866 ubi
582 810 665 867 initio
689 812 902 884 decurrentem,
959 809 1017 865 ritu
1040 813 1135 883 vestit,
1161 809 1346 867 Eucharistia
1360 809 1464 882 pascit,
1491 809 1629 882 martyrio
1645 808 1781 866 exhorta-

74 901 107 954 ut
130 899 251 971 primus
276 896 325 954 ille
348 898 502 971 episcopus
527 899 656 971 aliquem
684 916 719 956 ex
745 901 903 972 Apostolis‚
960 901 1052 968 tur,et
1070 899 1111 954 ita
1127 897 1782 956 adversushancinstitutionemtilneminem

72 986 118 1044 val
139 986 322 1060 apostolocis
347 987 428 1057 viris,
462 987 512 1059 qui
543 991 641 1044 tamen
667 1005 733 1045 cum
762 989 905 1062 apostolis
959 987 1070 1060 recipit.
1090 989 1152 1045 llaec
1168 988 1327 1056 institutio,
1343 1005 1400 1043 non
1416 988 1480 1043 dico
1503 989 1565 1059 Jam
1588 987 1782 1060 qualuturas

73 1077 326 1151 perseveraverit,
355 1075 490 1133 babuerit
514 1080 663 1133 auctorem
690 1081 719 1134 et
740 1082 903 1135 antecessu·
959 1073 1085 1131 hareses
1112 1077 1335 1147 prenuntiabat,
1363 1077 1413 1133 sad
1430 1077 1464 1132 de
1487 1092 1546 1147 qua
1573 1075 1698 1132 hereses
1718 1093 1784 1148 prc-

72 1182 152 1223 rem.
182 1166 245 1222 lloo
269 1165 348 1222 enim
372 1166 460 1222 modo
492 1165 624 1222 Ecclesia
648 1167 813 1239 apostolica
838 1184 905 1224 cen·
960 1163 1787 1235 diemnt.Sednonlueruntexilla,exquolactaesunt

72 1271 129 1312 sua
147 1271 222 1311 suus
243 1255 408 1310 delerantz
435 1256 513 1310 sicut
536 1255 754 1328 smyrneorum
778 1256 907 1312 llcolesia
961 1253 1100 1309 adversus
1124 1253 1216 1311 illam.
1232 1254 1328 1310 Etiam
1352 1255 1387 1310 de
1410 1253 1490 1310 olive
1519 1252 1623 1310 nucleo
1649 1252 1739 1320 mitis,
1758 1257 1787 1310 ct

71 1344 195 1401 babens
210 1342 402 1417 Polycarpum
423 1344 460 1399 ab
475 1343 587 1399 loanue
600 1343 776 1400 collocatum
792 1347 904 1415 rciert;
961 1341 1080 1415 optimus
1106 1346 1134 1399 et
1157 1345 1338 1412 necessarie,
1364 1359 1449 1416 asper
1473 1343 1598 1399 oleaster
1625 1341 1755 1398 exoritur
1777 1358 1785 1397 ε

71 1433 160 1490 sicut
173 1433 376 1489 Romanorum
401 1431 613 1489 Clementema
636 1434 718 1490 Petro
738 1433 906 1490 ordinatum
961 1430 1050 1487 etiam
1066 1431 1103 1487 da
1117 1448 1260 1505 papavere
1281 1433 1327 1488 tici
1346 1431 1521 1505 gratissima
1540 1437 1567 1488 et
1591 1430 1784 1503 suavissima,

69 1522 162 1591 edit3
179 1522 301 1595 proinde
324 1521 427 1595 atique
449 1524 479 1578 et
501 1527 609 1579 catara
634 1522 751 1580 exibant
770 1541 844 1595 quos
871 1525 906 1580 ab
962 1522 1082 1576 ventosa
1097 1524 1125 1575 et
1140 1536 1212 1577 vana
1227 1520 1383 1593 caprificus
1398 1520 1538 1593 exsurgit.
1554 1523 1643 1576 itaet
1661 1519 1786 1577 hareses

70 1611 233 1685 sponsatis
258 1610 290 1666 in
313 1611 515 1684 episcopatum
539 1612 724 1681 constitutos,
755 1611 908 1685 apostolici
962 1608 1108 1664 danastro
1121 1608 1441 1681 fructificaverunt,non
1455 1610 1789 1682 nostrae,degeneresve-

73 1699 213 1758 aminis
226 1700 358 1757 traducas
377 1699 514 1756 habeant.
535 1699 709 1773 Confingant
723 1701 781 1757 tale
796 1700 907 1772 aliquid
962 1695 1058 1752 ritatis
1073 1712 1174 1769 grano,
1184 1701 1212 1753 et
1223 1697 1374 1753 mandacio
1386 1697 1552 1770 sylvestres.
1565 1719 1580 1749 a
1593 1695 1788 1755 Potuisstnaa

71 1788 226 1846 haretici.
240 1789 314 1855 Quid
331 1788 411 1845 enirn
423 1787 481 1844 sslis
496 1792 562 1861 post
580 1788 795 1861 blasphemiam
818 1788 907 1845 illici·
962 1785 1096 1854 Baronio,
1115 1782 1299 1851 bellarmino,
1311 1790 1340 1840 ct
1355 1785 1420 1842 aliis
1436 1787 1487 1857 qui
1504 1786 1639 1842 Domana
1655 1785 1788 1843 Ecclesia

72 1882 150 1934 tum
164 1877 300 1934 estissed
315 1878 370 1937 etsi
380 1877 583 1942 confinxerint,
596 1876 668 1933 nihil
684 1879 906 1950 promovebunt.
963 1872 1159 1930 addictissimi
1170 1873 1326 1945 habentur,
1341 1875 1461 1947 quidam
1475 1876 1510 1931 de
1522 1874 1573 1932 illa
1583 1880 1633 1932 aut
1651 1876 1788 1950 magnifl-

72 1968 150 2040 lpsa
164 1967 245 2023 enim
268 1966 400 2023 doctrina
415 1981 516 2022 eoram
532 1983 599 2022 cum
615 1966 773 2039 apostolica
790 1984 907 2040 compa·
963 1962 1078 2018 centius
1090 1966 1141 2018 aut
1157 1962 1302 2018 illustrius
1313 1963 1485 2036 praedicari?
1495 1963 1566 2031 Quis
1585 1965 1714 2021 crederet
1724 1964 1786 2022 hac

70 2059 148 2112 rata
159 2072 196 2111 ex
211 2054 379 2112 diversitate
393 2060 422 2111 et
444 2056 648 2111 contrarietate
661 2072 716 2112 aua
732 2057 905 2129 pronuntia·
961 2051 1095 2108 heretico
1106 2051 1258 2120 homini,et
1267 2053 1301 2107 ab
1313 2050 1441 2107 Ecclesia
1449 2051 1581 2108 Romana
1592 2052 1697 2109 extorri
1708 2052 1783 2110 axci-

68 2142 134 2208 bit,
155 2157 253 2213 neque
268 2141 399 2213 Apostoli
420 2140 546 2212 alicujus
562 2142 689 2198 auctoris
714 2159 789 2215 esse,
813 2160 907 2216 neque
961 2141 1030 2197 dere
1045 2140 1297 2214 potuisse,quibus
1312 2142 1551 2214 omncspoenitus
1568 2142 1783 2215 adversusejua

68 2228 249 2303 apostolici.
264 2229 340 2297 Quia
357 2229 435 2287 sicut
458 2229 588 2302 Apostoli
612 2247 670 2287 uon
696 2232 812 2288 diversa
831 2233 908 2289 inter
962 2230 1029 2285 dem
1059 2228 1192 2286 Ecclesia
1215 2229 1379 2286 doctrinam
1404 2229 1531 2287 hareses
1561 2221 1785 2304 profligantur?

68 2335 106 2376 as
123 2318 309 2389 docuissent,
321 2318 362 2375 ita
374 2322 404 2374 et
419 2319 569 2390 apostolici
585 2336 643 2376 non
660 2320 804 2377 contraria
818 2323 907 2394 Apos-
961 2319 1052 2374 Nemo
1069 2335 1202 2392 prorsus,
1217 2319 1268 2391 qui
1284 2336 1341 2375 nou
1365 2319 1521 2376 adverterit
1534 2320 1570 2375 ad
1585 2336 1619 2376 ea
1635 2337 1699 2394 quae
1714 2320 1786 2378 hac·

70 2405 149 2464 tulis
163 2407 338 2476 edidissent,
355 2408 413 2464 nisi
430 2407 473 2464 illi
488 2408 540 2479 qui
555 2409 591 2465 ab
607 2408 752 2480 apostolis
776 2411 907 2467 dcscivu·
961 2412 1047 2463 tenus
1062 2423 1096 2463 ex
1111 2408 1166 2464 hcc
1181 2412 1300 2464 auctore
1313 2408 1499 2478 deduximus,
1511 2426 1568 2466 non
1587 2409 1615 2465 id
1633 2408 1745 2466 scilicet
1757 2409 1787 2467 in
1888 2440 1901 2459 ι

70 2501 160 2567 runt,
187 2501 219 2553 ct
246 2496 332 2552 aliter
353 2497 593 2569 predicaverunt.
630 2499 673 2554 Ad
705 2498 780 2554 hanc
808 2499 907 2572 itaque
962 2496 1220 2555 mentemvcnissc
1236 2499 1530 2568 Montanistis,seob
1546 2512 1650 2555 novam
1666 2498 1788 2572 propbe-

71 2586 207 2643 lormam
219 2586 456 2658 provocabuntur
470 2586 506 2643 ab
522 2586 580 2643 illis
596 2586 745 2654 Ecclesia,
761 2604 826 2660 qus
840 2588 908 2644 licet
961 2589 1033 2644 tiam
1049 2603 1082 2642 ac
1097 2587 1282 2660 disciplinam
1301 2588 1336 2644 ab
1348 2587 1543 2645 Ecclesiarum
1559 2587 1786 2661 apostolicarum

72 2674 196 2731 nullum
208 2690 244 2730 cx
258 2673 463 2747 Apostolis,vel
477 2675 646 2748 apostolicis
662 2680 907 2733 auctoremsuum
962 2677 1169 2733 communione
1184 2677 1214 2731 in
1237 2676 1273 2732 iis
1298 2694 1363 2749 qua
1392 2677 1460 2732 tidei
1475 2680 1554 2746 sunt,
1582 2680 1611 2734 at
1635 2676 1787 2750 inquibus

73 2763 242 2838 proterant,
275 2767 310 2819 ut
344 2763 439 2820 multo
468 2766 654 2837 posteriores,
688 2782 751 2837 quaa
783 2766 908 2839 donique
964 2782 1082 2822 summa
1097 2765 1388 2839 vertiturreligionis,
1401 2766 1554 2822 excidisse.
1571 2768 1705 2823 Attamen
1717 2765 1786 2840 quia

74 2851 211 2924 quotidie
225 2852 434 2922 instituuntur,
448 2857 545 2909 tamen
560 2855 591 2910 in
606 2855 707 2911 eadem
724 2854 781 2911 lide
796 2855 908 2928 conspi-
963 2871 1021 2912 non
1036 2870 1139 2911 omncs
1157 2855 1359 2925 consentiunt,
1373 2855 1481 2911 librum
1506 2856 1541 2912 de
1557 2854 1786 2929 Praescriptioui-

75 2945 193 3010 mutes,
222 2957 282 2996 non
317 2939 417 2997 minus
447 2941 612 3014 apostolica
640 2944 819 3016 deputantur
856 2961 907 3016 pro
962 2941 1326 3011 busa'lcrtulian0,dum
1342 2944 1419 3000 inter
1433 2943 1597 3001 Catholicae
1612 2947 1786 3015 versaretur,

76 3030 341 3103 musanguiuitate
360 3030 509 3086 doctrina.
528 3032 570 3086 lta
593 3049 693 3089 omncs
718 3032 842 3090 hareses
871 3036 907 3091 ad
962 3045 1020 3084 non
1050 3028 1141 3085 luisse
1163 3029 1371 3102 compositum,
1388 3031 1495 3087 addam
1525 3048 1560 3088 ex
1582 3029 1633 3087 lib.
1657 3049 1685 3087 1v
1711 3037 1789 3090 cont.

77 3124 239 3191 utramque
268 3118 394 3175 formam
419 3136 436 3174 a
464 3120 573 3176 nostris
592 3121 728 3178 llcclesiis
748 3128 907 3195 provocatae
964 3117 1115 3186 Marcion,
1154 3135 1242 3190 quem
1272 3124 1397 3189 constat,
1428 3124 1585 3193 postquam
1623 3120 1788 3178 simultates

77 3209 255 3282 prebentes
277 3224 397 3280 quaqua
421 3213 525 3280 putant
546 3211 730 3282 apostolicas.
755 3213 810 3268 Sed
835 3214 907 3269 adeo
923 3182 945 3250 C
964 3223 1031 3265 cum
1048 3206 1207 3280 psychicis,
1224 3211 1257 3263 ut
1270 3208 1310 3264 ait
1334 3209 1402 3281 (70),
1422 3209 1529 3266 habere
1544 3214 1680 3284 creperet,
1696 3211 1786 3268 luisse

78 3315 133 3355 nec
148 3302 231 3367 suut,
258 3314 312 3354 nec
333 3302 459 3370 possunt
486 3298 610 3370 probare
635 3302 712 3372 quod
738 3307 904 3371 nonsunt3
961 3296 997 3354 ab
1013 3314 1046 3353 eo
1061 3297 1279 3367 concinnatum,
1295 3297 1392 3354 simile
1406 3299 1441 3354 da
1456 3299 1591 3355 Ecclesiis
1606 3299 1784 3373 apostolicis,

79 3405 133 3445 nec
149 3388 337 3460 recipiuntur
348 3387 379 3442 in
393 3404 505 3461 pacem,
523 3393 552 3444 et
566 3389 594 3443 in
610 3391 905 3447 communicationem
961 3391 990 3442 et
1018 3387 1176 3458 prasertim
1205 3386 1356 3454 Romana,
1385 3387 1588 3445 testimonium
1618 3388 1784 3445 adulterum

78 3479 116 3534 ab
131 3476 272 3533 Ecclesiis
286 3492 403 3548 quoquo
424 3477 511 3533 modo
536 3477 715 3550 apostolicis,
742 3480 855 3537 scilicet
870 3481 907 3536 ob
961 3470 1073 3532 scilicet
1091 3479 1119 3530 et
1142 3474 1312 3531 hereticum
1327 3492 1391 3533 esse
1414 3478 1580 3534 habendum
1596 3477 1738 3551 quidquid
1754 3476 1784 3534 in

79 3567 282 3622 diversitatem
298 3567 472 3622 sacramenti
501 3565 582 3623 nullo
598 3568 873 3641 modoapostolicae‚
890 3589 907 3622 s
961 3563 1130 3620 rebusfidai
1146 3564 1297 3620 abearum
1318 3565 1473 3622 traditione
1493 3567 1613 3638 recedit,
1643 3571 1672 3623 et
1690 3570 1784 3622 extra·

80 3655 135 3712 Sed
150 3653 228 3711 nihil
244 3654 423 3711 luculentius
443 3655 490 3723 iis,
515 3671 579 3726 que
596 3673 653 3712 non
678 3658 770 3714 multo
784 3658 907 3715 interius
962 3668 1048 3708 neum
1065 3668 1130 3708 etse
1152 3652 1381 3710 existimandum
1405 3655 1547 3729 quidquld
1564 3672 1630 3712 cum
1653 3655 1712 3712 illis
1727 3672 1785 3712 non

79 3745 116 3802 dc
130 3743 292 3818 precipuis
306 3743 442 3800 Ecclesiis
456 3743 624 3817 apostolicis
639 3749 668 3802 et
682 3747 843 3818 prasertim
855 3747 906 3804 Ro·
962 3741 992 3796 in
1008 3757 1067 3795 una
1081 3742 1243 3816 eademque
1254 3742 1311 3799 fide
1326 3744 1525 3801 communicat
1535 3745 1591 3818 (71.
1602 3768 1616 3796 «
1626 3746 1658 3802 ln
1669 3761 1788 3802 summa

80 3850 182 3901 mana,
197 3831 320 3890 disserit
332 3832 362 3888 in
376 3832 437 3890 hac
451 3833 540 3890 verba
554 3835 611 3906 (69)
637 3852 644 3890 z
670 3836 755 3907 «Age
767 3836 842 3906 Jam,
857 3835 907 3908 qui
962 3829 987 3886 si
1003 3833 1127 3901 constat,
1143 3830 1172 3886 id
1187 3832 1284 3888 verius
1305 3833 1383 3905 quod
1408 3835 1500 3905 prius,
1520 3834 1549 3889 id
1565 3835 1648 3906 prins
1664 3834 1741 3907 quod
1757 3837 1786 3890 ct

79 3923 159 3981 voles
174 3923 379 3980 curiositatem
393 3921 499 3979 melius
514 3923 685 3979 exercerein
697 3924 812 3996 negotio
827 3923 907 3981 salu·
962 3919 999 3974 ab
1013 3918 1107 3986 initio,
1126 3920 1162 3975 ab
1177 3920 1259 3976 initio
1283 3923 1360 3994 quod
1376 3923 1412 3978 ab
1427 3923 1585 3996 Apostolis,
1600 3922 1709 3996 pariter
1721 3923 1785 3979 uti·
1862 3955 1864 3966 ›

81 4011 205 4079 tistuas,
220 4027 359 4084 percurre
377 4011 522 4068 Ecclesiae
537 4012 722 4085 apostolicas,
739 4014 816 4085 apud
834 4032 907 4087 quas
962 4024 1019 4080 que
1044 4009 1198 4078 constabit·
1219 4027 1283 4067 0⁸80
1307 4013 1343 4068 &b
1366 4012 1514 4085 Apostolis
1542 4012 1681 4069 traditum
1705 4012 1783 4085 quod

81 4101 152 4174 ipse
168 4102 268 4159 adhuc
282 4100 426 4158 cathedra
449 4100 654 4172 Apostolorum
671 4102 733 4158 suis
747 4101 819 4158 locis
834 4120 907 4174 pras-
962 4097 1039 4169 apud
1056 4099 1199 4156 Ecclesias
1214 4099 1418 4172 Apostolorum
1444 4103 1531 4159 luerit
1550 4106 1781 4159 sacrosanctum.
1860 4167 1864 4176 ,

82 4192 227 4259 sidentur,
239 4191 318 4266 apud
334 4190 488 4264 quaeipsae
504 4191 677 4247 authenticae
689 4192 791 4248 littera
806 4209 906 4249 eorum
961 4187 1121 4244 Videamus
1135 4190 1213 4260 quod
1235 4189 1279 4246 lac
1303 4208 1320 4246 a
1344 4190 1432 4247 Paulo
1455 4191 1594 4249 Corinthii
1611 4191 1761 4248 hauserint
1775 4209 1782 4260 ;

82 4281 256 4348 recitantur,
271 4285 410 4337 sonantes
424 4295 536 4347 vocam,
553 4284 582 4336 et
605 4287 848 4354 repraesentantes
866 4283 907 4338 ia·
962 4278 998 4333 ad
1023 4295 1112 4350 quam
1139 4278 1270 4352 regulam
1301 4279 1410 4336 Galatae
1437 4280 1497 4336 sint
1524 4280 1695 4348 recorrecti3
1712 4279 1785 4352 quid

82 4368 412 4441 cismuniuscujusque.
424 4369 558 4426 Proxima
568 4369 674 4425 esttibi
689 4369 807 4441 Achaia,
817 4369 907 4428 babes
962 4365 1061 4440 legant
1089 4366 1302 4440 Philippenses,
1335 4368 1621 4436 Thessalonicenses,
1646 4367 1761 4441 Ephesii
1775 4386 1784 4437 ;

86 4456 907 4530 Corinthum-‘sinonlongousuMacedonia,habesti·
962 4455 1032 4528 quid
1062 4456 1150 4512 etiam
1181 4457 1304 4513 Romani
1328 4459 1363 4514 de
1387 4458 1519 4530 proximo
1545 4461 1661 4527 sonent,
1677 4457 1786 4530 quibus

85 4545 192 4621 lippos,
205 4547 298 4603 babes
321 4545 606 4603 Thessalonicenses.
623 4547 652 4603 Si
667 4552 750 4619 potes
765 4548 795 4603 in
811 4547 909 4605 Asiam
925 4552 949 4619 Ι)
964 4545 1153 4619 Evangelium
1174 4551 1203 4602 et
1217 4550 1321 4601 Petrus
1340 4550 1369 4602 ct
1383 4546 1492 4603 Paulus
1507 4546 1651 4620 sanguine
1667 4563 1785 4622 quoquc

83 4637 215 4704 tendere,
231 4636 323 4692 habes
338 4635 549 4708 llpbesum3si
564 4639 661 4692 autem
675 4635 763 4692 ltalia
779 4637 907 4709 adjaces,
963 4651 1016 4690 suo
1046 4636 1193 4707 signatum
1222 4634 1413 4706 reliquerunt.
1443 4636 1591 4692 Habemus
1611 4641 1640 4694 at
1663 4635 1784 4694 loannis

84 4725 177 4783 habes
191 4727 326 4795 Romam,
343 4725 421 4782 unde
435 4724 520 4780 nobis
535 4741 650 4797 quoque
666 4725 822 4782 auctoritas
837 4743 909 4799 prm·
962 4722 1096 4779 alumnas
1124 4724 1277 4780 Ecclesias.
1306 4723 1379 4780 Nam
1399 4725 1468 4781 etsi
1489 4725 1690 4800 Apocalypsim
1720 4728 1784 4800 ejus

84 4820 129 4873 sto
144 4819 213 4872 est:
230 4819 309 4873 statu
320 4814 388 4872 felix
401 4813 541 4886 Ecclesia,
552 4814 598 4870 cui
613 4817 704 4870 totam
715 4815 844 4886 Apostoli
856 4816 907 4872 dc·
961 4812 1088 4869 Marcion
1105 4814 1225 4886 respuit,
1242 4813 1312 4869 ordo
1337 4816 1435 4871 tamen
1452 4815 1655 4889 episcoporum
1672 4817 1707 4872 ad
1723 4816 1783 4871 ori-

84 4907 210 4964 ctrinam
220 4922 290 4962 cum
306 4904 450 4979 sanguine
465 4921 517 4961 auo
527 4904 728 4975 profuderunt,
743 4903 792 4960 ubi
804 4908 908 4962 Petrus
963 4903 1060 4976 ginem
1076 4919 1222 4969 recensus,
1254 4902 1283 4958 in
1297 4903 1313 4959 J
1317 4920 1442 4960 oannem
1456 4904 1546 4961 stabit
1560 4909 1719 4962 auctorem.
1735 4902 1782 4959 Sic

83 4995 216 5070 passioni
231 4994 384 5052 dominice
396 4993 584 5065 adaequatur;
599 4993 648 5049 ubi
664 4992 772 5049 Paulus
786 4993 908 5052 loannis
962 4996 991 5048 et
1005 4996 1176 5048 caeterarum
1187 4993 1367 5065 generositas
1378 4993 1676 5066 recognoscitur.ltico
1687 4993 1785 5063 itaque

84 5087 164 5143 exitu
187 5089 361 5154 coronatur;
382 5081 599 5155 ubiapostolus
622 5082 761 5148 loannes,
792 5088 907 5156 postea·
962 5083 1040 5154 apud
1057 5081 1133 5153 illas,
1163 5098 1216 5138 nec
1241 5081 1393 5152 solasJam
1423 5081 1611 5156 apostolicas,
1631 5080 1690 5145 ,sed
1706 5080 1785 5152 apud

83 5192 174 5250 quam
187 5175 218 5231 in
233 5174 329 5231 oleum
341 5172 461 5248 igneum
477 5172 639 5240 demersus,
652 5171 725 5228 nihil
737 5175 908 5243 pausasset,
962 5171 1114 5227 universas
1130 5187 1191 5242 quae
1207 5170 1266 5226 illis
1281 5171 1317 5225 de
1332 5171 1470 5227 societate
1486 5168 1660 5226 sacramenti
1675 5168 1746 5226 conl
1772 5199 1785 5210 -

84 5265 113 5321 in
129 5263 259 5321 insulam
275 5262 432 5337 relegatur.
447 5261 608 5318 Videamus
623 5261 693 5333 quid
710 5259 826 5327 dixerit,
837 5261 908 5333 quid
962 5261 1110 5329 derantur,
1127 5259 1156 5314 id
1173 5257 1359 5332 llvangclium
1375 5260 1455 5315 Luce
1481 5260 1517 5314 ab
1541 5256 1624 5313 initio
1645 5257 1784 5315 editionis

84 5354 227 5424 docuerit,
235 5351 305 5425 quid
321 5367 389 5409 cum
405 5351 550 5407 africanis
566 5367 683 5423 quoque
696 5348 833 5407 Ecclesiis
843 5367 910 5407 con·
962 5353 1041 5407 stare
1066 5349 1225 5421 quodcum
1245 5348 1369 5404 marimo
1385 5353 1511 5403 tuemur,
1528 5366 1542 5395 a
1561 5346 1627 5404 llaec
1642 5348 1782 5421 proiecto,

85 5443 257 5501 tesserarit:
276 5458 369 5497 unum
384 5440 571 5498 Deumncvit
590 5439 907 5497 creatorcmuniversi·
962 5443 991 5496 ct
1015 5439 1062 5496 his
1091 5437 1198 5494 similia
1214 5455 1278 5510 quas
1292 5438 1368 5508 apud
1389 5453 1455 5492 eum
1486 5435 1597 5509 passim
1625 5441 1784 5499 occurrunt

119 5589 258 5714 (timcap.
276 5586 320 5642 36.
999 5584 1053 5656 y7l)
1069 5582 1137 5654 dap.
1152 5581 1179 5634 5.

118 5661 177 5732 (70)
192 5659 228 5714 Vi
253 5700 260 5715 .
276 5674 339 5730 cap.
355 5655 400 5711 23.
