3892 6104
110 284 189 349 {cac
583 286 685 351 stas
706 288 745 350 ll.
762 318 801 334 —
817 286 1101 353 nucnnrtottbbt
1122 286 1340 354 excitastis.
1735 294 1814 357 1326
1864 332 1876 361 .-
1918 236 1945 337 '³'

108 416 936 493 siastiearumcontemptorastraditionum‚quiperieulo
951 421 978 490 Α
993 419 1149 478 concilium
1164 421 1228 495 (seu
1250 419 1419 480 Arelatense
1447 438 1511 482 can.
1539 424 1567 491 8,
1590 438 1643 481 sau
1664 422 1815 483 Nicanum
1836 422 1841 427 '
1924 450 1944 495 ·,

108 524 140 566 se
155 507 353 579 committant,
369 525 436 566 cum
447 510 590 583 speciosis
605 510 802 583 quisbusdam
814 510 934 568 rationi·
988 510 1058 568 item
1074 528 1138 569 can.
1155 511 1183 585 8)
1199 510 1400 584 confirmavit3
1427 512 1484 570 buc
1509 512 1629 586 accedit,
1654 514 1733 588 quod
1750 530 1816 588 par·
1905 526 1921 531 ''

108 597 166 656 bus
194 598 344 667 humanis,
369 598 415 655 vel
440 599 528 656 etium
552 599 590 656 iis
613 616 735 674 prorsus
759 599 935 669 destituite
989 600 1099 673 spectia
1113 617 1148 657 ex
1162 600 1381 675 utroquelatere
1397 600 1605 677 disputationis
1617 601 1779 661 rationibus
1788 606 1818 662 et
1907 674 1910 679 ¹
1938 626 1941 633 ¹

110 686 374 745 consuetudinibus
389 687 419 744 in
434 688 689 761 Ecclesiasssemper
702 688 826 763 receptis
836 693 937 747 etstu·
991 689 1209 762 Scripturarum
1223 690 1412 759 testimoniis,
1425 694 1521 765 potest
1535 690 1622 750 etiam
1637 690 1694 749 dici
1709 708 1717 749 s
1734 692 1816 758 Quod

111 778 368 836 diosecbservatis
391 778 525 835 recedere
547 794 604 834 non
629 783 774 835 verentur.
799 779 828 834 Si
848 779 937 836 etiam
991 778 1097 836 veritas
1117 779 1283 852 declaravit,
1305 779 1360 838 hcc
1375 780 1536 855 sequimur.
1557 804 1572 833 a
1596 781 1720 839 Miratur
1748 779 1818 840 alibi
1880 779 1918 825 -’

111 865 270 941 aliquando
282 884 299 923 a
313 884 436 925 summae
453 867 620 925 sanctitatis
647 873 735 941 atque
756 867 937 926 auctoritatis
991 869 1188 942 Augustinus,
1208 869 1303 926 ethcc
1317 886 1384 929 vere
1398 870 1593 929 admiratione
1613 871 1737 945 dignum
1759 874 1815 942 est,
1939 894 1943 929 z

110 956 181 1014 viria
197 956 366 1031 impugnari
380 956 475 1031 potuit
490 957 636 1014 constanti
647 957 803 1015 traditione
819 961 939 1031 accepta
992 958 1070 1030 quod
1087 957 1247 1016 Petilianus
1262 958 1424 1028 Donatista,
1435 975 1504 1016 cum
1519 958 1653 1034 Cypriani
1668 960 1704 1017 de
1720 959 1817 1033 bapti·
1851 1006 1855 1013 .
1941 1008 1945 1019 .

110 1046 244 1103 Ecclesia
260 1046 344 1114 tides,
371 1062 389 1102 a
412 1045 492 1103 nullo
518 1063 650 1119 unquam
680 1047 774 1120 potnit
793 1048 936 1120 superari.
991 1063 1055 1104 emo
1071 1048 1247 1105 sententiam
1261 1047 1396 1106 laudaret
1410 1065 1443 1106 ac
1465 1054 1650 1123 sequeretur,
1670 1047 1819 1107 nihilomi·
1928 1068 1941 1083 ··

109 1135 138 1191 Si
152 1153 212 1192 aevo
227 1152 292 1203 suo,
304 1151 372 1191 cum
387 1134 469 1193 nulla
483 1135 649 1209 legerentur
663 1134 778 1193 concilii
793 1136 937 1210 generalis
992 1136 1239 1210 nusStephanum
1253 1136 1330 1194 inter
1350 1154 1400 1195 eos
1422 1137 1659 1197 commemorarit
1680 1139 1817 1198 Romana
1903 1189 1912 1201 .,
1928 1122 1939 1153 ’“

108 1225 236 1294 decreta,
247 1224 409 1298 Cyprianus
423 1225 563 1283 adversus
578 1225 762 1300 Stephanum
776 1225 935 1284 clamavit:
991 1225 1126 1283 Ecclesiae
1148 1225 1299 1299 presules,
1318 1243 1421 1299 squoa
1445 1225 1591 1284 illibatum
1615 1227 1817 1301 episcopatum
1879 1228 1882 1233 ’

110 1313 373 1387 «Necquisquam
395 1314 594 1382 dicattouod
619 1316 786 1389 accepimus
809 1316 845 1373 ab
871 1332 939 1390 apo·
992 1314 1120 1389 gessisse
1134 1315 1287 1372 consessus
1302 1318 1357 1372 est.
1374 1336 1388 1366 o
1400 1314 1589 1373 llanimirum
1601 1319 1647 1373 est
1660 1314 1819 1375 deserite·
1884 1338 1890 1351 ·

107 1400 203 1472 stolis,
218 1402 274 1460 hoc
289 1402 441 1476 sequimur
465 1420 472 1459 :
497 1410 618 1474 quanto,
644 1403 742 1478 inquit
756 1404 938 1479 Augustinus
992 1404 1041 1477 tis,
1058 1408 1091 1461 ut
1105 1403 1253 1461 interdum
1275 1403 1362 1461 etiam
1378 1403 1416 1462 ab
1429 1403 1602 1462 advertariia
1620 1404 1683 1463 auis
1702 1419 1819 1480 aquam

108 1491 189 1565 (tcto.
206 1491 259 1548 lib.
275 1509 312 1561 ιν,
328 1508 353 1548 c.
369 1490 409 1565 6),
421 1492 571 1550 robustius
590 1510 668 1550 nnnc
688 1492 838 1551 dicimus:
856 1493 937 1560 Quod
991 1493 1195 1552 testimonium
1224 1496 1407 1563 extorqueat.
1422 1493 1492 1552 Post
1518 1493 1691 1566 huiusmodi
1720 1496 1819 1553 autam
1939 1497 1945 1555 ,’

107 1580 244 1638 Ecclesia
272 1581 935 1656 consuetudosempertcnuit,quodboecdis·
990 1581 1194 1640 testimonium
1221 1580 1394 1656 quisullam
1420 1581 1452 1640 in
1479 1582 1618 1657 stephani
1642 1582 1700 1642 ilde
1720 1581 1818 1642 labem

109 1669 224 1743 putatio
239 1670 407 1728 discindere
422 1688 480 1729 nou
496 1670 602 1745 potuit,
624 1675 653 1730 et
675 1672 752 1745 quod
772 1671 938 1747 plenarium
992 1672 1177 1746 auspicetur?

431 2215 950 2352 Abttouttls
994 2217 1491 2367 nobilitati,

709 2468 896 2527 Nontsatuo
914 2469 1086 2530 CYPRthl
1105 2469 1219 2529 lacto

200 2650 225 2709 Α
261 2647 491 2719 QUIBUSDAM
526 2650 761 2715 NEO'l'lllthlS
796 2651 1038 2730 lNPUGer'l'A,
1071 2654 1146 2716 SED
1177 2656 1203 2717 A
1233 2652 1545 2719 saetanutsslttls
1577 2654 1734 2720 settled

651 2841 874 2905 rfluotouls
901 2841 1043 2905 sotlec
1064 2840 1280 2905 vinulenta

449 3030 655 3096 accuser
671 3006 961 3094 arscennene
979 3029 1489 3100 cranenco-nocuerint.

861 3219 960 3293 (iven.
974 3218 1068 3293 1740.)

749 3560 1180 3657 PRAEFATIO.

145 4027 233 4085 Varia
246 4027 323 4085 inter
337 4027 510 4100 argumenta
537 4041 600 4098 qua
623 4024 659 4082 ad
683 4039 763 4081 nova
787 4021 936 4096 opinionis
950 4025 974 4093 Β
988 4038 1053 4081 cam
1074 4021 1313 4097 splendidissimo
1328 4024 1463 4084 decimis
1487 4026 1629 4086 Alricana
1649 4024 1757 4087 lumini
1770 4028 1818 4086 iu·

109 4119 309 4196 patrocinium
323 4135 359 4177 ex
371 4115 523 4175 vetustiori
538 4116 627 4173 etiam
647 4115 820 4189 antiquitate
838 4118 940 4172 extuu·
992 4111 1105 4170 sedisse
1126 4112 1281 4186 pontilicis
1305 4114 1471 4173 inerrantia
1494 4117 1681 4190 seutentiam,
1706 4117 1753 4177 cni
1776 4122 1820 4178 tot

111 4211 181 4268 dere
196 4209 293 4267 conati
316 4211 387 4266 sunt
401 4206 539 4264 neoterici
555 4205 686 4279 quidam,
699 4206 838 4263 Romanas
851 4202 938 4261 inial-
993 4217 1131 4276 nuperos,
1148 4203 1283 4276 utaiuut,
1293 4206 1431 4262 Romane
1445 4204 1532 4263 curie
1548 4205 1696 4264 adulteres
1710 4206 1820 4267 sordre

108 4298 261 4356 libilitatis
287 4297 397 4366 hostes,
414 4294 541 4367 nullum,
562 4294 675 4369 opinor,
698 4295 840 4352 famosius
861 4293 938 4366 apud
993 4307 1051 4348 nou
1067 4291 1165 4364 pudet.

108 4388 192 4463 ipsos
206 4405 240 4446 ac
255 4387 438 4460 frequentius
453 4402 542 4458 quam
558 4385 648 4458 quod,
660 4402 693 4442 es
705 4384 775 4442 trito
790 4384 940 4458 pervulga·
1028 4380 1135 4437 Mirum
1151 4381 1282 4454 proiecto
1294 4383 1372 4457 quod
1389 4388 1447 4440 tam
1462 4382 1604 4454 validum,
1614 4388 1674 4442 tam
1687 4384 1818 4456 evidens,

107 4482 200 4551 toque
210 4479 241 4535 S.
257 4476 431 4552 cyprianum
445 4475 521 4531 inter
534 4478 563 4531 et
575 4474 603 4530 S.
620 4472 805 4548 Stephanum
830 4475 939 4530 itoma-
993 4470 1156 4543 etquidem
1170 4485 1207 4527 ex
1221 4471 1359 4543 primeva
1373 4472 1545 4546 antiquitate
1556 4475 1761 4549 depromptum
1771 4494 1819 4535 ar·
1935 4528 1945 4563 ·.

110 4585 185 4626 num
200 4566 369 4641 pontificem
383 4565 413 4622 in
427 4564 528 4623 1276
558 4580 648 4620 causa
671 4563 856 4636 baptismatis
879 4562 939 4620 has·
993 4562 1178 4632 gumentum,
1207 4559 1321 4634 primos
1339 4577 1372 4618 ac
1395 4561 1568 4620 celebriores
1595 4564 1740 4639 effugerit,
1767 4566 1821 4642 qul
1926 4560 1940 4617 '-

109 4657 271 4715 reticorum
281 4654 406 4713 dissidio
418 4669 520 4711 cruere
535 4652 764 4726 cogitarunt.lln
779 4655 939 4725 perpetuus
993 4663 1152 4722 supremam
1179 4654 1306 4708 evertere
1336 4649 1460 4708 Romani
1487 4652 1636 4712 Pontificis
1664 4656 1822 4715 auctorita·
1887 4686 1890 4691 ·
1941 4670 1945 4679 ·

108 4747 232 4805 illorum
245 4763 340 4821 equus
355 4743 487 4813 bellatur,
501 4742 705 4816 praecipuaque
720 4741 939 4816 machinaque
992 4740 1052 4795 tem
1068 4737 1199 4812 aggressi
1210 4743 1297 4810 snnt;
1312 4738 1472 4799 Geraouam
1487 4741 1564 4813 dico,
1577 4741 1757 4814 Almainum,
1771 4744 1820 4803 at·
1941 4742 1945 4749 '

109 4837 143 4895 in
173 4854 288 4895 sacram
317 4837 517 4893 Romanorum
535 4832 709 4890 Pontificum
735 4832 938 4890 auctoritatem
994 4827 1139 4896 aberium,
1163 4827 1313 4902 Malorum,
1329 4828 1725 4906 aliosquepaucosistorum
1740 4848 1821 4893 ccm-
1937 4824 1945 4865 ·‘

109 4926 250 4985 erierant.
261 4925 336 4981 lllud
343 4926 560 4996 argumentum,
570 4920 936 4994 quomaximeglorientur,
996 4915 1144 4976 militones
1159 4916 1220 4992 qul,
1236 4918 1273 4975 ad
1288 4918 1430 4977 secutum
1441 4921 1820 4996 usqueproximeelapsum
1934 4914 1945 4973 ἶ

110 5015 290 5087 scriptorum
305 5030 427 5070 suorum
449 5011 558 5084 ubique
581 5016 707 5083 versant,
732 5015 882 5068 ostentant
905 5028 938 5069 sc
995 5006 1375 5081 pontiliciaminerrantiam
1391 5008 1822 5084 scriptisimpngnaruut,quc·

110 5099 938 5175 urgerenoncessant.'lctilludmodisexponuuttotqno,
994 5115 1060 5156 rum
1076 5097 1198 5170 nemini,
1209 5098 1400 5170 quodecim,
1412 5100 1632 5173 unquamveuit
1645 5101 1675 5157 in
1691 5103 1821 5159 mentun
1934 5111 1941 5190 ¹.

110 5196 277 5267 opportuna
292 5192 460 5264 importune
481 5188 553 5247 locis
568 5188 735 5257 intrudunt,
752 5194 785 5245 ut
799 5189 940 5260 majorem
993 5188 1049 5245 hoc
1064 5186 1198 5261 Cypriani
1213 5187 1371 5244 dissidium
1387 5189 1423 5245 nd
1444 5204 1509 5246 eam
1529 5188 1729 5263 impetendam
1744 5188 1819 5249 alle·
1930 5246 1933 5251 .

111 5297 193 5355 sape
205 5280 623 5353 voluminispnrtemoccupet.
634 5277 749 5334 Diceres
759 5277 939 5351 pontificiam
993 5275 1121 5350 garevcl
1136 5275 1274 5350 prolerre.
1289 5275 1367 5333 Num
1389 5276 1448 5335 illis
1473 5278 1574 5350 ignota
1598 5282 1660 5337 tam
1683 5277 1818 5353 octobris,

112 5370 321 5431 auctoritatem
332 5369 461 5428 cumboc
469 5365 733 5442 Cyprianidisaidio
743 5367 815 5424 adeo
822 5384 937 5440 nesam,
954 5399 976 5467 G
994 5372 1055 5425 tam
1070 5364 1178 5440 ubique
1207 5369 1276 5423 ncta
1294 5367 1464 5425 contentio?
1485 5367 1561 5425 Suos
1583 5371 1662 5426 certe
1681 5367 1821 5430 neoterici

110 5466 149 5522 nt
161 5462 198 5517 dc
212 5476 246 5517 ea
261 5460 324 5517 siue
336 5460 392 5517 isto
415 5457 495 5530 loqui
521 5457 567 5514 vol
590 5454 679 5513 scribi
698 5473 756 5513 ιιι
781 5455 885 5530 possit.
901 5462 940 5514 At
995 5458 1088 5517 nostri
1104 5458 1262 5532 magistros
1279 5458 1315 5516 de
1329 5463 1392 5516 tam
1406 5458 1514 5533 supina
1538 5458 1704 5534 ignorantia
1718 5467 1820 5537 postu·
1906 5508 1911 5513 .
1936 5522 1940 5529 ,

111 5552 194 5611 enim
207 5565 260 5605 cur
272 5566 330 5606 ιιι
344 5549 560 5615 itacentercnt,
584 5544 633 5617 qui
647 5561 682 5602 ex
696 5544 783 5603 unico
800 5545 939 5621 Cypriani
993 5547 1048 5607 lari
1063 5565 1121 5606 non
1141 5550 1321 5622 paterentur.
1341 5547 1487 5607 Noverunt
1508 5549 1662 5609 Sorbcnici
1685 5552 1820 5613 ducturas
1931 5544 1945 5623 ,⁴¹

112 5641 192 5705 iactu
206 5637 344 5699 caemar
357 5656 391 5698 ac
412 5636 565 5698 necessarie
584 5635 668 5713 acqui
683 5634 865 5697 contendunt
879 5652 938 5696 non
992 5636 1072 5715 quod
1086 5636 1135 5697 vix
1155 5634 1284 5713 aliquem
1298 5634 1452 5715 theologia
1470 5634 1518 5698 vel
1531 5635 1663 5701 historica
1677 5644 1820 5721 tyruncu-
