3892 6104
1641 48 1645 55 '
1702 52 1709 60 ·
1768 39 1860 80 “”Τ“·.“

129 298 209 359 1287
657 292 710 355 DE
731 290 1031 355 HAERETIGORUM
1052 292 1320 357 BAP'l'lSMX'l'b.
1760 294 1824 361 m

123 426 214 482 nolim
226 424 347 482 indubie
357 423 482 497 explodi.
496 424 598 481 Sobria
608 427 637 480 et
649 424 799 497 sapienter
808 440 862 481 suo
873 438 953 480 more
966 424 996 491 Α
1008 420 1083 497 legis
1098 426 1212 497 copiam
1234 426 1345 497 fecerit,
1360 428 1412 482 eut
1432 422 1630 499 patrocinium
1644 425 1825 500 adomarerit,

122 517 307 587 Augustinus
321 512 341 569 l.
356 514 529 585 rr,flellnpt.
542 521 629 569 contr.
645 514 822 571 hennensi
838 514 955 570 Petrum
1010 518 1124 570 utente
1144 515 1301 571 concilium
1326 514 1492 589 plenarium
1516 530 1576 571 nou
1607 514 1823 587 acquiescerent.

122 602 224 660 laudat
245 609 275 661 et
299 603 438 677 praedicat
463 602 628 675 Cyprianus
651 604 687 661 sb
713 620 772 660 uno
796 602 957 675 posteriore
1011 603 1124 675 Ingenti
1138 604 1216 659 euim
1233 620 1353 676 prorsus
1369 604 1413 659 hc
1428 604 1607 676 questiones
1621 602 1735 660 distant
1749 604 1825 662 iuter·

126 693 239 767 collega
255 697 389 766 patenter
398 692 638 764 concorditerque
653 698 830 760 correctnm;
845 696 956 763 quantu
1010 692 1096 747 vallo.
1114 693 1164 749 llic
1177 693 1213 749 ad
1236 694 1336 759 fidem,
1352 693 1413 749 bec
1437 693 1473 749 sd
1497 692 1729 750 consuetudines
1744 696 1827 767 mega

127 782 217 839 citius
236 782 299 854 ipse
323 798 390 837 oum
417 780 539 837 concilio
564 782 718 854 provincie
742 799 813 853 suu,
828 780 956 850 universi
1010 781 1145 838 Ecclesia
1169 782 1304 855 pertinet.
1322 783 1352 837 ln
1369 782 1513 837 unitatem
1537 782 1605 838 fidei
1622 783 1777 839 concinere
1789 800 1828 841 ue·

127 872 207 929 orbis
240 872 429 935 auctoritate,
458 870 580 927 veritate
608 872 767 943 patefacta,
796 870 957 927 cessisset?
1011 876 1189 927 cessumest
1211 870 1830 929 fidelesnecesse:hildedevisutibusnil

127 962 201 1029 Quia
217 960 345 1035 profecto
360 961 463 1019 1217
484 965 513 1017 ct
529 962 578 1016 uui
604 978 704 1017 verum
720 961 829 1017 dicenti
854 968 883 1017 et
907 962 957 1017 de·
1010 961 1101 1017 vcuie
1112 964 1257 1033 superest,
1265 960 1323 1017 uisi
1334 960 1437 1017 1288
1449 962 1532 1015 reoloe
1543 960 1645 1016 orbita
1658 974 1691 1017 se
1701 958 1832 1015 reddant:

126 1050 303 1108 monstranti
320 1056 420 1122 posset
440 1049 578 1105 facillime
593 1051 759 1107 consentire
778 1054 839 1106 tarn
856 1052 958 1106 sancta
1012 1068 1029 1105 a
1044 1049 1292 1106 consuetudinum
1308 1053 1388 1105 recto
1410 1048 1529 1104 tramite
1551 1047 1736 1104 declinantes
1749 1065 1781 1105 ex
1793 1064 1836 1105 re·

126 1140 236 1209 anima,
252 1145 312 1195 tam
328 1142 442 1212 pacata.
453 1139 489 1194 ut
505 1140 628 1196 fortasse
641 1138 751 1195 facturn
768 1144 823 1207 est,
841 1139 891 1195 sed
907 1155 957 1195 ne·
1012 1138 1062 1194 niu
1077 1154 1205 1211 persaepe
1228 1138 1399 1194 tolerantur.
1416 1136 1468 1193 Hic
1484 1136 1582 1205 hebet,
1598 1135 1660 1193 illic
1682 1136 1838 1194 nonhabet

126 1230 247 1287 scimus.
258 1228 358 1301 Neque
372 1228 450 1285 enim
466 1228 566 1284 omnia
581 1246 645 1300 qun
660 1229 688 1284 in
705 1228 755 1285 illo
771 1236 902 1301 tempore
916 1228 959 1283 in·
1011 1226 1107 1283 locum
1133 1226 1324 1299 dispensatio.
1341 1226 1474 1283 definite
1496 1225 1589 1281 semel
1612 1226 1682 1281 fldsi
1711 1226 1838 1299 derogari

124 1322 170 1375 ter
183 1318 338 1391 episcopos
353 1322 434 1391 gesta
448 1320 517 1373 sunt
531 1318 681 1373 memoriae
696 1317 860 1389 litterisque
876 1333 958 1371 man.
1012 1316 1149 1390 deinceps
1164 1332 1316 1389 nunquam
1332 1321 1361 1372 et
1375 1331 1522 1387 nusquam
1539 1319 1654 1386 potest:
1672 1314 1837 1371 constitutas

125 1408 188 1465 deri
205 1411 364 1481 potuerunt
379 1424 386 1462 :
403 1408 567 1463 autumnis
583 1423 649 1478 quse
667 1407 805 1463 mandato
820 1410 891 1462 suut
905 1422 957 1463 no·
1011 1405 1232 1479 quomodolibet
1246 1404 1493 1462 consuetudinum
1510 1402 1674 1476 discipline
1696 1420 1756 1459 non
1775 1420 1838 1461 rare

125 1496 345 1554 vimus.»viues
358 1496 711 1567 uthascunjeoturusnec
725 1495 957 1567 leviterastrust,
1012 1496 1154 1567 posterior
1175 1500 1246 1551 {ctas
1269 1496 1401 1567 derogat,
1417 1494 1481 1566 ipse
1504 1492 1609 1549 saltem
1634 1492 1837 1549 desuetudine.

6 1568 10 1581 '
125 1602 177 1643 uec
190 1586 316 1641 fidenter
330 1589 503 1658 aspernetur
519 1592 642 1640 sanctus
657 1585 750 1641 Pater.
761 1584 890 1655 Etepist.
903 1584 956 1657 teg
1011 1583 1146 1641 conciliis
1161 1583 1249 1640 etiam
1265 1582 1454 1640 oecumenieis
1479 1582 1713 1639 consuetudines
1727 1580 1838 1654 aliquae

131 1698 145 1725 «
161 1673 324 1747 Cyprianus
352 1678 403 1729 aut
431 1690 489 1730 non
520 1673 615 1730 sensit
630 1673 759 1746 omniuo,
786 1672 863 1745 quod
889 1688 956 1729 eum
1011 1673 1206 1730 sentientibus
1221 1676 1272 1728 aut
1291 1688 1349 1727 nou
1373 1672 1473 1727 statim
1488 1670 1710 1743 obtemperatur
1724 1670 1837 1727 autob·

127 1762 258 1821 sensisse
272 1762 413 1830 recitatis,
427 1765 477 1818 aut
492 1762 547 1819 hoc
559 1766 660 1835 postea
672 1762 797 1819 correxit
811 1762 839 1817 in
856 1762 957 1835 regula
1011 1760 1167 1831 temperari
1192 1758 1335 1815 desinitur
1351 1762 1461 1829 postea,
1478 1761 1511 1812 ut
1533 1773 1592 1814 non
1613 1756 1691 1813 citra
1711 1756 1837 1829 culpam,

125 1852 268 1921 veritatis,
283 1851 428 1908 autbunc
443 1851 527 1924 qussi
553 1868 667 1908 navum
692 1851 843 1924 cooperuit
867 1850 958 1907 ubere
1010 1854 1040 1904 at
1054 1849 1133 1905 circa
1156 1847 1278 1904 unitatis
1301 1845 1503 1903 ecclesiastice
1528 1845 1640 1913 lubem;
1657 1849 1688 1901 at
1712 1846 1781 1902 fidei
1796 1862 1837 1903 se-

132 1941 321 1998 charitatis.»
1009 1936 1068 1995 mel
1091 1936 1256 1995 constitutus
1284 1932 1513 1993 irrevocabiliter
1536 1934 1763 1992 obaudiendum
1786 1938 1835 1991 eet.

158 2030 332 2102 Dionysium
348 2028 577 2087 Alexandrinum
594 2031 677 2086 docet
690 2030 884 2102 Hieronymus
900 2028 953 2085 lib.
1008 2026 1208 2083 Tertullianus
1224 2027 1246 2081 l.
1260 2025 1294 2081 de
1317 2026 1422 2095 t'irpin.
1448 2023 1558 2080 cetund.
1575 2041 1585 2079 .·
1600 2046 1615 2074 ιι
1643 2022 1770 2097 Regula,
1794 2022 1835 2079 iu·

122 2120 156 2175 de
171 2120 271 2191 Script.
284 2119 385 2175 Erotes.
398 2142 411 2167 ιι
430 2120 461 2173 lu
477 2118 612 2192 Cypriani
636 2123 665 2174 et
688 2118 826 2173 Africanae
851 2117 954 2190 synodi
1008 2117 1083 2189 quit,
1099 2117 1155 2172 tide
1171 2115 1290 2171 omniuo
1306 2130 1365 2170 uua
1383 2117 1437 2181 est,
1453 2113 1515 2169 sols
1533 2112 1709 2183 immobilis,
1725 2120 1756 2169 et
1771 2114 1834 2169 irre·

121 2208 229 2282 dogma
243 2208 444 2275 consensisse;
460 2213 489 2263 et
503 2214 602 2263 tamen
624 2212 658 2263 ut
682 2207 748 2279 etus
763 2206 903 2279 epistolas
917 2207 953 2262 ad
1008 2204 1182 2263 formabilis.
1198 2226 1212 2253 o

122 2297 269 2353 Romanos
285 2296 437 2369 pontifices
451 2312 485 2351 ex
496 2294 621 2351 llusebio
637 2295 720 2351 datas
737 2292 841 2350 sileam
855 2310 862 2349 :
875 2294 954 2351 Basi-
1072 2321 1193 2377 mlv·
1211 2322 1292 2375 Varia
1312 2321 1394 2389 guy-m
1409 2319 1580 2375 discrimini,
1593 2319 1771 2375 documenta,

119 2386 179 2443 ¹5⁰⁸
194 2386 222 2443 3¹¹
238 2386 324 2486 ‘illm-
341 2386 377 2487 ‘fd
391 2386 488 2458 mlh·
503 2384 592 2441 ΜΘ]
610 2385 778 2457 imumque
794 2384 951 2483 ⁰f'nquefi'
1042 2420 1109 2476 ldao
1135 2419 1257 2475 forsitan
1284 2417 1407 2474 unitatis
1431 2421 1460 2472 et
1482 2418 1563 2489 pacis
1588 2417 1703 2489 gremio
1732 2416 1834 2472 retenti

120 2481 169 2533 tur
183 2476 219 2531 ‘³⁶
233 2474 386 2547 D¹⁰¹¹Y⁸¹⁰r
402 2476 478 2547 ‘1⁰⁰⁶
504 2474 722 2546 P⁰P¹¹²⁰¹¹⁰r¹¹¹¹¹
737 2474 885 2546 h⁸pt¹⁸¹¹¹⁸
900 2491 951 2547 αρ’
1004 2514 1073 2566 sunt
1088 2510 1122 2565 ad
1140 2508 1295 2565 concilium
1311 2522 1406 2578 usque
1421 2506 1582 2567 {ticenum
1596 2506 1649 2577 qui
1663 2506 1700 2560 dc
1717 2504 1827 2561 Pascha

120 2566 266 2639 pmbmt'
295 2564 368 2621 Hi¹¹⁰
401 2564 568 2635 ⁰⁰⁰j⁰⁰¹²¹m
600 2568 645 2620 θεῖ
679 2564 714 2618 ad
751 2562 951 2619 R⁰m⁸¹¹⁰r⁰m
1004 2597 1238 2655 dicacatholica
1257 2594 1385 2653 llcclesia
1404 2594 1705 2651 dissonabantzcum
1722 2598 1827 2651 cetera

120 2655 297 2756 seutentiam
320 2656 440 2755 tandem
460 2653 949 2754 accessisse:llierouymuqautem
1002 2688 1129 2743 ΜΝΞ,
1143 2686 1230 2742 etiam
1247 2690 1314 2741 ante
1336 2684 1484 2741 Momm
1498 2683 1646 2755 synodum
1669 2699 1686 2738 ι
1711 2698 1828 2755 corpo„

117 2743 181 2845 Ψ·
205 2746 314 2843 imas*
340 2742 384 2799 ¹¹¹¹
422 2759 479 2843 ¹⁹3¹
501 2758 631 2815 ⁰p¹⁵⁰⁰p¹
655 2759 705 2814 ‘³¹¹¹
728 2742 951 2841 mmpnfandoe
1002 2777 1136 2833 Ecclesiu
1165 2776 1342 2831 detruncate
1369 2773 1488 2829 fuerint.
1518 2772 1584 2828 ldeo
1609 2772 1646 2827 dc
1671 2770 1827 2843 quastione

120 2830 270 2889 boemt¹⁰⁰⁸
286 2848 360 2933 ,cum
383 2833 526 2932 Gypr¹⁸²ff⁰
550 2835 723 2930 “numnf’
739 2832 773 2886 ω
796 2835 947 2902 “nuquam
1002 2866 1153 2922 Paschat-is
1163 2864 1328 2920 dirimende
1339 2863 1509 2919 laborarunt
1518 2860 1712 2918 vehementer
1722 2860 1824 2919 Nieeui

118 2922 363 3023 cousuetudinem
380 2920 515 2991 revoluti,
527 2936 634 2977 novum
648 2936 772 2977 emisere
787 2920 947 3020 decretum,
1001 2954 1114 3023 pamm
1127 2955 1164 3011 de
1179 2953 1283 3028 priscis
1297 2952 1458 3009 hammus
1470 2950 1638 3007 innumeri.
1652 2967 1706 3023 W
1716 2950 1824 3023 provin·

118 3014 173 3067 etc.
187 3032 201 3061 »
211 3013 395 3081 Augustinus
411 3011 431 3065 f.
449 3026 480 3065 ιιι
495 3018 588 3066 contro
604 3008 740 3077 eruero,
757 3026 782 3065 0·
795 3010 823 3073 2,
838 3013 947 3079 ¹¹1⁰¹¹¹⁸v
999 3044 1085 3101 ciclis
1098 3048 1213 3100 tautum
1228 3041 1351 3099 concilis
1374 3040 1496 3097 antebac
1520 3039 1709 3113 proscriptis,
1725 3054 1821 3095 rursus

117 3099 307 3261 ἑυῗὲἰθῖῖὲζδ
314 3097 979 3260 88ιῖἓὲἷο1ῗξίᾱῧίἲῃῗῃΐὲζωέῑζὲοᾜί1ῃέῑέο
1000 3133 1226 3207 proscribendis,
1243 3135 1319 3189 etex
1334 3130 1518 3187 oecumeuica
1532 3129 1710 3186 auctoritate
1725 3126 1819 3197 synodi

997 3222 1189 3279 fulminandis
1203 3221 1276 3277 nihil
1295 3222 1376 3277 fuere
1387 3217 1513 3276 solliciti.
1531 3218 1597 3275 ldeo
1622 3222 1653 3274 et
1676 3220 1818 3274 concerta·

118 3278 261 3335 omiusuti
282 3278 317 3333 de
337 3276 516 3333 Firmiliuuu.
533 3278 562 3332 Si
585 3281 683 3333 tanuen
713 3276 785 3332 fides
813 3276 877 3347 ejus
902 3291 943 3331 rer

118 3369 215 3425 adbuc
230 3372 325 3432 nutat,
337 3384 390 3424 nec
405 3366 563 3439 plusaeqco
578 3366 790 3439 indulgendum
807 3370 836 3421 et
850 3366 944 3438 suspi-

116 3458 251 3514 cionibus
266 3456 355 3512 auimi
382 3456 485 3524 nostri,
502 3454 668 3511 consultius
681 3456 737 3511 erit
752 3456 945 3527 Augustinum

116 3564 235 3603 rursum
250 3546 362 3613 audire,
373 3544 394 3601 1.
406 3544 440 3599 de
454 3547 536 3601 unico
551 3546 629 3616 Bopt.
641 3553 726 3601 contr.
738 3545 835 3609 Petit,
849 3560 875 3599 c.
893 3546 942 3600 13:

117 3654 133 3683 ιι
147 3632 204 3689 Neo
220 3650 274 3689 nos
289 3632 338 3702 qui
363 3632 502 3705 baptismi
518 3632 669 3688 veritatem
685 3632 773 3688 etiarn
799 3632 828 3687 in
853 3630 943 3687 here-

116 3722 240 3779 ticorum
256 3720 408 3793 iniquitate
428 3720 617 3794 agnoscimus
632 3722 835 3793 potiusquam
855 3736 943 3793 nega·

117 3828 195 3884 mus,
211 3812 276 3869 ideo
292 3810 429 3869 meliores
443 3809 586 3883 Cypriane
602 3827 717 3879 sumus,
733 3811 809 3866 sicut
824 3824 877 3865 nec
893 3810 943 3866 Pe-

117 3905 173 3967 tro,
191 3900 261 3972 quia
284 3904 387 3973 gentes
407 3900 559 3971 judaizare
582 3916 640 3956 nou
666 3900 809 3972 cogimus.
826 3899 886 3955 Huc
908 3898 944 3953 de

118 3989 280 4062 Agrippino
291 3990 417 4062 aliisque
431 3989 576 4062 episcopis
586 3989 636 4061 qui
647 3987 698 4044 illa
708 3988 829 4045 concilia
841 3988 944 4044 fecisse

115 4078 308 4152 perhibentur
332 4078 546 4152 responderim,
563 4078 613 4150 qui
638 4077 681 4135 sio
705 4078 820 4134 diversa
843 4093 943 4133 sense·

114 4172 196 4233 runt,
211 4176 241 4223 ut
265 4184 331 4225 cum
358 4169 400 4225 uis
431 4174 620 4239 contraquos
645 4169 680 4223 de
705 4167 760 4223 hac
784 4168 944 4239 questione

115 4257 292 4325 sentiebant,
304 4257 334 4313 in
349 4257 462 4313 unitate
477 4256 667 4329 persisterent
681 4256 732 4313 ubi
742 4255 871 4313 charitas
880 4273 945 4314 cuo·

115 4346 191 4417 perit
209 4346 431 4403 multitudinem
456 4350 652 4418 peccatorum.
668 4368 679 4397 ιι
697 4346 734 4401 ut
756 4346 864 4401 Bedam
879 4362 943 4401 rur·

113 4450 180 4490 sum
200 4435 302 4491 audire
325 4436 461 4508 superius
488 4435 628 4505 relatum
646 4436 697 4509 qui
723 4434 827 4491 sideni
852 4434 941 4490 vitam

113 4523 286 4595 evangelicu
301 4525 412 4581 amussi
437 4530 602 4596 coaptatam
628 4524 778 4593 laudabat,
793 4540 852 4581 uun
875 4522 943 4581 leu-

113 4609 203 4666 dabat
228 4615 327 4667 autem
357 4613 435 4685 quod
465 4614 637 4670 canonicum
669 4612 785 4670 Pascha
812 4617 941 4685 tempus,

112 4720 128 4751 ι
141 4698 184 4756 vel
199 4698 349 4772 ignorans,
360 4700 403 4757 vel
422 4718 481 4757 sure
495 4702 589 4767 gentis
603 4702 786 4769 auctoritate,
797 4718 851 4759 nec
863 4702 943 4775 egui·

112 4792 175 4845 tum
190 4795 372 4861 sequeretur,
388 4790 530 4858 devictus,
547 4808 606 4848 uon
621 4791 799 4847 observaret.
813 4813 828 4842 ιι

111 4912 233 4969 XXXlil.
249 4914 342 4969 Altero
357 4916 487 4985 operitur
511 4915 554 4969 trio
578 4914 713 4971 eotrvendoe
728 4914 812 4988 hujus
832 4925 939 4972 contro·

148 4986 254 5053 oeraiae,
274 5002 310 5041 ec
332 4987 495 5042 discrimine
519 4988 703 5057 quaestionum
724 4987 758 5042 ile
782 4986 837 5057 fide
859 4990 884 5043 et
907 4988 942 5043 (le

147 5058 403 5115 consuetudinibus.

996 3314 1106 3369 tionem
1121 3312 1157 3367 do
1171 3311 1317 3383 baptismo
1332 3310 1420 3365 iidem
1436 3308 1532 3380 sopire
1547 3308 1741 3369 studuerunt,
1753 3320 1817 3362 unos

997 3400 1170 3475 rebaptizari
1189 3399 1322 3472 jubendo
1348 3398 1555 3455 Paulienistas.
1572 3398 1649 3463 Quia
1663 3400 1697 3452 ut
1712 3396 1817 3451 liberior

997 3496 1026 3547 et
1040 3490 1204 3548 versatiliur
1218 3506 1273 3547 sua
1287 3494 1391 3561 sponte
1411 3496 1453 3544 est
1469 3485 1643 3559 disciplina3
1660 3488 1701 3541 ita
1716 3484 1815 3541 unirer·

997 3579 1052 3636 sali
1069 3580 1163 3652 magis
1186 3595 1332 3635 consensu
1347 3593 1422 3649 opus
1436 3580 1491 3643 cst,
1507 3574 1604 3631 sicubi
1622 3576 1813 3647 restringatur.

998 3668 1064 3725 ideo
1079 3672 1108 3725 et
1122 3668 1283 3741 Cyprianus
1298 3666 1485 3722 vehementer
1499 3664 1710 3730 contendebat,
1722 3668 1751 3719 et
1764 3662 1813 3717 Sta·

998 3758 1113 3830 phanus
1136 3757 1254 3812 tandem
1278 3754 1461 3819 condonavit,
1478 3758 1510 3809 ut
1524 3754 1643 3810 diversa
1667 3750 1811 3825 quamlibet

997 3846 1156 3903 sentientes
1168 3845 1206 3901 eb
1216 3844 1338 3901 unitatis
1353 3848 1451 3900 tamen
1466 3842 1620 3899 individuo
1636 3858 1712 3899 nexu
1722 3838 1810 3896 nadis

997 3936 1151 3993 cederent:
1168 3935 1245 3991 sicut
1267 3938 1296 3989 et
1318 3932 1349 3989 iu
1377 3931 1493 4005 negotio
1518 3930 1670 3987 l‘aschatis
1700 3930 1809 3985 treucas

997 4024 1106 4097 aliique
1120 4024 1285 4081 sentiebant
1297 4022 1442 4095 sequioris
1457 4020 1650 4077 observantie
1664 4016 1809 4075 tenedon·

998 4130 1131 4186 quosque
1142 4130 1158 4169 a
1169 4128 1310 4185 compage
1319 4110 1455 4167 Ecclesia
1470 4126 1528 4165 nou
1542 4107 1731 4165 scindendos.
1745 4100 1809 4159 [teui-

998 4219 1055 4276 que
1070 4200 1231 4275 discipline
1241 4200 1410 4256 vanetstcm
1424 4197 1533 4255 alicubi
1552 4198 1643 4253 etiarn
1655 4195 1809 4251 ornamenta

996 4307 1062 4349 esse
1075 4298 1104 4347 et
1116 4290 1299 4364 Augustinus
1314 4294 1343 4346 et
1356 4287 1514 4361 Gregorius
1528 4286 1606 4343 infra
1621 4302 1677 4343 suo
1695 4284 1756 4340 loco
1768 4294 1809 4336 nce

997 4381 1152 4438 docebunt.
1165 4380 1323 4453 Gregorius
1333 4382 1433 4435 sutem
1443 4393 1501 4434 nou
1514 4391 1655 4433 assensus
1666 4374 1761 4437 modo,
1770 4365 1808 4425 aed

996 4470 1130 4527 hortatus
1146 4470 1234 4527 etiem
1255 4472 1300 4525 est
1324 4468 1455 4524 diversos
1478 4466 1516 4523 ab
1539 4464 1671 4523 Ecclesia
1698 4462 1807 4519 llomuu

955 4544 982 4611 Ι)
995 4558 1080 4631 ritus,
1095 4558 1189 4616 sicubi
1213 4557 1446 4630 tempestirieres
1460 4558 1658 4620 occurrerent,
1674 4553 1703 4609 iu
1728 4544 1806 4607 neele

996 4650 1072 4706 siam
1084 4648 1275 4721 anglicanam
1285 4645 1507 4720 transplantari.
1516 4646 1548 4701 lu
1558 4644 1618 4701 ilde
1627 4646 1726 4699 autem
1738 4649 1805 4696 usuc

997 4738 1070 4795 bauo
1085 4736 1234 4793 licentiam
1250 4736 1437 4794 concesserit.

995 4845 1103 4902 XXXV.
1127 4846 1313 4914 occationem
1341 4844 1416 4900 hanc
1444 4841 1565 4899 ciuiliter
1585 4842 1729 4897 ενιιείαιιιιιι
1751 4842 1801 4893 ese.

1030 4926 1062 4973 ut
1087 4917 1123 4972 ud
1144 4915 1354 4973 conmetudiaer
1376 4917 1554 4986 spectantem,
1579 4928 1635 4968 noe
1661 4910 1699 4967 nel
1721 4906 1802 4979 litim:

1027 4990 1162 5062 protum
1174 4990 1297 5061 primum
1309 5004 1348 5044 esc
1361 4986 1538 5043 Finnilioau.

1028 5094 1087 5151 Neo
1102 5111 1149 5151 me
1163 5094 1239 5151 fallit
1250 5094 1379 5167 quodam
1394 5107 1482 5166 posse
1496 5090 1584 5147 modo
1600 5090 1636 5146 sd
1651 5088 1718 5145 fidei
1731 5094 1800 5153 nege

148 5181 182 5236 ut
197 5180 265 5237 hinc
281 5198 384 5239 rursus
397 5181 455 5237 alia
470 5196 501 5236 se
516 5179 619 5253 pandit
629 5181 703 5237 ratio
714 5182 850 5239 secundae
864 5183 941 5239 inter
993 5185 1067 5241 tium
1084 5184 1211 5241 revocari
1226 5184 1299 5240 istas
1314 5184 1351 5240 de
1365 5180 1514 5255 baptismo
1524 5180 1726 5237 hereticorum
1739 5184 1800 5245 que·

110 5270 191 5325 varin
205 5271 424 5343 augustiniano.
435 5270 573 5326 doctrinm
586 5270 682 5341 capitu
695 5270 937 5328 conflictationis:
993 5274 1117 5342 stiones;
1130 5274 1223 5330 multo
1235 5272 1325 5330 etism
1335 5271 1430 5345 magis
1440 5286 1532 5343 quem
1547 5270 1583 5327 de
1597 5264 1744 5325 Paschatis
1755 5259 1797 5319 tie,

112 5372 178 5412 cum
195 5357 272 5413 idem
288 5360 350 5431 ipse
365 5365 394 5415 et
408 5357 523 5415 concilii
545 5357 667 5430 plenarii
683 5375 763 5430 spem
780 5362 940 5433 amputarit
993 5363 1023 5418 in
1052 5380 1110 5434 quo
1139 5364 1308 5419 aberrantes
1336 5360 1477 5419 ecclcsiae
1502 5358 1604 5416 Victor
1631 5352 1798 5414 betendoxc

113 5445 293 5519 pelagianis,
323 5449 532 5509 inexorabilem
566 5449 700 5506 indicans
734 5454 937 5510 necessitatem
993 5451 1170 5525 appellabat.
1184 5452 1344 5508 Sedunum
1359 5450 1389 5507 id
1402 5436 1799 5521 existimoexpriscoruml’t·

112 5536 257 5593 Africanis
271 5540 402 5598 conciliis
414 5546 443 5597 et
457 5538 628 5612 Apostolice
649 5540 775 5598 ruuxime
791 5544 874 5599 Sedis
888 5545 938 5599 de·
991 5546 1072 5597 trum
1088 5541 1206 5615 scriptis
1220 5540 1379 5599 scintillare
1393 5539 1471 5595 hanc
1490 5554 1553 5595 rem
1568 5536 1636 5595 illus
1651 5551 1707 5593 uon
1720 5528 1797 5589 attur.

112 5622 296 5683 finitionibus
310 5628 515 5687 subscribendi
526 5644 535 5683 t
545 5628 580 5684 ut
590 5628 734 5701 Cypriane
744 5632 869 5704 eiusque
878 5632 936 5689 ool·
992 5646 1083 5703 qoam
1098 5634 1131 5686 ut
1152 5628 1376 5688 consuetudinis
1396 5626 1603 5686 ecclesiastice
1617 5630 1647 5685 et
1659 5616 1799 5693 diciplina
