3892 6104
111 261 189 324 {aaa
641 260 692 322 DE
713 252 1008 321 uuanrluonttit
1033 253 1297 318 narrisntarn.
1742 261 1816 324 tato

112 391 161 464 qui
177 388 373 462 baptizaretur
392 393 529 461 prestare
551 394 660 463 posset,
681 391 767 447 sicuti
788 390 890 445 Petrus
905 384 936 441 iu
952 385 978 450 Α
994 383 1051 453 bet,
1079 387 1252 459 acciperent,
1269 386 1381 461 aliquid
1406 390 1464 448 tale
1487 392 1708 466 designassent;
1733 393 1816 451 sicuti

112 481 188 537 detis
206 479 389 550 apostolorum
404 484 523 535 enarrat
538 480 639 536 dicans
656 499 663 536 ι
680 484 736 536 Nec
759 478 835 534 enim
860 475 938 532 aliud
992 490 1050 529 uon
1066 475 1161 531 solum
1178 478 1295 534 Petrum
1316 478 1370 536 huc
1395 497 1514 552 passum
1531 497 1596 538 esse
1611 481 1641 538 iu
1664 484 1816 556 livangelie

113 574 152 626 est
167 584 266 624 nomen
287 567 336 623 aab
360 568 429 624 coelo
453 569 523 640 qued
546 569 696 626 detumeat
712 568 880 635 bominibus,
908 566 938 620 in
993 563 1250 635 deprehendimus,
1266 585 1365 624 verum
1387 570 1539 627 universos
1553 586 1672 644 quoque
1690 572 1817 647 discipu·

115 674 167 730 qao
181 661 288 727 oportet
302 657 388 712 anives
401 657 463 723 deri
480 672 529 713 noa
544 657 611 728 (Act.
628 675 666 726 rv,
685 658 739 729 12).
755 657 836 712 Sicut
850 654 937 710 etiam
993 649 1172 724 loe,quibus
1196 655 1260 726 jam
1290 656 1444 729 baptizatis
1474 663 1574 730 postea
1602 660 1747 718 Dominus
1770 663 1818 729 nit,

116 745 267 819 apostulus
283 744 390 800 Paulus
406 744 500 817 aperit
514 747 672 802 ostendens
688 746 757 819 qnia
773 746 847 800 Deus
863 742 940 800 eral-
995 741 1062 810 quia
1082 757 1127 797 vce
1149 758 1240 799 omncs
1255 745 1516 804 scandalizabimini
1540 751 1571 804 in
1593 766 1638 806 ms
1651 751 1748 818 (llere.
1764 768 1820 818 xrv,

116 836 189 893 tavit
216 835 317 892 Jesum
348 834 504 890 Dominum
535 839 725 894 nostrumet
753 834 871 891 donavit
898 830 941 887 illi
994 829 1056 901 27),
1080 830 1130 901 qui
1155 848 1268 905 omnes,
1283 838 1316 888 ut
1329 835 1604 910 animadvertimus,
1615 844 1745 896 correcta
1767 841 1820 896 lide

118 941 224 982 nomen
240 923 277 979 ad
293 923 347 979 boc
361 927 394 980 ut
408 924 446 979 sit
457 940 546 997 super
561 941 648 981 omne
663 941 785 993 nomen;
802 929 834 980 ut
848 923 879 977 in
895 938 944 977 no·
996 935 1051 974 sua
1070 924 1135 990 post
1151 922 1391 981 resurrectionem
1410 925 1523 982 Domini
1540 927 1569 982 in
1587 927 1700 1001 Spiritu
1725 935 1821 985 sancto

119 1015 199 1071 mine
212 1013 282 1069 lesu
299 1028 402 1068 omues
416 1028 513 1086 genua
531 1019 651 1071 curvent
666 1012 826 1071 ooelestium
842 1015 871 1068 et
885 1014 941 1067 ter·
998 1011 1068 1063 suut
1084 1008 1222 1080 baptizati
1236 1027 1242 1066 :
1256 1016 1357 1069 utnon
1373 1013 1520 1071 immerito
1531 1015 1618 1073 bodie
1631 1033 1751 1090 quoque
1764 1035 1822 1074 ere·

119 1102 258 1160 restrium
271 1106 300 1157 et
313 1101 505 1173 internorum,
517 1103 652 1159 etemnis
662 1102 763 1176 lingua
773 1101 945 1159 confiteatur
998 1096 1104 1152 damus
1120 1097 1254 1155 homines
1271 1106 1414 1158 correctos
1430 1119 1447 1158 a
1461 1104 1585 1176 pristino
1600 1121 1710 1176 errore,
1722 1107 1752 1161 in
1762 1107 1823 1180 Spi-

122 1192 192 1266 quia
205 1190 346 1247 Dominus
360 1190 501 1248 estlesus
515 1190 648 1264 ingloria
662 1192 899 1265 Patris(Plrilipp.
913 1206 959 1272 u,
999 1184 1055 1240 ritu
1072 1192 1173 1242 sancto
1189 1205 1275 1260 posse
1290 1189 1442 1263 baptizari,
1459 1193 1509 1264 qni
1525 1210 1593 1251 eum
1608 1213 1687 1267 aqua
1700 1196 1824 1270 baptiza·

121 1281 211 1353 9-11).
221 1279 257 1335 ut
271 1278 320 1336 ille
335 1278 365 1334 in
381 1296 439 1352 quo
461 1296 528 1337 cum
555 1281 762 1353 baptizaretur,
778 1279 946 1335 invocatum
1000 1279 1102 1330 rentur
1117 1275 1146 1331 in
1162 1278 1279 1334 nomine
1294 1279 1409 1337 Domini
1425 1280 1544 1355 aliquod
1558 1284 1694 1341 scabram
1707 1286 1764 1358 (DDi
1776 1285 1825 1341 ha·

122 1373 201 1428 esset
214 1369 244 1423 iu
259 1368 379 1424 nomine
392 1369 550 1437 lesu,licet
570 1370 599 1425 iu
618 1369 717 1443 aliquo
732 1384 828 1426 errore
843 1383 947 1424 couse-
1001 1362 1136 1421 buissent
1151 1365 1253 1434 tidem;
1274 1368 1414 1440 quoniam
1432 1369 1558 1426 multum
1583 1371 1709 1429 interest
1730 1378 1825 1430 utrum

123 1461 273 1531 queretur,
287 1461 386 1514 tamen
404 1459 580 1531 quandoque
600 1475 658 1515 non
683 1458 888 1531 prohiberetur
902 1472 947 1512 re·
1002 1454 1031 1510 iu
1048 1459 1141 1510 totum
1154 1455 1219 1526 quia
1234 1473 1291 1512 non
1308 1456 1347 1512 sit
1361 1457 1526 1531 baptizatus
1538 1459 1569 1516 in
1583 1463 1704 1519 nomine
1716 1462 1826 1518 Domini

125 1550 206 1603 otum
221 1562 332 1618 sapere,
346 1551 376 1602 et
388 1561 515 1604 errorem
532 1564 620 1604 suum
635 1547 790 1620 corrigere,
805 1550 834 1603 et
849 1546 885 1601 ad
901 1543 950 1600 Do·
1003 1543 1094 1600 nostri
1104 1543 1173 1600 lesu
1185 1544 1303 1614 Christi,
1317 1563 1353 1602 au
1364 1563 1431 1604 vcro
1445 1547 1476 1604 in
1490 1548 1589 1621 aliquo
1604 1550 1755 1609 claudicet
1765 1567 1826 1608 cnm

125 1635 243 1692 alesiam
259 1639 289 1691 et
307 1636 341 1691 ad
363 1634 531 1709 episcopum
549 1638 655 1708 venire,
671 1642 700 1693 et
715 1635 868 1693 sinceriter
881 1650 949 1689 con·
1004 1632 1169 1706 baptizatur
1185 1634 1362 1707 baptismate
1372 1652 1466 1709 aquas,
1477 1640 1555 1709 quod
1567 1639 1668 1696 minus
1682 1645 1741 1710 est,
1753 1642 1827 1697 dum·

126 1725 202 1781 ssteri
225 1723 325 1781 Jesum
351 1730 485 1781 nestrum
511 1742 608 1782 coram
633 1725 817 1792 homiuibus;
834 1728 866 1778 ut
880 1727 950 1778 tuuc
965 1758 989 1823 B
1004 1721 1091 1778 medo
1117 1726 1219 1794 postea
1241 1728 1355 1780 constet
1372 1723 1403 1780 in
1418 1725 1540 1782 veritate
1564 1728 1681 1785 sincera
1707 1730 1781 1786 tides
1803 1729 1827 1785 in

127 1830 194 1870 cum
210 1814 248 1869 ab
263 1813 435 1885 episcopani
449 1830 553 1871 manus
568 1813 778 1888 imponeretur,
790 1811 877 1869 etism
889 1809 951 1882 Spi·
1006 1809 1181 1882 baptismale
1201 1811 1339 1884 Spiritus,
1355 1814 1434 1885 quod
1449 1829 1509 1871 non
1524 1816 1613 1872 dubie
1627 1819 1731 1888 majus
1744 1822 1798 1875 est.

128 1903 216 1960 ritum
233 1907 368 1959 sanctum
394 1902 548 1976 acciperet,
565 1920 618 1959 nec
642 1903 854 1959 invocationem
870 1898 951 1955 illam
1042 1898 1099 1955 Vll.
1115 1899 1174 1956 Nec
1188 1901 1315 1957 estimes
1329 1901 1398 1957 huic
1417 1904 1551 1960 tractatui
1564 1905 1750 1963 contrarium
1773 1922 1828 1964 essa

128 1993 282 2066 pristinam
312 1991 440 2049 numinis
462 1992 533 2050 lesu
555 1992 711 2059 amitteret,
728 2006 817 2064 quam
843 1985 953 2045 nemini
1007 1988 1084 2060 quod
1101 1987 1174 2044 dixit
1195 1989 1356 2047 Dominus:
1374 1992 1421 2061 lte,
1436 1991 1510 2049 dode
1531 1999 1635 2064 pastae,
1649 1996 1829 2066 clopedera,

129 2086 265 2139 nostrum
275 2081 505 2153 licetdamnare‚
515 2097 582 2138 cum
594 2081 654 2136 bec
665 2080 744 2136 nuda
754 2084 783 2136 et
794 2076 954 2151 singularis
1008 2078 1163 2133 innomine
1188 2080 1281 2135 Petris
1298 2083 1324 2135 st
1348 2081 1414 2136 Filia
1428 2089 1455 2137 et
1468 2081 1591 2153 Spiritus
1614 2093 1719 2140 macta.
1736 2085 1829 2153 (dod.

130 2172 156 2229 ei
171 2171 202 2226 iu
217 2186 314 2227 errem
333 2170 372 2226 sit
394 2169 562 2237 constituta,
578 2187 637 2226 nen
652 2173 751 2242 posset
765 2169 801 2225 ad
826 2166 954 2224 salntem
1009 2181 1108 2234 xxvur,
1126 2168 1180 2240 19).
1197 2168 1272 2233 Ouia
1286 2185 1353 2225 cnm
1375 2169 1431 2226 hoc
1445 2186 1546 2226 verum
1560 2175 1589 2228 et
1603 2176 1721 2228 rectum
1736 2180 1766 2229 et
1778 2189 1830 2230 um·

132 2261 328 2334 prestandum
344 2258 492 2328 suisscere;
508 2275 545 2315 ne
559 2258 614 2314 hac
629 2259 740 2315 ratione
755 2257 844 2313 etiam
858 2254 954 2312 ethni·
1010 2255 1098 2312 nibus
1113 2257 1208 2314 modis
1223 2257 1253 2312 in
1263 2256 1393 2315 Ecclesia
1407 2260 1625 2317 observandum
1639 2261 1691 2329 sit,
1703 2268 1734 2319 et
1747 2262 1832 2319 obser

134 2365 184 2406 cos
199 2353 229 2405 et
243 2348 394 2404 haereticos
415 2349 568 2405 abutentes
584 2363 690 2404 nomen
704 2347 786 2415 lesu,
802 2345 956 2401 credamus
1009 2345 1071 2401 vari
1087 2362 1204 2419 quoquc
1217 2347 1339 2404 solitum
1355 2351 1403 2416 sit,
1416 2352 1514 2405 tamen
1525 2350 1717 2407 considerare
1731 2354 1832 2423 oportet

135 2438 171 2496 ad
187 2437 312 2494 salutem
328 2434 391 2493 siue
406 2451 472 2494 vera
487 2453 517 2492 re
532 2440 619 2510 atque
634 2437 746 2508 integra
760 2449 845 2508 posse
860 2447 958 2506 perve-
1011 2438 1089 2510 qnod
1105 2437 1248 2493 invocatio
1262 2436 1472 2494 nominielesu
1488 2454 1545 2495 nnn
1560 2439 1683 2496 debota
1697 2440 1783 2497 nobis
1795 2440 1832 2495 in-

134 2526 207 2583 nire.
219 2527 311 2592 Quam
327 2529 425 2582 tamen
440 2524 653 2582 invocationem
669 2523 797 2581 nominis
812 2523 882 2579 lesu
897 2537 957 2578 cnr·
1011 2524 1072 2582 tilis
1083 2525 1174 2582 videri
1190 2529 1307 2598 propter
1316 2525 1532 2584 venerationem
1547 2532 1577 2583 et
1590 2528 1735 2585 virtutem
1751 2529 1832 2602 ipsius

133 2617 260 2673 rectione
275 2614 382 2671 erroris
397 2618 425 2670 et
444 2613 591 2687 agnitione
617 2613 684 2670 fidei
706 2611 848 2684 veritatis,
863 2617 892 2667 et
906 2610 957 2666 ab·
1013 2615 1141 2671 nominis
1155 2631 1162 2670 ε
1175 2613 1204 2670 in
1215 2631 1273 2688 quo
1283 2614 1402 2672 nomine
1410 2615 1533 2673 virtutes
1544 2632 1649 2674 omnes
1661 2617 1762 2675 solent
1770 2617 1832 2685 tisri,

134 2705 211 2761 suisa
225 2704 304 2762 omui
320 2703 386 2760 labe
400 2703 551 2775 praeterite
566 2703 804 2773 conversationis,
819 2698 958 2774 mysterio
1012 2707 1042 2761 et
1055 2719 1268 2776 nonnunquam
1285 2702 1390 2775 aliquas
1408 2705 1495 2761 etiam
1510 2707 1546 2760 ab
1562 2705 1739 2764 bominibus
1750 2710 1831 2763 extra·

133 2794 184 2852 Dei
199 2794 278 2851 cirea
291 2793 437 2866 ejusmodi
456 2791 589 2850 homiues
611 2792 666 2850 rite
690 2795 896 2866 perpetratam,
913 2787 958 2845 le·
1012 2793 1085 2850 nais.
1101 2793 1243 2849 Ceterum
1260 2808 1317 2864 quo
1332 2792 1480 2865 pertinent
1493 2792 1545 2849 illa
1557 2794 1649 2850 verba
1661 2793 1780 2867 Christi,
1789 2793 1832 2866 qni

133 2900 201 2940 cum
213 2898 301 2956 quem
318 2881 452 2939 habitura
463 2897 521 2939 non
532 2884 603 2953 erat,
615 2881 757 2950 obtinere,
768 2884 797 2937 et
811 2884 959 2954 postremo
1013 2887 1187 2958 negaturum
1213 2883 1332 2954 se1esee
1347 2882 1430 2950 dixit,
1447 2899 1498 2940 nec
1522 2900 1611 2941 nosse
1633 2900 1687 2941 eos
1712 2886 1763 2957 qui
1786 2884 1833 2941 sibi

133 2973 163 3028 in
180 2972 236 3028 fide
253 2974 376 3028 reotset
396 2971 431 3027 ad
456 2970 655 3043 integritatem
671 2970 747 3043 signi
762 2969 959 3042 praetendam
1013 2973 1043 3029 in
1069 2972 1115 3029 die
1139 2972 1244 3044 judicii
1272 2971 1379 3028 dicturi
1408 2976 1533 3028 essent:
1559 2975 1691 3041 Domine,
1720 2975 1833 3038 Damae,

135 3078 193 3118 nen
208 3061 322 3127 obesse,
337 3059 543 3133 supplemento
567 3060 631 3131 ejus
650 3060 728 3132 quod
753 3060 853 3116 deerat
876 3074 958 3115 aoce-
1012 3076 1103 3117 nonoe
1127 3063 1158 3116 in
1183 3067 1229 3116 tae
1252 3062 1366 3116 nomiae
1390 3060 1624 3132 prophetavimus,
1640 3065 1668 3117 et
1688 3063 1721 3117 in
1734 3064 1834 3118 amre

135 3151 233 3216 deute,
250 3164 392 3222 perquam
408 3147 479 3205 utile
502 3151 547 3204 est
562 3149 688 3218 credere,
704 3156 733 3205 et
747 3152 790 3204 tet
813 3164 957 3204 annorum
973 3124 995 3193 C
1013 3154 1061 3206 tuo
1088 3149 1226 3207 daemenia
1248 3148 1388 3220 ejecimus,
1412 3157 1438 3206 et
1461 3150 1493 3205 in
1515 3151 1629 3206 nemus
1656 3158 1705 3206 tao
1732 3152 1833 3208 artato

136 3244 237 3310 totque
249 3237 438 3296 ecclesiarum
453 3237 584 3310 itemque
597 3236 794 3311 apostolorum
808 3242 837 3294 et
851 3237 960 3309 spisco-
1012 3255 1126 3309 mapnus
1148 3239 1278 3309 summm,
1295 3238 1497 3310 respondendo
1512 3238 1554 3294 eis
1569 3241 1662 3295 etiam
1677 3256 1748 3296 cum
1762 3241 1833 3311 jura·

136 3345 240 3403 porum
256 3327 424 3385 auctoritati
445 3343 512 3383 cum
534 3326 736 3383 honoratione
751 3326 958 3399 acquiescere:
1010 3328 1139 3401 jurando
1161 3329 1227 3401 quio
1249 3344 1395 3399 nunquam
1415 3329 1528 3399 menori
1540 3343 1606 3396 ουκ
1629 3328 1834 3387 disceditcsrss

136 3436 203 3476 curn
224 3417 262 3475 sii
287 3416 445 3474 maximum
470 3416 690 3473 incommedum
714 3432 748 3472 ac
772 3415 960 3489 dispendium
1014 3420 1063 3491 qai
1087 3418 1245 3489 operamini
1259 3417 1436 3490 iniquitatem
1458 3417 1551 3485 (liure.
1567 3433 1627 3487 xrv,
1642 3418 1692 3489 27)
1705 3435 1713 3487 ;
1728 3415 1783 3474 nisi
1795 3431 1833 3472 os·

136 3505 329 3564 sanctissimae
345 3503 446 3561 Matris
465 3504 609 3572 Ecclesia,
625 3505 766 3562 adversus
781 3506 878 3577 prisca
892 3522 960 3562 eou-
1015 3507 1184 3564 tenderetur
1198 3505 1283 3562 nabis
1307 3520 1521 3577 nonuunquam
1544 3505 1636 3562 etiam
1660 3507 1700 3563 ab
1724 3505 1771 3562 his
1790 3501 1832 3575 qui

137 3595 216 3653 sulta
229 3595 329 3651 11⁹1
354 3597 421 3666 post
443 3597 487 3650 tet
514 3594 686 3650 seculorum
715 3598 826 3650 tantam
855 3594 960 3651 seriem
1016 3603 1206 3669 operarentur
1220 3594 1414 3667 iniquitatem,
1430 3610 1514 3665 posse
1528 3611 1581 3668 per
1604 3594 1734 3652 nimiam
1754 3595 1832 3650 virtu·

138 3701 216 3741 nunc
240 3684 370 3756 primum
396 3686 562 3755 repenteae
577 3683 640 3739 sine
664 3683 775 3740 ratione
798 3683 960 3756 insurgere.
1017 3695 1075 3743 tem
1095 3684 1223 3743 nominis
1245 3688 1315 3741 lesu
1338 3685 1427 3741 etiam
1442 3683 1603 3740 haecfleri‘l
1626 3685 1738 3742 idcirco
1759 3683 1832 3740 debat

137 3775 195 3832 Nec
219 3772 297 3830 enim
326 3777 446 3846 propter
474 3770 555 3828 aliud
579 3770 683 3828 Petrus
702 3772 753 3843 qui
776 3773 839 3844 jam
869 3773 964 3838 iuerat
1016 3774 1159 3834 invocatio
1174 3775 1278 3831 1102
1302 3773 1363 3829 heo
1386 3773 1517 3831 nominis
1529 3773 1601 3830 lesu
1617 3773 1708 3846 quasi
1730 3772 1831 3829 initium

138 3862 313 3936 baptizatus,
330 3865 359 3917 et
382 3859 452 3932 quid
481 3858 603 3916 sentiret
629 3860 664 3917 de
689 3859 809 3918 Domino
835 3861 871 3918 ab
899 3860 963 3934 ipsc
1018 3866 1166 3939 quoddam
1196 3862 1328 3937 mysterii
1352 3862 1494 3919 Dominici
1517 3878 1678 3919 commune
1707 3862 1832 3919 nobisel

138 3951 263 4009 Domino
285 3953 348 4006 erat
371 3948 577 4021 interrogatus,
593 3952 622 4004 et
637 3948 756 4006 veritate
779 3949 964 4007 revelationis
1018 3953 1130 4012 ceteris
1152 3952 1290 4010 omuibus
1315 3951 1516 4025 accipipqnod
1539 3953 1636 4024 possit
1657 3951 1830 4022 postmodun

139 4041 232 4097 Patris
257 4037 382 4096 caelestis
406 4037 436 4092 in
460 4053 527 4093 eum
551 4035 702 4107 collocata,
719 4039 796 4111 quod
822 4039 965 4096 Dominus
1019 4044 1145 4101 residuis
1160 4043 1248 4101 rebus
1270 4041 1400 4115 impleri;
1422 4041 1495 4098 alias
1519 4057 1577 4097 non
1603 4042 1758 4113 profutura
1777 4038 1831 4096 talis

139 4133 240 4186 noster
269 4144 326 4184 uun
356 4125 452 4183 sulum
468 4125 611 4197 Christus,
637 4142 737 4184 verum
766 4127 854 4184 stiam
876 4127 965 4184 Filius
1019 4134 1243 4194 invooatioeum
1259 4129 1709 4204 solapermanserit,quiapost
1725 4133 1831 4187 morum

139 4217 190 4276 Dei
212 4217 269 4274 vivi
297 4221 374 4273 esset
397 4216 548 4272 confessus
570 4215 675 4287 (dultia
690 4231 748 4287 xvr,
764 4217 819 4289 16),
836 4221 966 4290 postmo·
1020 4224 1165 4299 ojusmodi
1180 4221 1310 4280 hominis
1323 4237 1381 4277 non
1397 4223 1494 4292 potest
1507 4219 1534 4275 ei
1549 4219 1719 4292 quidquam
1728 4217 1830 4276 omnim

140 4310 210 4366 dum
239 4306 334 4364 eidem
354 4304 469 4362 Christo
491 4305 660 4378 predicanti
686 4305 721 4362 de
749 4322 803 4362 sua
830 4305 967 4379 passione
1020 4315 1119 4387 adjici,
1130 4312 1175 4369 vel
1189 4310 1321 4384 suppleri
1336 4315 1386 4366 aut
1400 4309 1431 4365 in
1441 4308 1541 4381 aliquo
1555 4310 1700 4381 prodesse
1710 4309 1757 4366 dia
1765 4304 1830 4378 judi·

140 4399 301 4470 refragatus
321 4412 385 4453 esse
401 4399 582 4452 monstratus
597 4399 651 4465 est,
668 4399 697 4452 et
716 4400 870 4470 propterea
884 4397 966 4453 Sata·
1021 4404 1069 4474 eii,
1085 4419 1153 4460 oum
1167 4400 1211 4458 illi
1226 4417 1244 4457 a
1258 4399 1382 4456 Domino
1397 4403 1496 4455 nostro
1510 4414 1575 4471 qne
1596 4415 1689 4472 supra
1704 4412 1830 4455 memora·

140 4504 193 4544 1¹⁸⁸
215 4486 271 4542 dici
294 4491 430 4542 0⁸t0ss³¹¹⁸
446 4489 491 4542 0⁸l
505 4484 584 4553 (trid.
600 4485 644 4558 3lt
660 4483 717 4542 nisi
740 4485 810 4559 quia
832 4486 965 4543 futurum
980 4492 1004 4558 Ι)
1020 4493 1115 4549 vimus
1131 4489 1269 4563 coeperint
1281 4486 1459 4560 exprobrari,
1471 4487 1521 4560 qui
1538 4492 1636 4543 tamen
1654 4486 1779 4544 uniuersi
1790 4484 1829 4540 bn

139 4580 202 4632 erat
231 4582 262 4631 ut
290 4575 420 4647 quidam,
444 4575 562 4632 tametsi
584 4574 731 4633 variantes
760 4575 791 4631 in
821 4576 965 4633 sententis
1019 4585 1067 4641 die
1082 4587 1115 4640 ut
1130 4581 1186 4638 sibi
1205 4579 1253 4635 hia
1268 4578 1364 4634 modis
1377 4577 1555 4633 subveniant
1569 4576 1681 4649 quibus
1696 4591 1781 4650 supra
1791 4589 1826 4629 os

140 4663 301 4738 propriaet
326 4662 525 4721 claudicantes
555 4663 714 4737 aliquando
738 4665 769 4721 in
792 4665 850 4722 fids
879 4671 965 4738 atque
1019 4674 1179 4742 tendimus,
1190 4685 1248 4725 non
1264 4669 1389 4740 possunt
1402 4666 1438 4722 ab
1455 4665 1516 4722 ullo
1530 4666 1688 4724 homiuum
1702 4664 1824 4723 tamdure

139 4752 361 4820 doctrinarum
376 4752 406 4808 in
419 4752 536 4809 nomine
546 4753 616 4811 lesu
627 4754 855 4826 baptizarentur,
867 4759 965 4811 tamen
1019 4769 1138 4835 tamque
1153 4757 1309 4817 crudeliter
1323 4755 1482 4828 prohiberi.

140 4845 165 4900 si
184 4841 336 4898 intervallo
360 4842 489 4914 quadarn
513 4843 652 4916 temporis
676 4843 853 4916 recorrigere
868 4843 896 4899 id
914 4861 964 4916 po·
1055 4853 1198 4911 v111‚sed
1218 4850 1255 4906 ad
1280 4848 1352 4915 haec,
1368 4851 1401 4904 ut
1423 4846 1511 4916 soles,
1538 4847 1731 4916 contradices,
1752 4859 1822 4918 oppo-

141 4932 278 5003 tuisscut,
302 4947 360 4988 non
387 4935 539 5004 propterea
563 4948 580 4987 a
602 4931 696 4988 salute
723 4932 898 5001 exciderant,
914 4934 965 4990 sed
1020 4946 1115 5003 nendo
1138 4943 1222 5000 nobis
1250 4947 1320 4998 tune
1345 4957 1411 4997 oum
1441 4939 1663 5012 baptizarentur
1689 4939 1820 5012 integrao

140 5022 316 5094 qu⁸⁰d⁰<l¹¹⁰
343 5020 547 5093 leiill¹¹l⁸⁵⁰¹¹b
574 5020 719 5093 inuidiam
748 5037 831 5093 ⁸120OE
859 5021 965 5080 mulii
1019 5039 1095 5093 recte
1109 5031 1269 5105 discipules
1283 5047 1316 5087 ac
1332 5045 1389 5086 non
1406 5034 1438 5084 ut
1452 5029 1506 5085 hos
1529 5027 1682 5085 hereticos
1698 5024 1819 5093 menap-

142 5111 308 5185 poenitendo
333 5109 520 5167 obtinerent:
544 5109 705 5182 praesertim
730 5125 797 5166 cum
822 5110 965 5184 Spiritum
1020 5126 1123 5181 temtos
1149 5139 1155 5177 :
1180 5121 1258 5195 quod
1281 5137 1316 5176 ex
1340 5133 1464 5191 persona
1487 5116 1621 5192 ipsorum
1651 5121 1680 5175 et
1707 5107 1816 5189 ejusqui

141 5206 277 5260 fficium
293 5216 351 5273 (11¹0
370 5197 510 5272 baptizali
526 5198 729 5271 unusquisque
744 5199 897 5256 himinum
914 5201 965 5256 de·
1020 5212 1179 5288 baptizavit
1192 5210 1269 5282 illus,
1287 5224 1388 5266 sumas
1413 5223 1531 5264 neeesse
1546 5211 1601 5263 est.
1616 5194 1817 5263 britennorii

849 5343 1014 5405 variorum
1034 5344 1128 5403 notae.

177 5459 229 5528 (Di)
246 5460 361 5531 Aliquod
373 5462 509 5518 scutram.
526 5460 648 5516 Fortean
669 5459 820 5532 scripserit
841 5463 961 5522 Auctor,
1016 5454 1126 5529 aliquod
1148 5453 1295 5534 scamaros,
1309 5448 1377 5534 lerri
1400 5451 1478 5504 certe
1501 5447 1632 5521 poterit:
1673 5442 1813 5529 usmrdrnt·

140 5530 232 5599 aliquo
259 5532 385 5588 scodram
406 5550 416 5587 :
440 5533 494 5590 bec
521 5536 577 5596 est,
606 5531 803 5605 aliquatenus.
820 5530 856 5588 Ut
884 5531 962 5603 apud
1017 5531 1088 5586 dum
1115 5527 1191 5598 apud
1216 5521 1427 5597 Virgilium,os
1450 5520 1634 5594 hiemesque
1729 5511 1813 5575 emilii·

138 5598 361 5673 Tertullianum,
377 5602 474 5675 aliquo
496 5601 637 5660 Numidas.
652 5606 713 5669 Quo
729 5603 755 5661 si
777 5603 844 5676 quis
868 5601 961 5673 malit,
1017 5600 1135 5657 Rraaur.
