3892 6104
194 306 274 369 tutu
718 298 770 361 00
792 296 1091 361 HAERETICORUU
1112 296 1379 359 carrissime.
1824 290 1896 366 itte

192 436 288 500 nobie,
304 434 456 506 praeceptis
471 432 579 489 divinis
594 447 713 489 necesse
727 436 772 487 est
791 430 931 501 obsequia
945 446 1014 487 nos·
1029 433 1058 500 A
1073 428 1185 502 possint
1200 446 1275 501 quas
1290 428 1402 485 sacuint
1415 442 1467 501 pro
1482 427 1742 501 plebisdomiuice
1759 427 1892 489 ineolumi

192 524 417 581 tradeserviant
433 540 440 589 ;
456 539 509 579 nec
525 538 680 593 personam
705 520 735 575 in
758 518 904 591 ejusmodi
927 517 1015 573 rebus
1071 522 1141 588 tate,
1157 534 1223 573 eum
1252 517 1395 589 scriptum
1423 518 1573 574 sitzlleus
1593 522 1767 589 peccatorem
1797 520 1822 553 ²⁰
1848 521 1893 591 (42)

192 614 323 683 accipere
338 616 390 667 aut
402 610 512 683 aliquid
523 610 662 681 cuiquam
672 608 772 681 largiri
783 611 877 679 potest
888 606 1018 662 buinaria
1070 622 1126 662 non
1137 606 1216 661 eadit
1227 624 1237 667 ,·
1251 606 1297 663 sed
1311 608 1337 663 si
1350 607 1412 677 quis
1431 608 1516 661 licam
1540 608 1656 663 coluerit
1679 612 1707 661 et
1733 608 1891 665 volantatem

192 701 375 773 indulgentia
389 700 439 757 ubi
455 699 608 757 intercedit
632 702 661 755 et
684 697 777 769 legem
802 694 905 751 tribuit
919 695 1017 751 divine
1069 697 1130 767 ejici
1143 696 1240 769 fecerit
1256 696 1337 751 illam
1351 695 1429 752 ondit
1442 700 1537 765 (loen.
1551 712 1591 765 ix,
1605 696 1651 751 31)
1678 702 1800 768 propter
1823 700 1890 768 quod

192 790 383 863 praescriptio.
395 790 494 861 Neque
507 789 585 845 enim
598 788 785 843 immemores
796 801 860 841 esec
875 783 1016 839 debemus
1070 783 1156 857 plena
1171 784 1323 857 diligentia
1332 788 1360 840 et
1374 784 1571 856 exploratione
1585 784 1671 855 ³¹(t3l
1685 784 1804 841 sincera
1817 802 1889 857 oper-

192 880 264 951 quid
280 880 315 935 ad
330 879 344 933 J
350 880 446 934 adeon
462 894 513 950 per
528 876 632 933 isaiam
658 874 829 949 prophetam
846 873 963 929 locutus
978 872 1016 927 sit
1069 879 1112 931 tet
1126 890 1175 931 ees
1189 875 1227 929 ad
1239 874 1437 930 sacerdotium
1453 873 1504 929 Dei
1515 872 1605 947 deligi
1619 890 1725 945 quasa
1739 874 1801 929 Deo
1816 890 1891 931 eene-

192 969 334 1025 tlominus
348 968 504 1041 increpans
517 972 545 1021 et
559 966 716 1039 indignans
735 964 824 1035 quod,
840 961 1015 1033 contemptis
1069 968 1111 1019 tet
1125 963 1231 1020 audiri.

191 1057 299 1113 divinis
312 1056 623 1129 preceptie,bumeaus
638 1053 788 1109 doctrinas
804 1056 1014 1124 sequerentur:
1106 1054 1156 1109 iti.
1172 1053 1229 1109 Nee
1245 1052 1300 1109 sibi
1317 1052 1400 1124 plebs
1415 1051 1585 1108 blandiatur
1599 1053 1656 1121 (44)
1681 1051 1769 1125 quasi
1793 1052 1890 1109 iminu-

190 1146 313 1218 l'opalas
329 1147 390 1211 istc,
412 1143 517 1215 inquit,
531 1142 612 1198 lobiis
634 1144 693 1197 sais
716 1141 880 1211 honorificet
901 1141 932 1207 ¹⁸,
961 1155 1015 1207 nie,
1070 1144 1116 1199 ais
1132 1159 1196 1199 esse
1210 1142 1372 1215 econtagio
1386 1142 1409 1177 ⁸2
1423 1142 1478 1209 (45)
1493 1141 1592 1197 delicti
1610 1140 1705 1214 possit
1720 1158 1791 1197 cum
1806 1158 1889 1197 sacei-

190 1250 310 1292 corcero
325 1250 420 1289 eorum
449 1234 526 1304 leriae
547 1240 706 1303 separatam
715 1233 753 1287 est
781 1247 799 1283 n
814 1245 857 1285 me
884 1230 918 1283 ¹⁰.
951 1228 1017 1284 Sine
1070 1232 1136 1287 dote
1147 1236 1296 1302 peccatore
1311 1230 1575 1286 communicanset
1595 1230 1631 1285 ad
1648 1229 1799 1299 injustum
1815 1238 1890 1303 atque

190 1340 275 1380 caasa
300 1323 358 1394 (30)
379 1328 477 1377 octeni
500 1322 660 1387 coluntnie,
676 1318 808 1375 visandein
830 1321 855 1373 ct
879 1318 1015 1373 doctrines
1069 1320 1206 1377 illicitum
1236 1319 1383 1391 prepositi
1412 1318 1457 1375 sui
1486 1317 1689 1391 episcopatum
1720 1336 1888 1377 consensum

192 1412 334 1469 liominuin
348 1412 473 1467 docentes
488 1412 567 1479 (lsai.
593 1425 670 1479 xxix,
694 1408 749 1479 l3).
776 1407 856 1470 Quod
873 1406 941 1461 item
959 1406 1014 1461 lle-
1069 1426 1157 1465 auum
1173 1409 1375 1473 commodans,
1391 1409 1496 1464 1024
1520 1407 1637 1479 quando
1662 1424 1716 1479 per
1742 1408 1816 1463 Osee
1832 1424 1889 1479 pro·

192 1500 291 1555 minue
308 1500 338 1555 in
355 1498 508 1571 Evangelio
524 1498 627 1568 repetit
646 1500 676 1551 et
696 1496 766 1551 dicit
782 1512 788 1551 :
805 1496 925 1565 llejicitis
939 1512 1016 1551 rnen·
1068 1499 1187 1572 phetam
1197 1498 1431 1554 commineturet
1441 1496 1519 1551 dicat
1529 1496 1767 1553 censuradii'ina
1783 1514 1791 1552 :
1807 1494 1888 1553 Serri·

190 1589 287 1645 datum
308 1590 357 1644 Dei
371 1594 404 1645 at
431 1587 608 1643 traditionem
631 1589 745 1641 instram
768 1586 892 1640 eminetis
914 1583 1014 1655 (More.
1068 1588 1239 1657 ficieeorem
1261 1592 1393 1658 tanquam
1412 1586 1494 1656 pariis
1518 1586 1725 1652 lactescentes
1747 1588 1798 1657 qai
1820 1602 1888 1641 rinn-

189 1694 240 1743 ιιι,
257 1678 311 1747 13).
335 1676 485 1740 Queante
502 1675 601 1731 oeulos
625 1674 765 1730 babentes
792 1678 822 1727 at
841 1671 966 1728 sollicite
982 1690 1015 1729 ee
1068 1676 1170 1731 clueant
1193 1692 1226 1731 ce
1248 1676 1512 1731 contaminabuntur
1541 1674 1625 1745 losse.
1657 1689 1697 1741 ix,
1729 1674 1769 1745 4),
1793 1674 1888 1729 docens

189 1765 326 1839 religiose
341 1764 572 1832 considerantes,
593 1762 622 1817 in
648 1761 885 1818 ordinationibus
910 1763 1013 1818 1⁰22
1068 1763 1180 1820 seilicet
1194 1770 1223 1820 et
1237 1764 1393 1820 ostendens
1408 1780 1511 1819 omues
1534 1762 1655 1818 omnino
1679 1762 1719 1817 ad
1746 1768 1886 1835 peccatum

189 1856 374 1911 sacerdotum
391 1871 449 1909 non
466 1854 522 1908 nisi
536 1850 741 1907 immaculatos
762 1856 791 1905 et
811 1851 939 1923 integros
960 1868 1013 1906 au·
1067 1852 1228 1925 constringi
1244 1854 1294 1924 qui
1310 1852 1419 1907 fuerint
1434 1852 1455 1887 ¹⁸
1471 1851 1584 1923 profani
1595 1856 1624 1907 et
1641 1850 1747 1922 injusti
1764 1852 1887 1907 sacerdo·

189 1945 297 2001 tistites
311 1943 416 2015 eligere
442 1941 594 2011 debemus,
617 1940 666 2012 qui
683 1945 782 1996 saneto
805 1945 834 1995 et
855 1940 943 2011 digne
958 1942 1012 2013 (40)
1066 1940 1105 1997 tis
1134 1942 1278 1998 sacrificio
1307 1940 1509 1997 contaminati.
1524 1942 1599 2007 Quot
1614 1940 1684 1997 item
1716 1938 1748 1994 in
1763 1940 1889 1997 Numerio

190 2032 334 2090 sacrificia
348 2032 406 2087 Deo
429 2031 583 2086 efferentes
613 2029 707 2084 audiri
732 2029 762 2085 iu
793 2028 927 2099 precibus
956 2030 1012 2103 (41)
1068 2030 1248 2087 manifestari
1265 2030 1445 2100 invenimus,
1460 2028 1580 2102 quaudo
1593 2028 1729 2086 Gboreet
1744 2030 1853 2085 Datlian
1865 2034 1889 2085 et

904 2137 1007 2197 Variae
1021 2137 1182 2199 lectiones.

227 2238 249 2275 ¹⁸
264 2235 454 2292 Sanctificant
471 2236 528 2289 l'er.
570 2234 945 2305 ¹⁰Longeestemetnm.
969 2234 1047 2289 litor.
1071 2234 1136 2291 end.
1162 2234 1305 2291 2001.
1358 2234 1381 2269 ²⁰
1408 2234 1575 2289 Peccatores
1600 2234 1678 2289 tum.
1708 2232 1853 2289 lilonil'd.
1867 2234 1888 2289 1.

190 2310 212 2345 ²¹
229 2305 484 2379 Plenadiligentia
506 2305 568 2375 llei,
592 2310 621 2361 et
635 2304 833 2376 exploratione
847 2304 913 2360 Boii.
940 2306 965 2376 l,
990 2306 1018 2362 2.
1043 2306 1105 2361 Lin.
1127 2310 1204 2363 tom.
1235 2306 1317 2361 dior.
1347 2308 1403 2365 nc.
1421 2305 1447 2361 l.
1486 2306 1510 2339 ²¹²
1524 2304 1705 2375 contagione
1730 2305 1810 2361 Lam.
1834 2307 1887 2361 lia.

191 2381 213 2414 ²³
229 2380 342 2451 Quique
358 2379 467 2433 luerint
482 2378 559 2433 Lam.
576 2378 655 2433 deor.
673 2376 734 2433 tin.
751 2374 805 2431 n'c.
825 2376 850 2442 Ι,
864 2380 891 2431 2.

899 2475 1064 2537 variorum
1080 2482 1175 2537 notae.

226 2576 283 2643 (30)
294 2574 360 2631 Sine
373 2590 469 2629 cuasa.
486 2572 533 2653 Sic
548 2572 844 2644 reddidittlgprianue
866 2587 928 2643 quei
944 2573 1013 2644 Sep·
1068 2572 1265 2645 Dialogorum,
1282 2590 1335 2644 cap
1364 2575 1439 2628 met
1463 2570 1623 2643 Epistolam
1647 2570 1715 2661 ejus
1729 2568 1884 2643 apologeti-

192 2646 305 2719 triginta
332 2645 440 2714 dixere,
472 2656 558 2714 μαι-,ην
591 2638 713 2696 eides-nn
751 2662 794 2715 με.
825 2644 890 2699 Siue
917 2660 1010 2710 caasa,
1065 2661 1131 2701 eam
1161 2648 1194 2699 ad
1217 2643 1388 2700 dlattbaeum
1411 2642 1616 2699 albanensem.
1644 2642 1722 2698 lide
1740 2644 1828 2698 etiam
1850 2642 1882 2699 it.

190 2734 268 2782 aione,
284 2733 436 2789 perperam.
454 2716 571 2770 llicsm.
1065 2718 1226 2772 Antonium
1241 2714 1404 2772 Marcilium
1416 2714 1444 2769 in
1455 2719 1580 2770 tractatu
1597 2713 1633 2770 de
1648 2712 1883 2785 Aquabenedicta

226 2790 281 2859 (lli)
297 2792 397 2845 Sancte
408 2796 433 2843 et
446 2789 539 2853 (ticine.
557 2784 679 2841 Multam
696 2784 809 2840 variant
832 2785 862 2839 in
878 2784 933 2840 hoe
949 2784 1011 2840 loco
1067 2805 1095 2857 p.
1110 2788 1173 2854 200,
1191 2788 1296 2842 Bsiuz.
1312 2818 1345 2827 -
1364 2792 1401 2841 tle
1417 2784 1487 2841 eolis
1502 2784 1706 2842 sacerdotibus
1731 2784 1881 2857 Cyprianus

191 2860 257 2915 libri
281 2866 393 2916 veteres
419 2863 447 2913 et
470 2858 624 2913 editiones.
654 2858 777 2922 Quidam
801 2858 879 2912 enini
903 2856 1013 2913 habeut
1066 2865 1153 2929 atque
1178 2859 1294 2930 collegae
1315 2858 1396 2929 loqui
1418 2858 1563 2926 videntur,
1617 2855 1646 2910 ui
1676 2858 1803 2926 pcccatis
1831 2855 1879 2911 illia

188 2942 280 2987 sancte
293 2939 320 2987 et
341 2932 432 2999 ilique,
456 2929 503 2984 alii
527 2929 609 2997 ‹li'pne
632 2932 657 2983 ct
679 2938 781 2985 sericte.
803 2929 865 2985 l'luo
889 2934 1010 2997 veteres,
1065 2930 1314 2997 contaminantur,
1331 2934 1524 3011 propterque
1545 2943 1582 2983 ex
1595 2872 1661 2999 ffege
1684 2928 1819 2984 Ecclesia
1833 2933 1879 2981 sti·

189 3010 287 3059 scincta
301 3010 328 3057 ct
340 3002 425 3072 iligna
439 3000 589 3069 sacrificia.
608 2999 708 3055 llicez.
1066 3002 1185 3057 cerdotii
1201 3002 1282 3074 iungi
1297 3001 1403 3056 cl'tlciis
1417 3001 1593 3055 desinerent.
1618 2999 1702 3055 itddc
1747 3000 1803 3055 uod
1815 3000 1879 3071 jani·

225 3074 393 3143 (llidadici'
407 3076 437 3128 in
455 3072 590 3153 precibus.
617 3074 744 3125 annotat
766 3070 906 3125 Erasmus
921 3068 1013 3124 videri
1066 3069 1725 3145 depositasdemamlucesceretssasilides.
1766 3088 1842 3127 οιτιι.

189 3146 367 3217 Cyprianum
383 3158 511 3199 sensisse
521 3142 666 3197 secritlcio
676 3140 927 3269 sacerdotisimpii
939 3140 1049 3247 nihilc
1069 3144 1158 3270 Ιυ(12)
1178 3146 1360 3200 Peccatecem.
1382 3142 1503 3199 Codices
1526 3142 1638 3213 aliquot
1662 3142 1810 3198 recensuit
1829 3138 1878 3196 l‘el·

190 3218 277 3284 ellici,
301 3216 392 3271 immo
417 3216 510 3286 magis
535 3213 681 3285 inquinari
705 3213 858 3295 populum.
903 3228 1014 3268 oannes
1101 3214 1507 3287 e,inquibusscriptumeat
1557 3216 1686 3279 ccoiores,
1723 3212 1878 3270 uemadiao·

190 3286 1013 3355 GereoninsermonechoeneDeminiillicceiiseqnen-
1067 3290 1138 3342 dum
1153 3286 1260 3358 legitur
1277 3286 1510 3357 incoruptione
1545 3285 1711 3355 stistiedu
1746 3282 1879 3339 sulcata·

191 3368 233 3415 tcr
248 3376 298 3413 cac
312 3360 467 3429 Uinicianus
491 3372 517 3411 ei.
540 3358 593 3411 alii
615 3356 733 3413 ibriones
755 3358 881 3427 plurimi,
897 3372 1014 3427 quorum
1067 3358 1147 3414 dices
1163 3356 1305 3414 nonnulli.
1323 3358 1433 3413 llouru.

190 3431 266 3485 dicto
281 3432 439 3485 recitentur
449 3431 478 3485 in
493 3428 616 3497 ‹lec-retis,
639 3436 787 3498 prosuerunt
810 3428 885 3483 nibil
905 3427 967 3496 ficri
983 3429 1014 3482 in
1102 3430 1160 3498 (43)
1173 3430 1326 3499 diligentia
1345 3432 1371 3483 et
1396 3427 1596 3501 exploratione.
1622 3428 1666 3483 lta
1694 3424 1878 3499 reponendum

190 3504 370 3557 sacramentis
384 3500 513 3569 ni'lilqae
526 3501 649 3570 coenni
663 3517 678 3553 a
694 3499 886 3554 schismaticis.
903 3498 976 3552 Vide
987 3498 1011 3567 l,
1067 3516 1131 3557 csse
1146 3502 1304 3556 arbitratus
1330 3516 1396 3555 siim
1421 3499 1555 3581 quamvis
1576 3498 1745 3621 conpunctio
1767 3496 1836 3553 desit
1844 3494 1877 3576 'in

192 3590 220 3643 q.
238 3574 296 3631 l,in
312 3573 425 3626 ilecrrto
440 3571 579 3625 Gratiani.
592 3572 674 3642 Apud
686 3571 834 3625 litlicrium
848 3576 877 3625 et
892 3569 1012 3625 beatum
1068 3578 1132 3627 octo
1148 3572 1231 3627 libris
1246 3571 1394 3628 veteribus
1408 3588 1434 3625 ei
1449 3570 1479 3625 in
1495 3568 1622 3625 editione
1633 3569 1768 3625 ilanutii.
1785 3568 1876 3623 lectio·

191 3644 220 3697 in
246 3644 320 3698 libro
353 3642 447 3713 primo
471 3644 610 3696 adversus
639 3642 815 3713 Elipandum
839 3640 1012 3696 Toletanum
1070 3640 1876 3715 nemeuimillampraeieruntvetereseditionese-tduo·

191 3715 335 3785 eeriptum
351 3719 395 3769 cst
417 3714 592 3769 sacrificium
615 3714 715 3767 altaris
741 3714 837 3768 ollerri
854 3729 911 3767 non
929 3728 1013 3783 posse
1068 3716 1162 3770 decim
1177 3714 1243 3769 libri
1258 3720 1380 3769 veteres.
1397 3713 1428 3769 ln
1451 3714 1609 3768 sorbonico
1633 3712 1742 3784 legitur
1757 3728 1764 3767 :
1780 3714 1878 3788 000)οζ

191 3803 242 3856 per
265 3785 426 3856 quemlibet
449 3785 639 3849 sacerdotem,
671 3785 720 3839 sed
759 3801 809 3855 per
832 3784 1012 3840 sacerdotem
1067 3788 1143 3857 qaod
1156 3791 1181 3842 et
1193 3788 1277 3857 plene
1291 3785 1476 3854 indulgentia,
1491 3784 1684 3851 exploratione
1705 3780 1876 3840 sincerulm

191 3865 327 3912 sanctum
342 3862 371 3911 et
381 3856 507 3926 justum.
524 3855 660 3910 Albertus
679 3856 829 3911 stadensis
844 3854 1014 3911 describeris
1068 3874 1154 3913 nemo
1169 3874 1227 3914 non
1242 3857 1319 3913 videt
1331 3857 1540 3926 transpositam
1565 3870 1631 3910 esse
1656 3854 1876 3927 conjunctionem

188 3928 340 3984 historiam
355 3929 552 3999 quorumdam
568 3926 771 3983 hereticorum
787 3926 838 3999 qui
854 3926 1013 3983 00001248
1067 3932 1096 3983 et
1110 3930 1267 3999 legendum
1282 3944 1348 3983 esse
1360 3928 1445 4000 plenu
1457 3926 1629 3997 inclalgentio
1642 3936 1670 3981 et
1693 3926 1877 3997 explorationi

188 4005 338 4069 cmpcrunt
349 3998 495 4071 pullulare
512 4000 540 4053 iu
557 3997 685 4053 Ecclesia
702 3998 760 4061 liei,
772 4000 813 4054 ait
824 3998 889 4055 illos
904 3998 1014 4054 dixisse
1067 4016 1101 4056 eo
1117 4002 1203 4055 inodo
1218 4017 1276 4071 quo
1291 4000 1388 4071 posita
1401 4004 1446 4055 est
1461 3998 1630 4068 conjunctio
1646 3998 1677 4053 iu
1692 3996 1778 4054 libris
1791 3996 1837 4069 qui
1849 3990 1878 4047 il·

188 4072 355 4127 sacerdotes
369 4070 399 4125 in
414 4071 541 4141 peccetis
558 4070 739 4151 ‘mortalibus
762 4072 938 4125 constitutos
953 4084 1010 4125 non
1066 4071 1259 4128 lambebant.
1275 4071 1372 4127 Codex
1397 4070 1537 4125 l'uiiensis
1553 4084 1561 4123 ι
1576 4074 1617 4125 Pr
1651 4074 1696 4125 ter
1713 4068 1788 4195 pund
1811 4068 1879 4138 etesi

188 4160 275 4213 posse
290 4144 432 4197 conticere
447 4141 666 4197 cucharistiam.
684 4142 715 4195 ln
739 4141 872 4197 articulis
888 4139 1012 4195 Wielelll
1067 4142 1455 4212 indulgenlineteeemploet
1471 4142 1589 4197 reeens.
1643 4140 1694 4197 ine
1724 4144 1834 4197 ormata
1844 4140 1880 4193 est

187 4214 337 4270 damnatis
352 4214 381 4268 in
392 4212 515 4269 consilio
525 4212 741 4270 Constantiensi
752 4212 859 4283 legitur
875 4230 882 4279 ;
898 4214 931 4267 ai
944 4214 1013 4283 epis·
1066 4230 1119 4269 vox
1133 4215 1333 4286 exploratione,
1350 4218 1382 4268 ut
1396 4212 1427 4267 in
1443 4210 1532 4269 simili
1548 4208 1613 4267 lece
1628 4212 1880 4281 notavimuesuprt

186 4302 267 4357 copas
283 4286 324 4341 act
337 4284 462 4341 secentas
476 4289 516 4340 est
530 4286 560 4340 in
579 4292 691 4356 peccato
712 4286 834 4351 amicti,
858 4299 914 4339 ime
937 4282 1011 4339 ordi·
1066 4286 1102 4340 ad
1119 4285 1279 4357 Epistulam
1295 4302 1344 4351 eii,
1359 4300 1396 4356 pa
1420 4326 1426 4339 .
1442 4284 1505 4339 442.
1518 4288 1625 4338 Bicuz.

187 4366 247 4421 riui,
280 4374 336 4413 sion
365 4356 485 4426 carificit,
518 4371 574 4411 non
605 4362 755 4420 consecrat,
790 4371 844 4411 non
879 4356 1009 4425 baptimi.
1104 4356 1159 4429 (44)
1171 4357 1225 4413 llice
1237 4357 1293 4412 sili
1305 4356 1380 4427 plebs
1395 4300 1662 4411 {condescendens
1673 4354 1772 4411 locuni
1787 4344 1880 4429 alicubi

187 4429 295 4483 loanni
309 4429 344 4483 dc
358 4427 502 4483 Verennie
517 4428 626 4499 pastori
643 4428 736 4482 sancti
762 4428 831 4483 Leti
847 4427 878 4482 in
893 4426 1010 4481 diceeesi
1066 4433 1214 4484 mutatum
1225 4432 1254 4484 et
1264 4426 1474 4499 interpolatum
1489 4423 1590 4483 retulit
1603 4422 1878 4497 sigemsscholuii·

189 4499 327 4555 Reniensi
343 4499 491 4567 objectum
507 4504 551 4554 est
565 4498 666 4553 eadem
683 4503 856 4570 tempestate
870 4498 1011 4569 quodpa-
1065 4516 1117 4555 eus
1133 4500 1301 4556 leodiensis
1317 4501 1346 4554 in
1362 4498 1436 4554 libro
1460 4496 1702 4554 dediaeiiccrdia
1720 4508 1750 4553 ei
1770 4492 1877 4557 desiliit,

190 4570 261 4625 elice
284 4569 445 4639 praedicauit
470 4571 541 4640 qnod
561 4570 717 4640 presbyteri
745 4569 934 4626 concubinarii
955 4585 1012 4624 non
1026 4554 1049 4620 D
1064 4586 1128 4641 cap.
1145 4574 1191 4637 81,
1207 4576 1235 4627 et
1251 4575 1317 4643 post
1330 4569 1465 4639 sacrificae
1482 4571 1672 4625 contaminati
1685 4562 1878 4625 nonnullaed·

188 4640 371 4709 conficiebant
392 4657 491 4709 cerpus
516 4641 626 4708 Christi,
653 4647 685 4697 ut
702 4642 799 4697 videre
826 4646 871 4698 est
885 4643 916 4696 in
930 4644 1010 4695 tomo
1066 4642 1141 4697 didit
1151 4660 1214 4713 que
1230 4658 1324 4713 neque
1340 4640 1504 4713 invulgatis
1518 4639 1699 4697 editionibus
1713 4642 1828 4697 exstant
1840 4650 1877 4691 nc·

186 4712 315 4781 primoli
338 4712 576 4771 eruinGereouii.
589 4712 845 4784 poterimusne
861 4712 1009 4767 editionis.
1066 4729 1123 4783 que
1148 4716 1177 4769 in
1200 4714 1351 4770 codicibus
1379 4711 1600 4784 manuscriptis,
1626 4713 1666 4767 lla
1693 4712 1737 4769 eie
1765 4710 1876 4766 habui:

185 4784 268 4853 Apud
285 4782 307 4837 Ο
330 4782 441 4838 oricum
459 4782 653 4855 lteyneldum,
667 4801 744 4839 anno
763 4786 840 4849 iiie,
855 4786 869 4851 ,t
885 4784 929 4847 17,
945 4800 1009 4838 css·
1065 4785 1158 4841 Nonne
1182 4789 1258 4842 enini
1277 4787 1343 4857 qaia
1365 4785 1449 4840 Jonas
1475 4800 1540 4841 cuni
1553 4784 1743 4840 inobedientia
1770 4784 1834 4838 esset
1852 4778 1875 4831 lt

184 4859 227 4909 tat
242 4853 324 4910 bulla
338 4854 453 4910 lilartini
471 4856 553 4925 Pupir
568 4854 600 4919 V,
618 4856 757 4911 adversus
781 4855 932 4911 Nicolaum
957 4856 1010 4909 Se·
1064 4858 1139 4921 nem,
1154 4860 1233 4913 aeriis
1254 4856 1463 4928 periclitabatur
1486 4858 1604 4921 comeri,
1627 4856 1697 4927 qaia
1721 4854 1809 4909 10100
1828 4862 1875 4907 cu

183 4926 332 4982 rurorium
361 4926 550 4996 predicantem
584 4928 662 4997 quod
687 4930 778 4983 oratio
801 4944 833 4982 ea
857 4933 886 4981 et
910 4943 1009 5009 preces
1064 4930 1241 4985 anathemate
1255 4930 1367 4983 lamina
1388 4930 1554 4984 oureaeeret
1580 4927 1611 4983 in
1640 4926 1742 4991 lsrael,
1757 4922 1873 4983 aaran

183 4997 319 5054 missales
357 4997 572 5069 resbyterorum
592 4997 708 5068 publice
734 4998 1009 5055 concubinariorum
1063 5015 1209 5068 percussas
1231 5008 1258 5056 et
1276 5001 1389 5071 sagatus
1410 5006 1452 5055 est
1470 5000 1504 5054 eli
1524 4998 1594 5055 erlis
1618 5000 1688 5055 liei.
1712 4998 1746 5055 δι’
1765 5010 1826 5067 erae
1842 4996 1872 5045 tlt

183 5015 391 5152 erantnulfius
403 5068 511 5152 valoris
526 5072 555 5124 et
571 5070 756 5193 presbpteros
771 5069 887 5141 publice
902 5085 1008 5125 concii·
1062 5073 1240 5141 penitense
1252 5074 1281 5127 in
1296 5070 1389 5139 colere
1402 5072 1530 5141 4000000,
1544 5068 1614 5143 qaid
1622 5070 1671 5141 fiet
1686 5072 1718 5126 in
1731 5064 1869 5127 macuati

183 5142 313 5197 binarios
327 5156 392 5197 esse
409 5156 522 5212 peiores
543 5140 559 5195 J
565 5141 630 5195 uda.
680 5142 727 5197 ide
750 5142 921 5213 Gregorium
949 5139 1008 5210 Vll,
1063 5144 1285 5200 consentientes?
1299 5146 1405 5199 01000.

183 5211 234 5267 lib.
252 5230 290 5276 iv,
307 5212 382 5284 Epic.
401 5214 445 5275 10,
471 5214 515 5277 11,
538 5212 584 5277 20,
600 5216 629 5267 et
656 5218 740 5269 notas
763 5219 880 5270 nestrae
895 5213 931 5267 ad
948 5214 1009 5283 Age
1101 5216 1155 5279 (45)
1170 5216 1312 5286 contagio.
1330 5214 1394 5269 llee
1409 5211 1495 5268 lectio
1515 5212 1593 5269 bona
1605 5215 1665 5270 est.
1679 5204 1864 5269 admonenda

185 5283 321 5351 bardum,
338 5301 402 5357 pag.
418 5284 463 5337 ee.
481 5285 673 5354 Contraapud
700 5284 872 5341 Gratianum
894 5285 919 5339 l.
935 5300 963 5365 q.
981 5284 1007 5350 1,
1063 5289 1110 5341 est
1124 5287 1323 5342 tamenleetor
1337 5284 1437 5351 eliam,
1453 5300 1518 5356 quei
1532 5283 1623 5341 babet
1636 5284 1800 5353 mutuemur
1819 5284 1864 5331 ⁶¹¹⁰

184 5370 248 5435 cap.
261 5358 337 5411 lntre
353 5356 525 5435 Catholicum¹
536 5356 660 5410 retertur
680 5356 762 5414 locus
777 5374 812 5413 es
830 5360 1007 5427 Augustino,
1064 5358 1152 5413 etiam
1167 5359 1320 5430 optimam,
1336 5359 1369 5412 ut
1383 5353 1603 5428 agnoritetiam
1629 5354 1784 5414 Pameliue.
1799 5324 1862 5417 leque

183 5442 212 5477 in
228 5442 285 5497 quo
301 5427 444 5498 scriptum
461 5432 506 5483 eet
521 5433 597 5482 intra
612 5428 787 5485 catholicam
803 5427 961 5485 Ecclesiam
977 5428 1007 5481 in
1064 5445 1131 5484 cum
1152 5429 1292 5485 alterutra
1312 5444 1414 5484 earum
1449 5425 1610 5483 lectionum
1630 5426 1782 5485 00000000
1798 5418 1861 5479 mltis

183 5498 322 5567 mysterio
337 5498 467 5570 corporis
482 5503 511 5555 et
525 5500 680 5569 sanguinis
696 5501 810 5556 llomini
822 5499 893 5556 nibil
908 5500 1008 5554 abono
1064 5499 1122 5555 alia
1138 5502 1307 5573 reJicienda‚
1323 5514 1388 5555 eam
1403 5498 1584 5556 retinuimus
1606 5516 1674 5571 quai
1695 5500 1806 5571 0000))ίᾶ
1823 5488 1860 5546 til

184 5568 289 5639 magia,
306 5568 379 5625 nibil
394 5587 411 5625 a
426 5568 503 5626 malo
519 5570 619 5627 miuus
634 5572 733 5643 perlici
759 5572 918 5629 sacerdote.
934 5569 1009 5627 Vide
1066 5573 1169 5629 Baeuz.

182 5641 335 5711 Hugonem
350 5639 604 5713 archiepiscopum
617 5641 896 5718 llotbomageusem,
910 5640 963 5699 lib.
978 5658 1006 5697 v.
