3892 6104
1572 39 1582 50 t
1792 40 1803 51 ἡ

1597 66 1602 73 .
1661 64 1672 81 ,
1720 39 1803 89 ’,ις--

1657 115 1667 123 Ι.
1798 102 1805 115 Ι

113 262 192 325 1113
642 260 695 323 DE
715 260 1014 325 uusmcouull
1033 258 1288 323 BAP'EISHA'EE
1744 258 1826 323 1111

113 393 211 451 solum
226 394 375 466 baptisma
389 394 478 451 unius
502 393 637 451 Ecclesia
661 397 767 453 salvari
796 414 850 453 nos
879 397 981 463 nonA
1030 394 1100 451 xli..
1116 395 1294 451 Observatur
1305 394 1432 469 itaquae
1446 394 1722 466 nobisettsnatur,
1738 396 1823 453 inter

114 498 209 554 posse.
225 485 254 539 ln
271 500 346 548 orco,
363 484 470 555 inquit,
481 486 536 541 ltoe
549 486 641 557 poem,
657 485 746 553 idest,
763 494 821 543 orto
835 488 938 543 enimse
992 484 1176 551 charissime,
1191 483 1379 556 exploratset
1392 490 1547 557 perspecta
1560 484 1698 555 tamisis,
1717 490 1751 539 ut
1759 500 1819 539 om·

113 573 256 629 hominurn
267 574 402 645 (iltutus
419 576 502 645 sactu
525 578 590 631 sunt
611 592 664 647 per
685 594 795 648 uquam,
812 578 886 647 quod
911 584 938 631 et
993 589 1044 629 nes
1060 572 1110 645 qui
1129 588 1164 629 ex
1179 589 1354 645 quocunque
1384 573 1485 629 heresi
1503 573 1539 629 sd
1568 572 1734 631 Ecclesiam
1753 588 1817 629 eon·

111 662 297 717 versimiliter
310 663 400 718 sulcos
427 664 512 733 societ
533 666 667 737 ioptismu
682 666 707 735 (l
729 670 803 721 Petr.
820 681 861 731 ιιι,
891 664 937 735 20,
991 666 1154 731 vertuntur,
1167 662 1396 718 Ecelesisunieo
1409 662 1579 735 etlegitime
1592 662 1814 735 baptismsbsp-

111 750 168 820 21).
184 750 277 813 Onam
293 750 373 805 brevi
383 756 411 806 et
422 752 546 824 spiritali
563 754 738 827 compendio
754 754 876 811 unitatis
890 769 937 809 ss·
991 754 1127 819 tizeutur,
1142 753 1270 823 exceptis
1280 751 1327 807 his
1341 752 1392 823 qui
1406 752 1544 823 baptizati
1555 752 1587 807 in
1598 750 1731 809 Ecclesia
1740 752 1812 823 prius

112 844 296 895 crumentum
312 840 529 898 manifestavit!
547 844 620 901 Nam
641 847 674 899 ut
699 843 730 897 in
756 841 806 898 illo
834 841 938 899 mundi
991 842 1116 909 luerent,
1132 846 1161 897 et
1174 841 1217 897 sie
1232 840 1269 896 ad
1283 839 1435 897 hereticos
1463 840 1644 897 transierant
1668 839 1735 912 (10).
1752 838 1810 897 lllos

113 926 271 1000 baptismo,
287 928 490 999 quoiuiquitas
503 932 625 1005 antiqua
639 938 764 1003 purgata
776 936 831 997 est,
847 930 936 1004 quiin
991 931 1209 1002 enimoportet,
1226 945 1293 986 cum
1309 928 1442 995 redeunt,
1473 934 1539 986 acta
1567 928 1739 1001 paenitentia
1764 946 1808 1002 per

113 1031 181 1071 arca
195 1016 252 1071 Noe
270 1033 328 1071 non
344 1016 408 1083 iuit,
426 1036 482 1075 ιιοιι
499 1022 594 1092 potuit
612 1038 663 1093 per
678 1037 784 1093 aquam
808 1020 938 1079 salvatus
991 1036 1098 1076 manus
1108 1019 1326 1092 impositionem
1340 1018 1440 1075 1181
1452 1018 1545 1075 solam
1556 1016 1647 1091 recipi
1657 1017 1723 1073 etin
1733 1018 1806 1089 evile,

113 1104 176 1159 lieri
191 1104 241 1175 (ti),
257 1104 298 1159 ita
314 1120 368 1161 nec
392 1123 469 1162 nunc
490 1114 585 1181 potest
601 1126 652 1181 per
677 1110 858 1183 baptismum
878 1109 937 1167 ssl-
991 1110 1069 1165 unde
1084 1114 1259 1172 erraverant,
1275 1124 1293 1163 a
1308 1112 1423 1180 pastore
1437 1107 1563 1164 restitui.
1578 1107 1655 1179 Opto
1681 1106 1807 1165 tuimur

113 1194 303 1248 ratusvideri
319 1195 368 1266 qui
386 1196 550 1268 baptizatus
575 1200 605 1254 in
635 1199 764 1255 Ecclesia
793 1216 851 1255 non
880 1204 935 1272 est,
992 1198 1176 1266 charissima,
1191 1196 1518 1270 semperbensualere.

114 1282 314 1352 qursadnreas
343 1284 432 1341 unius
462 1292 681 1343 sacramentum
696 1288 850 1345 [lominica
870 1290 937 1345 uni-

114 1376 175 1427 tate
189 1370 229 1442 (a)
245 1371 367 1428 lundata
381 1379 437 1429 est.

113 1506 544 1519 ————-————
553 1513 664 1520 --—.—

574 1611 784 1675 EPISTOLA
806 1614 839 1675 S.
866 1611 1074 1677 ereetum
1091 1611 1150 1673 eo
1172 1609 1360 1675 MAGNUM

362 1750 397 1787 ot?
427 1750 612 1790 Batulzsuots
636 1752 802 1791 uovnulslsss
817 1752 851 1791 ll‘l'
878 1754 914 1791 ult
928 1752 965 1793 ns
980 1752 1025 1799 Qut
1041 1752 1072 1789 111
1087 1750 1172 1789 LEOE'O
1182 1750 1304 1790 1111111111
1317 1748 1550 1797 ῦθΙΒΒΟῦῦΜΰΒ.

114 1978 336 2029 hrrnuueurun.
350 2004 385 2015 -
400 1976 587 2047 ltespoudetur
597 1976 694 2046 quue
705 1980 843 2050 inquienti
856 1995 892 2034 nn
906 1995 925 2035 o
938 1978 1090 2035 Nouotiono
1103 1978 1243 2033 uenientes
1270 1977 1361 2033 denuo
1384 1975 1556 2048 baptizandi.
1570 1978 1610 2031 Et
1622 1976 1758 2048 primore
1769 1976 1811 2033 11.

148 2064 354 2134 Scripturnrum
366 2067 521 2121 testimonio
536 2076 628 2122 enims
640 2068 796 2124 statuetur.
812 2070 948 2137 legitimo
962 2070 993 2123 in
1003 2066 1133 2123 cetiudrc
1145 2067 1224 2123 Petri
1236 2066 1368 2121 successio
1380 2074 1421 2121 cst
1442 2068 1518 2121 certe
1530 2066 1651 2121 unitatis
1664 2074 1744 2122 noto.
1759 2066 1814 2123 list·

148 2154 216 2207 tutts
225 2159 429 2208 uestimentum
443 2170 496 2210 nen
511 2160 618 2211 tontum
632 2158 745 2211 monitis
753 2166 780 2212 et
801 2157 945 2228 exemplis,
959 2158 1007 2213 sed
1015 2164 1041 2213 ct
1050 2157 1137 2227 putris
1147 2157 1178 2211 in
1191 2155 1379 2226 delinquentes
1393 2154 1816 2225 erroqnsissencitunoetinu

147 2242 206 2307 lici,
225 2240 289 2295 ticet
302 2242 427 2313 Sqrnlroti
441 2258 514 2299 uoces
527 2249 690 2316 agnoscant,
705 2245 785 2315 tidem
800 2248 888 2317 ipsam
901 2246 1050 2317 denegent.
1062 2245 1201 2315 Exemplis
1211 2244 1366 2300 ostenditur
1374 2252 1476 2316 quanto
1484 2260 1548 2299 cum
1560 2245 1687 2315 periculo
1698 2244 1816 2303 Ecrlssiae

147 2346 214 2399 praec,
231 2330 292 2385 ticet
307 2331 375 2399 fides
390 2335 628 2403 interseruerunt,
643 2332 770 2390 violetur.
789 2334 950 2402 liiqreditur
977 2335 1132 2405 cyprianus
1158 2332 1194 2389 od
1210 2332 1404 2390 hereticorum
1425 2332 1573 2404 hostiense,
1590 2348 1660 2403 quos
1687 2332 1815 2405 Spiritum

146 2426 270 2473 sunctum
283 2418 349 2474 «iore
363 2436 438 2490 posse
451 2430 553 2493 nequi,-
567 2432 626 2478 tum
637 2422 816 2490 rospondetde
829 2424 996 2479 clinicorum
1009 2424 1152 2489 tinctione,
1164 2421 1197 2475 de
1209 2419 1414 2492 aspersionecd
1429 2420 1625 2476 immunditias
1631 2421 1814 2488 tollendum

147 2506 239 2575 qratia
255 2510 284 2561 in
299 2508 434 2577 baptismo
449 2510 566 2578 cetlole,
583 2513 623 2567 uei
645 2511 797 2567 minuendo
812 2516 876 2567 ectu
889 2516 984 2568 nostro
997 2512 1040 2567 usl
1053 2510 1194 2580 augendo.

219 2630 385 2687 Crnnrnnns
400 2650 497 2689 uacuo
522 2652 594 2691 suro
615 2637 670 2709 (11)
686 2654 828 2693 saturnu.
951 2635 1065 2703 Bticos
1093 2638 1122 2690 et
1151 2632 1355 2689 schismaticos
1379 2631 1453 2687 nihil
1479 2632 1588 2689 hahere
1620 2634 1812 2707 potestatiasc

149 2716 171 2773 l.
188 2722 243 2773 Pro
270 2722 322 2775 tus
345 2720 482 2793 religiosa
510 2723 661 2796 diligentia
682 2723 858 2781 consuluisti
876 2740 939 2781 me·
989 2724 1078 2796 juris.
1102 2727 1224 2795 Propter
1252 2722 1330 2796 quod
1356 2720 1537 2778 Novatianus
1565 2737 1622 2777 nec
1654 2722 1811 2789 debetnec

113 2805 292 2863 diocritatem
332 2814 472 2879 nostruin,
517 2812 557 2867 lili
583 2812 766 2879 charissime,
796 2830 832 2868 on
863 2812 940 2871 inter
992 2817 1089 2885 potest
1104 2812 1195 2885 excipi
1215 2810 1373 2885 quominus
1392 2810 1454 2883 ipse
1481 2825 1601 2885 quoque
1625 2816 1710 2867 extra
1724 2810 1810 2867 Eccle-

111 2898 230 2951 eeteros
245 2895 405 2967 hereticos,
428 2914 478 2955 eos
507 2916 624 2973 quoque
652 2902 702 2973 qui
733 2920 749 2957 a
776 2902 937 2957 Novatieno
992 2901 1251 2970 sismconsistens‚
1271 2902 1417 2955 etcontrs
1440 2914 1542 2972 paoem
1570 2915 1607 2956 ac
1633 2898 1807 2956 dilectionem

111 2984 233 3039 ueniunt
261 2990 327 3056 post
356 2986 512 3057 profanum
553 2990 629 3060 ejus,
657 2988 805 3046 lavacrum
833 2988 936 3046 1188
991 2990 1097 3047 Christi
1115 2987 1234 3055 taciens,
1255 2988 1332 3043 inter
1359 2988 1543 3045 adversarios
1566 2992 1597 3045 et
1624 2988 1803 3045 antichristos

112 3071 252 3143 baptizari
282 3079 310 3128 et
339 3076 515 3133 sonctisscari
545 3078 574 3132 in
617 3076 746 3135 Ecclesia
781 3076 934 3147 catholica,
990 3083 1184 3150 computetur.
1201 3078 1301 3149 Neque
1326 3076 1405 3133 enlm
1434 3076 1581 3133 Dominus
1610 3082 1711 3134 noster
1731 3076 1804 3133 lesus

111 3158 242 3233 legitimo
265 3166 293 3217 et
321 3180 386 3219 voro
411 3170 439 3221 ot
474 3166 560 3222 unice
589 3166 720 3223 Ecclesirs
742 3168 888 3239 baptismo
911 3168 934 3202 ⁸²
989 3168 1122 3225 Christus
1137 3182 1203 3221 cum
1219 3167 1249 3220 in
1264 3163 1418 3238 Evangelio
1446 3181 1500 3220 suo
1528 3170 1690 3221 testaretur
1717 3166 1801 3219 adver·

113 3254 255 3321 oporteat.
284 3256 396 3324 Deque
421 3271 462 3322 re,
483 3261 627 3327 quantum
657 3256 734 3327 ildei,
765 3260 856 3311 nostae
884 3273 935 3312 ea·
989 3256 1246 3311 sariossuosesse
1270 3269 1319 3309 eos
1348 3254 1398 3325 qul
1426 3269 1527 3310 secum
1550 3258 1732 3317 nonessent‚
1757 3248 1798 3307 all·

113 3338 224 3409 panitas
244 3343 272 3396 si
299 3342 517 3414 Scripturarum
543 3344 706 3400 divinorum
733 3344 874 3400 sanctitas
901 3360 934 3401 ac
988 3360 1078 3417 quum
1107 3342 1233 3415 speciem
1258 3341 1400 3399 hereseos
1428 3343 1606 3415 designavit,
1636 3344 1687 3400 sed
1712 3354 1795 3397 omues

110 3426 217 3483 veritas
228 3431 368 3501 suggerit,
382 3432 508 3488 dicimus
520 3450 622 3489 omnes
636 3434 693 3506 (¹2)
708 3433 828 3489 omnino
841 3432 933 3489 hers·
987 3433 1107 3489 omnine
1121 3432 1144 3467 ⁶³
1158 3431 1209 3505 qui
1221 3448 1321 3488 seeum
1338 3448 1395 3487 non
1408 3436 1507 3487 essent
1518 3432 1576 3503 (13)
1591 3438 1621 3488 et
1640 3448 1735 3490 secum
1747 3442 1790 3485 nou

825 3560 927 3621 Varie
940 3558 1101 3621 leetiouea.

145 3658 168 3693 ⁸²
184 3658 273 3715 Unico
285 3660 460 3732 ponitentiae
476 3664 623 3737 baptismo
638 3664 702 3722 dod.
717 3667 831 3722 tomen.
847 3666 870 3703 ⁶⁸
885 3666 1042 3721 llereticos
1055 3664 1136 3719 addit
1155 3662 1243 3719 deon.

779 3790 888 3870 Steph.
911 3789 1027 3853 Balozii
1048 3795 1143 3851 note.

148 3889 186 3961 (7)
204 3889 268 3946 Octo
282 3894 387 3949 onimu‘
406 3893 558 3951 tonainum.
575 3896 620 3951 Sic
649 3896 834 3951 restituimus
858 3896 936 3953 hunc
991 3894 1035 3964 lili
1049 3895 1292 3957 charissimesem
1310 3894 1521 3950 erheueuclere.
1533 3892 1660 3949 Sancite
1673 3890 1782 3961 scriptum

112 3958 252 4016 looumex
264 3963 320 4017 ilde
329 3969 393 4020 noto
406 3966 546 4021 librorum
555 3972 722 4023 nostrorum
739 3974 825 4024 etsex
836 3967 937 4037 Angli·
992 3971 1038 4021 est
1052 3966 1082 4020 in
1098 3964 1275 4020 editionibus
1290 3910 1425 4030 ilanutii,
1445 3962 1579 4033 pamelii,
1592 3963 1626 4019 lii
1648 3962 1715 4031 allii¹
1730 3958 1782 4017 siin

114 4048 265 4088 canorum.
282 4034 355 4089 Nam
371 4041 399 4091 et
413 4037 528 4092 inirain
545 4038 668 4110 epistola
683 4056 859 4111 eanvupag.
874 4040 936 4107 152,
993 4036 1161 4109 Anglicana.
1205 4037 1380 4091 stratores
1410 4034 1554 4091 editiones
1592 3980 1697 4091 haione
1714 4034 1782 4103 [rute

112 4104 154 4158 ita
167 4104 255 4158 etiam
271 4104 377 4177 legitur
391 4114 422 4161 ut
439 4109 513 4165 istic.
529 4115 603 4165 Sane
619 4127 671 4165 rou
685 4112 831 4166 hominum
843 4114 938 4167 exstat
990 4106 1243 4171 charissimeouod
1256 4106 1596 4178 modeoosreposuimus
1608 4102 1780 4163 auctoritatem

114 4175 143 4229 in
160 4176 282 4245 epistola
297 4178 390 4233 saneti
406 4179 483 4235 Petri
508 4196 559 4235 nec
574 4182 650 4253 apud
676 4182 885 4254 Hieronymum
905 4182 934 4237 iu
991 4180 1081 4235 secuti
1106 4183 1234 4235 veterum
1264 4179 1425 4234 editionum
1451 4182 1479 4233 et
1507 4183 1638 4233 veterum
1658 4177 1781 4233 librorum·

111 4245 227 4317 dialogo
244 4248 382 4305 adversus
399 4250 603 4309 luciferianos.
990 4250 1376 4307 Sentitlleinhartusvitium
1391 4248 1528 4305 editionis
1539 4248 1781 4330 Rigaltians,qusu

148 4320 188 4389 (li)
203 4318 449 4377 Soluntussddcri.
472 4324 618 4379 Editiones
646 4324 756 4379 habent
777 4322 884 4379 sulvus.
901 4326 974 4393 etc
993 4323 1052 4379 lere
1071 4322 1254 4394 sequebatur,
1284 4326 1314 4377 et
1336 4320 1435 4377 emisit
1461 4335 1561 4377 vocem
1592 4320 1660 4395 filit,
1681 4318 1782 4376 naun·

112 4404 166 4461 ego
181 4392 445 4465 reposuiscluotua‚
461 4400 579 4450 secutus
601 4397 631 4450 in
661 4396 715 4451 hoc
734 4396 937 4451 auctoritatem
993 4392 1165 4463 simpliciter
1194 4411 1201 4449 ε
1232 4391 1305 4460 Opta
1327 4398 1362 4458 te,
1390 4394 1566 4460 charissime,
1604 4406 1706 4463 semper
1737 4390 1783 4443 tm

113 4460 250 4516 tredecim
262 4464 473 4536 exemplarium
483 4472 648 4523 nostrorum
659 4471 688 4522 et
696 4472 823 4539 quatuor
836 4466 937 4539 Angli·
990 4466 1089 4521 stetere.
1108 4466 1208 4536 ltaque
1218 4464 1351 4521 restituta
1360 4463 1572 4532 resaisitione,
1589 4466 1780 4535 ruiturguutt·

113 4546 264 4587 canorum.
990 4536 1061 4592 tatio
1089 4535 1217 4592 auctoris
1242 4534 1314 4591 Vite
1338 4534 1432 4591 sancti
1464 4534 1612 4607 Cypriani.
1635 4534 1713 4599 Quod
1734 4540 1780 4609 vert

148 4602 188 4671 (9)
204 4608 350 4660 Dominirc
366 4610 481 4663 unitate.
507 4607 598 4665 Vetus
626 4610 714 4665 codex
745 4608 936 4680 Remigianus
990 4606 1152 4680 Cyprianus
1167 4607 1305 4679 Magnum
1323 4605 1431 4663 laicum
1444 4611 1528 4662 voest
1543 4604 1648 4675 illium,
1664 4598 1783 4661 descendi

113 4677 141 4727 et
161 4678 222 4728 tres
245 4677 396 4747 anglicani
427 4679 536 4735 hahent
568 4680 715 4738 dominice
742 4682 937 4736 oisenrotionis
993 4678 1071 4735 istud
1087 4670 1782 4751 exdisciplinavetarumepiscoporumseperta

116 4746 229 4800 uirtute.
990 4754 1131 4819 tororum,
1147 4750 1210 4849 qui,
1236 4754 1270 4805 ut
1286 4748 1479 4821 Hieronymus
1506 4748 1537 4803 in
1557 4744 1729 4829 Epistolscd
1772 4766 1782 4781 ·

149 4816 204 4885 (lu)
220 4816 261 4873 Ad
275 4817 603 4877 liureticusirensieruni.
620 4826 702 4878 Unus
718 4824 805 4878 ceder
827 4822 935 4895 regius,
990 4823 1085 4877 runem
1096 4822 1131 4876 de
1146 4820 1293 4876 liduitsle
1307 4821 1451 4877 seruanda
1465 4820 1515 4887 ait,
1532 4836 1586 4892 pro
1600 4819 1693 4875 cilicio
1714 4826 1782 4873 mter

113 4886 306 4945 cdhoeretiros
321 4890 475 4947 discessisse
491 4898 690 4949 nronstroutur.
721 4895 886 4949 Lectionum
920 4911 938 4949 a
990 4892 1179 4947 ‹lotiiomnes
1198 4891 1379 4949 Christianos
1406 4890 1535 4948 liliorum
1551 4888 1615 4947 loce
1643 4887 1782 4963 diligetur}

112 4960 197 5015 nohis
213 4966 354 5016 retentum
383 4966 555 5019 confirmare
579 4966 712 5021 videntur
726 4965 787 5021 lise
802 4964 936 5039 Cypriani
990 4964 1062 5019 Vide
1078 4968 1165 5018 notas
1181 4968 1297 5019 nostras
1311 4962 1347 5019 ad
1372 4962 1533 5036 Epistulam
1550 4977 1657 5018 nonam
1672 4958 1782 5017 Salrisu.

113 5031 201 5085 rerba
228 5048 262 5087 ex
290 5034 502 5105 epistolatum,
532 5053 598 5109 pag.
629 5038 689 5103 1:¹7,
711 5046 736 5092 et
764 5054 781 5091 u
809 5036 937 5093 notisud
1025 5035 1082 5106 (1·2)
1104 5035 1225 5091 Dicimus
1237 5050 1338 5091 omnes.
1355 5034 1439 5107 Apud
1454 5034 1630 5091 Gratianum
1656 5038 1782 5103 astuci.

111 5103 255 5159 hereticos
270 5108 409 5161 tremisse.
990 5106 1133 5178 scriptum
1147 5111 1193 5162 cst
1205 5106 1364 5163 didicimus.

148 5176 404 5245 (intumueritis.
426 5178 489 5233 llaec
504 5182 581 5234 certo
594 5179 765 5237 ostendunt.
795 5183 827 5233 ut
851 5182 936 5249 puta·
1027 5178 1081 5248 (13)
1094 5182 1197 5235 Omnes
1207 5178 1320 5233 omnino
1334 5178 1384 5250 qui
1396 5192 1497 5233 mcum.
1519 5176 1561 5231 lta
1584 5189 1685 5231 omnes
1700 5174 1784 5227 vetem

111 5244 152 5326 yit
166 5246 251 5301 etium
270 5247 422 5317 Boionius,
439 5249 516 5304 hunc
527 5249 675 5305 hominem
692 5249 782 5303 luisse
797 5249 935 5333 (leplehe,
991 5248 1135 5305 editiones
1149 5252 1214 5305 snte
1230 5248 1440 5309 Manutianam.
1463 5262 1529 5319 que
1554 5246 1637 5301 addit
1662 5242 1783 5301 neruiue

112 5316 139 5368 ul
157 5318 333 5374 estloicum.
360 5320 410 5375 Cui
440 5322 601 5386 sententies,
626 5338 692 5392 quae
720 5320 792 5375 mihi
821 5323 938 5377 videtur
990 5320 1032 5375 uti
1049 5320 1137 5375 etiam
1154 5320 1357 5391 additurspud
1371 5318 1555 5376 Gratianum.
1573 5318 1629 5373 Sed
1642 5322 1782 5373 semuncem

115 5388 306 5461 optenturum
335 5392 469 5446 lnlsenter
495 5394 647 5449 assentior.
678 5394 813 5463 Nuperus
838 5398 936 5448 tumen
990 5408 1043 5463 ego
1060 5408 1117 5445 non
1132 5392 1224 5463 reperi
1241 5392 1296 5447 nisi
1308 5390 1338 5446 in
1353 5390 1450 5447 tribus
1466 5389 1552 5444 libris
1566 5383 1782 5445 salariensem

115 5463 217 5511 streton
233 5460 300 5515 l'itro
316 5466 407 5518 sancti
419 5463 810 5535 (lp-priuiricontenditluisse
824 5465 936 5535 episoo·
990 5479 1056 5517 uero
1070 5462 1198 5519 viderem
1215 5479 1318 5519 omnes
1334 5464 1443 5519 veteres
1464 5460 1622 5529 editiones,
1636 5475 1693 5515 ιιιι
1717 5454 1783 5533 lihrqt

114 5542 193 5595 lium,
220 5532 397 5605 adeuntque
427 5552 510 5589 earnm
549 5537 715 5607 opinionem
756 5536 935 5605 prehendam
991 5540 1116 5599 nostros,
1131 5540 1159 5589 et
1174 5550 1223 5590 sex
1247 5532 1424 5607 anglicanos
1440 5548 1504 5589 eam
1521 5548 1580 5587 non
1603 5530 1714 5599 hebere,
1727 5524 1782 5583 uhi·

114 5598 197 5679 elliam
215 5604 380 5674 exemplum
411 5608 584 5679 exopislola
609 5626 654 5663 mu
683 5608 718 5661 ad
743 5606 935 5663 Euchratium
989 5609 1165 5661 tratussum
1184 5621 1248 5660 eam
1276 5622 1336 5661 non
1368 5620 1434 5663 esse
1456 5602 1651 5661 retinendam.
1678 5600 1741 5657 Nem
1760 5594 1781 5649 tl

110 5684 293 5743 episcopum,
309 5675 339 5729 in
356 5678 441 5755 cujus
465 5678 542 5735 calce
556 5679 718 5751 Cyprianus
742 5679 801 5733 ait:
818 5678 886 5747 Opto
900 5686 935 5749 lc,
990 5678 1102 5750 absque
1116 5675 1166 5732 ills
1178 5682 1255 5733 recte
1269 5680 1384 5733 constat
1397 5692 1516 5733 seusus.
