3892 6104
1490 36 1496 43 '
1568 36 1572 43 ·
1626 44 1630 51 ·
1676 34 1851 78 *fluensn-

1508 91 1514 99 .
1615 102 1619 111 Ι
1715 73 1751 97 U.
1789 71 1851 120 ‘¹⁸²5‘

132 286 210 345 ιιιι
656 274 709 335 na
729 270 1029 337 nasammonas
1049 252 1311 335 armiscara.
1759 272 1838 335 ιιαι

134 414 198 469 ιαί)
224 407 369 467 haereticis
393 408 436 463 vel
461 404 658 461 schismaticis
681 404 818 477 baptizati
842 402 896 460 visi
916 402 998 471 adA
1048 424 1062 453 ιι
1079 404 1133 457 τῶν
1161 400 1235 478 παρά
1260 406 1319 464 τοῖς
1345 402 1493 479 αίρετικοίς
1520 402 1540 471 θ,
1566 404 1762 479 σχισμιατικοῖς
1790 398 1835 457 θο-

133 500 339 559 «catholicam
371 494 543 563 Ecclesiam,
572 510 636 567 quc
668 510 726 549 una
753 498 808 559 est,
838 492 867 548 in
897 507 956 564 qua

130 616 145 641 «
161 591 344 662 baptizamur
362 590 392 641 et
420 600 627 657 regeneramur
655 582 793 637 veniunt:
826 581 862 637 de
886 580 954 651 qui-

130 681 218 736 «bus
243 677 421 735 confidimus
455 691 506 730 vos
544 689 669 745 quoquc,
700 672 748 743 qui
778 669 828 726 illa
855 668 953 742 agitis,

131 768 309 827 «catholica
334 764 467 823 Ecclesiae
492 778 619 819 canones
645 760 811 817 firmitatem
844 764 952 815 tenere.

131 860 269 917 «Tamen
293 855 432 929 quoniam
460 852 613 908 nobiscum
642 850 713 906 estis
736 847 954 905 communionis

129 972 144 999 ιι
162 946 329 1021 participes,
353 948 383 1001 et
412 945 529 1015 propter
555 955 742 996 communem
767 936 953 993 dilectionem

128 1062 143 1089 ιι
160 1038 197 1095 de
219 1052 253 1093 oc
278 1048 407 1107 querere
435 1030 587 1096 valuistin
613 1045 670 1083 non
698 1043 804 1084 novam
833 1030 953 1081 senteu-

129 1149 143 1177 ιι
159 1126 232 1183 tiam
247 1140 341 1196 neque
355 1138 432 1177 nunc
455 1120 609 1175 laudatam
638 1116 804 1173 atterimus:
821 1115 872 1171 sed
887 1129 954 1185 quse

128 1238 143 1267 ιι
160 1214 230 1271 olim
259 1214 296 1269 ab
327 1208 543 1282 antiquioribus
572 1204 807 1261 accurretissime
834 1207 863 1259 st
886 1201 952 1257 dili·

129 1328 144 1357 «
159 1303 331 1377 gentissime
359 1300 415 1355 tait
440 1297 517 1353 800
543 1294 719 1359 examinata,
734 1308 799 1349 eam
828 1308 845 1347 a
868 1290 953 1347 uobis

128 1418 143 1444 ιι
160 1393 342 1449 observatam
372 1386 454 1443 vobis
483 1383 748 1447 communicamus,
771 1386 800 1436 et
827 1380 952 1451 conjun-

132 1482 269 1555 sgimus,
284 1477 313 1533 id
330 1492 446 1548 quoque
474 1490 552 1529 nunc
578 1475 750 1539 statuentes,
766 1469 843 1537 quod
872 1485 952 1525 sem-

59 1616 62 1622 .
129 1594 144 1621 ιι
160 1585 212 1642 per
240 1566 353 1623 fortiter
382 1562 584 1634 stabiliterque
612 1560 781 1626 tenuimus;
811 1562 843 1614 ut
866 1572 952 1614 nemo

129 1682 141 1709 ι.
162 1658 253 1731 possit
281 1652 422 1727 baptizari
450 1656 531 1707 extra
560 1648 732 1706 catholicam
770 1646 950 1713 Ecclesiam

127 1774 141 1799 ιι
157 1762 226 1804 cum
257 1761 335 1801 unus
363 1742 540 1813 baptismus,
571 1743 599 1793 et
631 1736 661 1791 in
682 1734 826 1791 catholica
853 1733 950 1790 Eccle-

129 1836 201 1893 ιεία
221 1834 284 1891 τοία
312 1830 484 1889 celebretur.
509 1826 657 1899 Scriptum
685 1830 731 1881 cst
759 1823 856 1879 enim:
874 1846 889 1875 ιι
906 1826 949 1879 lta

127 1950 142 1979 ιι
157 1925 337 1997 reliquerunt
360 1920 470 1975 lentam
486 1933 568 1989 aqua
593 1914 673 1981 vivs,
689 1918 718 1968 et
742 1913 876 1969 fuderunt
892 1910 948 1968 sibi

129 2013 300 2071 «cisternae
326 2008 498 2083 perforatas,
512 2021 575 2077 que
600 2020 706 2075 aquam
734 2002 882 2058 continere
897 2016 948 2057 ne·

128 2106 269 2177 «queunt
281 2100 347 2153 θ.»
376 2097 411 2151 m
452 2109 556 2150 rursus
590 2107 674 2148 sacra
713 2088 865 2161 Scriptura
893 2088 948 2144 hoc

125 2214 140 2245 ι
158 2188 389 2265 praesignificans
414 2183 503 2239 dicit:
533 2204 548 2232 «
565 2181 608 2236 ab
637 2195 714 2251 aqua
738 2176 834 2234 aliena
855 2176 947 2233 absti-

126 2302 140 2331 «
156 2284 232 2347 nats,
260 2280 289 2333 et
311 2292 346 2331 ex
374 2274 453 2329 lente
481 2269 576 2326 alieno
604 2284 640 2326 ne
666 2267 767 2323 bibite.
784 2288 798 2317 ιι
828 2266 948 2339 Oportet

126 2370 253 2425 sautem
283 2378 387 2435 aquarn
418 2358 546 2432 primum
572 2356 690 2430 purgari
714 2360 743 2411 et
771 2352 946 2411 sanctificari

124 2454 346 2520 «asacerdote,
372 2454 404 2505 ut
433 2448 525 2521 possit
550 2446 667 2519 proprio
695 2444 871 2516 baptismate
894 2442 946 2498 ho·

124 2570 139 2597 ιι
156 2544 256 2612 minis,
286 2539 336 2615 qui
381 2538 554 2611 baptizatur,
596 2538 715 2607 peccata
754 2532 880 2589 abluero.
912 2532 948 2587 st

124 2656 139 2685 ιι
155 2651 207 2709 par
247 2628 433 2688 lezechielcm
473 2625 642 2698 prophetam
687 2622 758 2679 dicit
785 2620 945 2677 Dominus:

122 2748 137 2775 ιι
152 2728 187 2780 st
214 2735 367 2795 aspergam
382 2734 433 2774 vos
456 2732 533 2787 aqua
560 2730 643 2787 pura,
658 2716 687 2767 et
712 2710 861 2767 mundabo
882 2726 944 2779 vos,

124 2836 140 2865 «
155 2816 185 2868 et
199 2810 273 2867 dabo
301 2808 382 2865 vobis
398 2822 447 2862 nor
474 2819 592 2869 aevum,
623 2805 652 2857 et
675 2799 812 2873 spiritum
837 2814 945 2855 novum

124 2924 139 2953 ιι
154 2901 231 2958 dabo
244 2898 328 2955 vobis
340 2896 407 2949 ⁷⁰⁴⁰.
427 2918 440 2941 ιι
465 2892 616 2960 Quomodo
640 2894 738 2946 autem
753 2904 860 2961 aquarn
876 2904 945 2959 pur-

123 3016 137 3043 ιι
154 3007 222 3065 gare
253 2994 281 3046 et
310 2986 494 3043 sanctificare
528 2986 633 3055 polest,
663 2980 712 3053 qui
734 2980 796 3051 ipse
825 2983 871 3034 est
892 2977 947 3033 im·

125 3080 294 3144 amundus,
310 3080 339 3131 st
366 3073 474 3147 Spiritu
504 3076 605 3127 sancto
629 3066 809 3124 destitutus?
824 3070 853 3123 et
876 3080 944 3122 cum

123 3168 231 3225 «dicat
260 3164 400 3221 Dominus
428 3163 456 3217 in
487 3160 641 3215 Numerio:
674 3158 736 3213 «st
760 3156 860 3213 omnia
880 3139 981 3225 quac

122 3283 132 3309 ι
151 3259 251 3330 tanget
278 3251 461 3319 immundus,
490 3248 645 3303 immunda
670 3246 810 3311 eruat⁸¹;
832 3266 846 3293 ιι
872 3259 944 3314 quo·

120 3370 134 3398 ιι
151 3345 238 3403 modo
268 3346 363 3414 potest
386 3338 535 3412 baptizans
564 3337 633 3391 dare
661 3333 710 3391 alii
740 3333 942 3390 remissionem

122 3438 349 3508 «peccatorum,
378 3428 429 3500 qui
458 3442 516 3482 non
546 3430 641 3498 potest
676 3424 794 3495 propria
824 3425 943 3494 peccata

120 3546 134 3574 ιι
150 3531 229 3579 extra
249 3519 407 3576 Ecclesiam
431 3514 604 3570 dimittere?
625 3512 681 3567 Sed
697 3516 725 3567 et
740 3512 805 3583 ipsa
818 3511 941 3567 interra·

120 3634 134 3663 ιι
149 3610 238 3683 gatis,
261 3625 324 3681 qna
354 3607 386 3660 sst
410 3603 596 3676 baptismate,
616 3604 661 3657 est
689 3600 772 3656 testis
800 3598 941 3655 veritatis.

120 3724 134 3749 ιι
152 3700 286 3755 [licentes
313 3693 437 3751 enimsi
467 3692 517 3764 qui
544 3690 746 3747 examinatur:
774 3688 873 3745 credis
899 3688 941 3743 vi·

122 3794 209 3844 «tarn
251 3793 390 3842 aeternam
434 3788 462 3837 ot
504 3781 707 3837 remissionem
756 3783 941 3851 peccalorum

120 3900 134 3928 ιι
150 3875 305 3948 accipere?
330 3870 401 3928 nibil
427 3870 505 3926 aliud
532 3869 669 3935 dicimus,
693 3884 781 3939 quam
807 3868 883 3939 quod
910 3866 940 3922 in

117 3990 131 4017 ιι
149 3964 291 4021 catholica
306 3960 434 4019 Ecclesia
460 3959 520 4014 haec
543 3958 605 4013 dari
627 3962 762 4028 possunt.
790 3956 871 4028 Apud
886 3956 942 4011 has·

117 4056 254 4111 «reticos
283 4058 393 4118 autem,
424 4048 474 4104 ubi
503 4046 631 4102 Ecclesia
661 4063 718 4102 non
747 4050 801 4113 cst,
840 4045 939 4101 baberi

117 4168 131 4195 ιι
147 4162 205 4201 non
233 4145 328 4215 potest
354 4142 536 4212 peccatorum
566 4134 710 4190 remissio.
734 4132 768 4189 Et
799 4134 861 4189 ideo
889 4138 940 4205 qui

118 4256 131 4279 ιι
148 4232 349 4287 haereticorum
364 4224 559 4299 patrocinium
585 4222 760 4293 suscipiunt,
777 4220 819 4276 vel
835 4222 942 4277 debent

117 4318 401 4391 «interrogationem
427 4318 551 4377 mutare,
591 4309 635 4365 vel
672 4310 822 4365 veritatem
852 4310 938 4365 tueri.

116 4410 271 4467 «Necesse
299 4408 344 4461 est
370 4403 457 4459 etiam
487 4416 566 4466 eum,
601 4399 649 4469 qui
680 4398 845 4470 baptizatus
884 4402 938 4469 est,

1047 488 1198 547 ικοίντων
1239 486 1429 567 βεθαπτίσθαι,
1476 489 1643 567 ίρχομίμων
1680 491 1750 567 πρὸς
1785 492 1833 561 τὴν

1044 604 1059 629 ιι
1075 579 1223 649 καθολικὴν
1263 578 1435 651 Ἐκκλησίαν,
1473 578 1536 649 ἰ’,τις
1573 578 1629 635 isal
1668 580 1731 653 μία,
1759 577 1786 635 ia
1815 580 1833 655 ᾖ

1044 692 1059 719 ιι
1079 668 1264 744 βαπτιζόμεθα
1311 669 1355 724 καί
1407 669 1636 745 άναγεννιθμαθα·
1690 670 1754 743 περὶ
1798 670 1834 725 ιθν

1047 758 1119 812 ικαὶ
1147 756 1314 831 πεποίθαμιν
1347 757 1392 813 καί
1418 758 1488 831 ὑμᾶς
1517 757 1616 821 αὐτοὺς
1640 756 1731 814 ίκεῖνα
1749 758 1832 834 τεράτ-

1045 870 1059 897 ιι
1073 867 1169 909 τοντας
1209 848 1259 916 τὴν
1295 846 1461 923 στερρότητα
1496 854 1546 918 τῆς
1582 845 1733 919 καθολικῆς
1778 850 1833 903 Ἐκ-

1044 960 1058 987 ιι
1075 933 1190 1005 κλησίας
1242 942 1360 1012 κρατεῖν,
1411 936 1488 1008 θμως
1541 934 1600 992 ἐπεὶ
1651 938 1831 1013 συγκοινωυαί

1044 1048 1057 1075 ιι
1074 1026 1164 1098 ἡμῶν,
1181 1024 1250 1093 ἐστε,
1277 1026 1322 1079 καί
1353 1030 1467 1095 ζητῆσαι
1496 1025 1558 1101 περὶ
1583 1024 1684 1081 τοθτου
1713 1023 1759 1080 διά
1785 1029 1831 1097 την

1043 1138 1057 1165 ιι
1072 1114 1166 1183 κοινὴν
1193 1114 1299 1189 ἀγάπην
1325 1112 1489 1185 ἠθελήσατε,
1519 1114 1550 1170 οὗ
1579 1134 1736 1193 προσρατον
1763 1118 1829 1191 γνώ·

1043 1226 1057 1251 ιι
1076 1222 1142 1274 μην,
1169 1198 1233 1256 otis
1265 1205 1311 1256 νῦν
1341 1198 1514 1278 ηδρασμίνην
1540 1200 1732 1281 προσρίρομεν
1761 1202 1828 1259 atil

1044 1310 1058 1339 ιι
1072 1289 1122 1357 τὴν
1151 1287 1237 1345 πάλαι
1263 1288 1316 1345 cst
1340 1294 1394 1346 τῶν
1416 1292 1631 1366 προγενεστίρων
1660 1293 1751 1365 ημιῖιμ
1766 1292 1827 1363 μετά

1043 1400 1058 1429 ιι
1072 1378 1161 1449 πάσης
1187 1374 1385 1455 ἀκριβείαςκαὶ
1400 1377 1555 1453 ἐπιμελείας
1581 1376 1824 1453 θεδοκιμασμίνην,

1042 1492 1056 1519 ιι
1086 1466 1132 1523 καί
1160 1468 1203 1547 ὑφ’
1230 1470 1311 1541 ἡμῶν
1346 1474 1596 1545 παρατηρηθεῑσαν,
1625 1470 1825 1541 κοιννωοθμιθα

1043 1578 1057 1608 ιι
1073 1557 1137 1629 ίιμῑν
1161 1556 1206 1613 καί
1233 1556 1424 1635 συζεύγνυμεν,
1448 1562 1529 1613 τοῦτο
1553 1557 1598 1614 καὶ
1626 1563 1673 1613 νῦν
1702 1578 1823 1635 χειρατο·

1042 1670 1056 1697 ιι
1071 1650 1188 1719 νοῦντες,
1227 1646 1293 1723 ὅπερ
1322 1644 1367 1702 διά
1398 1647 1497 1711 παντὸς
1526 1646 1649 1725 ίσχυριῖις
1673 1648 1720 1702 καί
1747 1648 1822 1727 dapa-

1041 1759 1055 1785 «
1072 1730 1129 1797 λῶς
1165 1740 1336 1811 κρατοῦντες,
1367 1734 1471 1811 μηθένα
1500 1735 1674 1811 βαπτίζεσθαι
1703 1734 1822 1803 dieseon

1040 1818 1119 1895 ι’ἑξω
1143 1832 1195 1893 τῆς
1219 1824 1369 1895 καθολικῆς
1393 1824 1575 1897 Ἔκκλησίας·
1601 1826 1663 1889 ἑνὸς
1692 1826 1757 1889 θ’τὸς
1782 1826 1822 1903 βα-

1039 1934 1053 1963 ιι
1067 1912 1227 1985 πτίσματσς,
1266 1913 1311 1969 καί
1340 1914 1366 1969 ἐν
1393 1914 1463 1989 μάνη
1490 1918 1526 1989 τῇ
1554 1914 1689 1989 καθολικξ,
1716 1913 1823 1985 Ἐκκλη·

1041 2000 1113 2072 ιαίςι
1141 2000 1324 2079 ὑπάρχοντος.
1354 2000 1504 2079 Γίγραπται
1530 2004 1593 2081 γάρ,
1618 2030 1634 2056 ιι
1665 2004 1734 2077 ’Epi
1750 2003 1820 2079 ἐγκα-

1037 2114 1052 2140 ιι
1067 2087 1179 2146 elienor
1209 2092 1300 2168 πηγὴν
1330 2089 1428 2155 θθατος
1450 2096 1561 2162 ζῶντος,
1584 2093 1631 2149 καί
1647 2094 1754 2169 ὣρυξαν
1768 2096 1820 2149 ἑαυ-

1040 2185 1125 2241 ιτοῐς
1160 2178 1278 2242 λάκκους
1314 2182 1571 2257 συντετριμμίνους,
1609 2181 1674 2244 τοὺς
1717 2184 1756 2257 μθ,
1783 2180 1822 2237 δυ-

1037 2292 1050 2319 ιι
1066 2266 1198 2341 ναμίνσυς
1224 2266 1297 2343 θ’θωρ
1326 2275 1447 2346 συσχείν.
1480 2295 1494 2323 ιι
1524 2270 1573 2327 Καί
1603 2268 1688 2326 πάλιν
1718 2275 1736 2343 ά,
1766 2272 1820 2347 άγία

1035 2380 1050 2407 ιι
1068 2358 1159 2435 Γραρή
1188 2358 1384 2432 apopores-scu
1413 2357 1504 2435 λίγει·
1531 2384 1545 2411 ιι
1571 2359 1641 2415 ‘neb
1659 2358 1816 2423 ίιδατοςάλ-

1037 2467 1051 2495 ιι
1066 2442 1176 2521 λοτρίου
1200 2446 1344 2523 ἀπέχεσθε,
1364 2446 1409 2502 καὶ
1437 2447 1490 2503 άπὸ
1509 2455 1604 2523 πηγῆς
1618 2447 1768 2525 ἀλλοτρίας
1782 2450 1814 2523 μί,

1035 2558 1049 2585 ιι
1065 2534 1156 2604 πίητε.
1193 2556 1207 2589 ε
1235 2536 1279 2591 ssi
1317 2533 1347 2591 tii
1375 2535 1561 2613 καθαρίζεσθαι
1591 2536 1637 2591 καί
1667 2538 1813 2612 άγιάζεσοαι

1037 2646 1049 2673 ι
1065 2624 1096 2677 τὸ
1111 2620 1184 2700 ὕδωρ
1199 2629 1308 2701 πρῶτον
1338 2624 1390 2680 άπὸ
1416 2628 1465 2679 τοῦ
1481 2624 1585 2699 ίερίως,
1604 2624 1649 2680 ’ίνα
1665 2623 1768 2701 δυνηθῇ,
1781 2630 1814 2697 τῷ

1035 2736 1049 2763 ιι
1067 2711 1111 2784 ίίῳ
1146 2714 1311 2787 βαπτίσματι
1340 2714 1387 2775 τάς
1417 2713 1551 2789 ἁμαρτίας
1578 2719 1628 2769 τοῦ
1655 2716 1813 2791 βαπτιζομέ-

1038 2823 1052 2850 ιι
1069 2821 1116 2854 νου
1145 2800 1289 2872 ανθρώπου
1317 2800 1482 2875 άτιοσμῆξαι.
1513 2826 1527 2855 ιι
1558 2802 1608 2857 Διά
1634 2824 1664 2859 τε
1693 2800 1811 2873 'letardi

1035 2913 1048 2940 ιι
1062 2892 1110 2943 τοῦ
1147 2891 1291 2967 προφήτου
1328 2888 1400 2965 λίγει
1438 2888 1547 2965 Κύριος·
1587 2920 1600 2939 ιι
1632 2891 1682 2945 Καὶ
1711 2891 1812 2967 §astina

1035 3002 1049 3029 ιι
1066 2978 1135 3051 ὑμᾶς
1163 2982 1273 3053 καθαρῷ
1302 2975 1390 3049 ίίδατι,
1428 2978 1473 3033 καὶ
1510 2980 1631 3056 καθαριιῖι
1669 2980 1748 3053 ὑμᾶς,
1773 2980 1810 3035 καί

1034 3091 1048 3118 ιι
1066 3064 1146 3121 δώσω
1175 3068 1239 3140 ὑμῖν
1266 3066 1376 3143 καρδίαν
1406 3069 1510 3141 καινὴν,
1535 3070 1580 3123 καί
1602 3074 1710 3144 πνεῦμα
1731 3070 1809 3125 καινάν

1035 3180 1049 3207 ιι
1066 3152 1146 3210 δώσω
1161 3156 1237 3229 ὑμῖν.
1252 3180 1266 3207 ιι
1280 3161 1342 3220 Πῶς
1358 3154 1387 3211 di
1401 3154 1510 3213 δύναται
1524 3160 1667 3235 καραρίσαι
1684 3160 1727 3214 καί
1741 3160 1805 3234 ἁγιά-

1036 3265 1107 3299 ισαι
1136 3242 1208 3320 θ’θωρ
1238 3246 1253 3299 θ
1283 3244 1431 3319 ἀκάθαρτος
1461 3246 1498 3301 ὢν
1528 3246 1620 3316 αὖτὀς,
1644 3248 1690 3303 καὶ
1717 3248 1805 3321 παρίξι

1036 3338 1171 3407 ιΠνεῦμα
1195 3332 1270 3410 ίιγιον
1298 3333 1347 3389 οάκ
1384 3333 1460 3403 ism
1490 3334 1620 3411 λίγοντος
1648 3342 1697 3392 τοῦ
1719 3336 1803 3413 Κυρίου

1034 3446 1048 3474 ιι
1064 3421 1090 3477 ίν
1113 3428 1173 3485 τοῖς
1197 3424 1362 3500 Ἀριθμοῖς·
1390 3447 1405 3475 ιι
1431 3424 1481 3481 Καί
1505 3426 1614 3480 πάντων
1627 3426 1666 3480 ὧν
1683 3424 1800 3499 άψεταιί

1034 3510 1220 3583 «ἀκάθαρτος,
1260 3512 1396 3586 ἀκάθαρτα
1432 3511 1516 3568 ἔσται.
1545 3538 1560 3566 ιι
1589 3518 1651 3576 litis<
1681 3514 1799 3591 βαπτίζων

1032 3624 1045 3651 ιι
1065 3597 1172 3655 θ’ίναται
1188 3597 1266 3674 ἄλλῳ
1280 3596 1373 3655 δοῦναι
1388 3598 1480 3679 άρεσιν
1493 3602 1633 3677 ιίμαρτιιῑιυ
1651 3603 1665 3658 θ
1681 3605 1718 3677 μί,
1733 3600 1799 3670 δυνη-

1032 3716 1046 3743 ιι
1067 3690 1121 3754 θείς
1150 3692 1184 3745 τά
1211 3688 1267 3746 ίδια
1290 3692 1474 3768 ἁμαρτήματα
1497 3691 1547 3763 ἔξω
1575 3700 1626 3763 τῆς
1656 3692 1798 3763 Ἐκκληαίας

1033 3801 1047 3831 ιι
1062 3780 1225 3848 άτιιθίσθαις
1258 3777 1348 3835 Ἀλλά
1375 3779 1421 3836 καί
1449 3780 1517 3851 αὕτη
1547 3782 1726 3859 ηίρώτησις,
1751 3778 1798 3849 iil

1033 3892 1047 3919 ιι
1062 3872 1101 3940 τῷ
1141 3868 1307 3943 βαπτίσματι
1347 3872 1490 3945 γινομίνη,
1530 3872 1633 3948 μάρτυς
1670 3872 1723 3927 ἐστὶ
1759 3876 1797 3937 τῆς

1034 3956 1200 4027 «ἀληθείας.
1233 3956 1364 4033 ,θίγοοτις
1394 3958 1446 4034 γὰρ
1473 3964 1514 4031 τῷ
1543 3959 1734 4034 ἐξεταζομίνῳ.
1758 3963 1795 4013 Πι·

1033 4070 1047 4097 ιι
1063 4045 1164 4108 παίεις
1198 4046 1297 4101 ἀώνιον
1336 4047 1407 4115 ζωὴν
1445 4046 1490 4101 καί
1536 4049 1629 4127 αρεσιν
1676 4052 1795 4125 ἁμαρτιῶν

1033 4128 1230 4206 ι>.αμ6α’νιιν;
1247 4134 1296 4190 οὐκ
1323 4132 1394 4191 άλλο
1420 4157 1446 4191 τι
1477 4135 1630 4213 λίγαμενεί
1662 4140 1750 4211 μηὸτι
1775 4134 1795 4189 tr

1031 4228 1095 4297 «τῇ
1124 4223 1257 4297 καθολικῇ
1291 4222 1440 4297 Ἐκκλησία
1467 4222 1579 4295 δοθῆναι
1596 4224 1715 4283 θίναται.
1736 4224 1795 4297 napi

1031 4336 1045 4363 ιι
1061 4309 1089 4368 δὲ
1115 4318 1173 4375 τοῖς
1202 4314 1358 4389 αίρετικοῖε,
1389 4314 1458 4369 θ’ποϋ
1487 4314 1637 4386 Ἐκκλησία
1666 4316 1713 4372 οὐκ
1730 4314 1793 4381 ίστιν,

1030 4426 1043 4451 ιι
1061 4399 1188 4457 ἀθάνατον
1215 4402 1420 4478 ἁμαρτημάτων
1448 4404 1539 4483 άιρεσιν
1565 4399 1673 4485 λαθεῖν,
1695 4404 1739 4461 rat
1761 4400 1794 4457 ld

115 4519 130 4548 ιι
146 4496 260 4567 inungi,
277 4500 311 4549 ut
338 4496 454 4562 accepta
484 4488 630 4553 unctione,
661 4488 710 4543 liat
738 4486 845 4543 Christi
873 4502 978 4577 gra-D
1030 4518 1044 4541 ιι
1061 4496 1141 4546 τοῦτο
1167 4492 1193 4546 ol
1213 4495 1268 4546 τῶν
1291 4492 1433 4563 αίρετικιῖιν
1454 4496 1601 4569 συνήγοροι
1616 4496 1634 4563 ἢ
1648 4496 1697 4565 τη,
1712 4490 1792 4565 ςπεὲς.

115 4608 130 4637 ιι
147 4586 194 4640 tia
223 4582 378 4655 particeps.
407 4578 594 4633 sanctificare
623 4581 721 4631 autem
758 4574 854 4631 oloum
882 4592 940 4631 noa

118 4676 243 4745 apotesl
267 4669 431 4733 hereticus,
462 4665 510 4737 qui
555 4681 607 4720 nec
636 4664 728 4719 altare
752 4664 849 4736 babel,
887 4680 940 4720 nec

115 4788 130 4815 ιι
148 4762 316 4819 Ecclesiam.
342 4760 404 4815 Noa
430 4760 637 4829 potestantem
667 4753 787 4810 omnino
810 4754 941 4811 chrisma

115 4878 129 4907 ιι
148 4868 212 4910 esse
227 4851 303 4922 apud
335 4846 495 4903 hereticos.
526 4844 615 4900 Nobis
643 4844 720 4899 enim
743 4843 854 4900 clarum
883 4848 939 4914 est,

117 4941 228 4999 anullo
243 4940 330 4996 morlo
354 4936 431 5009 apud
448 4933 514 4990 illos
534 4932 710 4990 sanctificari
735 4950 820 5005 possa
841 4932 939 4989 oleum

115 5056 128 5083 ιι
147 5032 183 5088 nd
212 5030 374 5105 gratiarum
415 5023 569 5081 actionem.
600 5021 678 5077 Scire
715 5022 793 5077 enim
824 5027 853 5078 et
881 5038 938 5079 non

117 5146 128 5171 ι
147 5122 281 5195 ignorare
300 5117 442 5173 debemus
464 5112 541 5185 quod
567 5110 788 5182 scriptumest:
804 5133 818 5161 «
835 5110 939 5167 Oleum

115 5234 129 5261 ιι
147 5206 306 5282 peccatoris
335 5222 393 5261 nou
430 5200 595 5274 impinguet
629 5203 717 5270 caput
746 5215 843 5255 meum
872 5200 906 5255 ⁸².
923 5222 938 5251 ιι

114 5320 129 5349 ιι
147 5299 227 5365 Quod
257 5297 376 5370 quidem
405 5292 493 5348 etiam
524 5290 593 5345 olim
614 5288 789 5361 significavit
817 5296 939 5346 sanctus

115 5386 272 5458 «Spiritus
302 5386 332 5439 in
370 5381 505 5449 Psalmis,
536 5394 572 5434 ne
612 5378 685 5433 sorte
713 5378 857 5435 abductus
899 5378 940 5436 sit

1031 4605 1045 4632 ιι
1061 4600 1139 4647 τησιν
1177 4579 1319 4652 ίναλλάξαι
1357 4578 1525 4659 ὀφείλουσιν,
1559 4580 1578 4651 ἤ
1607 4584 1658 4651 την
1686 4583 1791 4651 ἀλήθειαν

1031 4694 1045 4721 ιι
1061 4666 1211 4739 ἐκδικῆσαι.
1240 4668 1358 4745 Ἀνάγκη
1389 4666 1419 4724 di
1446 4670 1502 4725 θστι
1531 4670 1656 4746 χρίεσθαι
1685 4674 1726 4727 τίν
1759 4669 1790 4743 βι·

1031 4782 1044 4807 ιι
1062 4752 1252 4831 θαττισμίνον,
1276 4756 1322 4813 ίνα
1351 4752 1442 4813 λαθὼν
1459 4778 1566 4834 χοισμα
1591 4759 1708 4837 μέτοχος
1731 4758 1790 4835 γίνῃ·

1030 4870 1044 4897 ιι
1057 4868 1102 4901 ται
1118 4852 1245 4921 Χριστοῦ.
1262 4848 1386 4921 ’Δγιάσαι
1402 4844 1431 4902 θλ
1458 4846 1550 4903 ίλαιον
1572 4848 1604 4903 οὗ
1619 4847 1725 4905 δύναται
1736 4848 1748 4901 θ
1760 4844 1794 4899 εί·

1031 4960 1044 4983 ιι
1057 4938 1173 5009 ρετικὸς,
1188 4936 1203 4989 θ
1220 4937 1290 5008 μήτε
1304 4937 1496 5012 θυσιαστήριον
1509 4932 1595 5012 ἔχων,
1619 4941 1688 5011 μήτε
1713 4934 1799 5001 sni,-

1031 5047 1045 5074 «
1060 5022 1129 5078 σίαν·
1165 5023 1195 5079 οὗ
1225 5020 1335 5079 δύναται
1363 5020 1393 5079 θλ
1420 5022 1527 5101 χρίσμα
1544 5026 1577 5079 τὸ
1605 5026 1726 5103 παράπαν
1737 5018 1831 5091 ταοὶ

1029 5136 1043 5163 ιι
1059 5118 1117 5174 τοῖς
1140 5113 1287 5187 αίριτικοῖς
1311 5111 1389 5169 εἶναι.
1414 5109 1561 5189 Πρθδηλον
1582 5114 1634 5191 γάρ
1645 5114 1712 5170 ίατιν
1740 5112 1843 5181 ipsi-*⁴

1029 5226 1042 5252 ιι
1062 5198 1199 5274 μηδαμῶς
1234 5198 1359 5256 δύνασθαι
1399 5200 1462 5277 παρ’
1506 5199 1621 5266 ίκείνοις
1663 5202 1858 5279 άγιίζετθ,Χ

1029 5288 1146 5345 «ἔλαιον
1173 5290 1211 5352 είς
1250 5289 1433 5366 ιθχαριστίαν.
1471 5288 1578 5347 Είδίναι
1616 5294 1666 5370 γάρ
1699 5292 1738 5347 καὶ
1763 5298 1859 5359 pua-¹

1030 5403 1044 5430 ιι
1059 5379 1166 5455 ἀγνοεῖν
1201 5378 1348 5457 ὀφείλομεν
1382 5378 1425 5435 ίίτι
1461 5378 1623 5457 γε’γραιτται,
1660 5406 1676 5435 ιι
1702 5376 1834 5436 'staro

148 5620 281 5679 ⁸lteram.
299 5634 331 5685 ιι,
347 5616 370 5651 ⁷⁸
384 5616 407 5651 ⁸⁰
421 5612 524 5672 Ezecb.
540 5628 634 5679 xxxva,
651 5611 697 5681 25,
712 5612 757 5666 id.
795 5612 815 5655 ⁸¹
834 5612 921 5669 Num.
937 5630 998 5685 nx,
1013 5614 1059 5669 22.
1097 5614 1119 5651 ⁸¹
1135 5614 1213 5673 Psal.
1229 5632 1293 5685 cxc,
1310 5616 1338 5672 5.
