3892 6104
644 258 696 321 nn
718 256 1014 321 6666666666
1035 258 1286 325 6166166166
1717 254 1815 337 ¹roas

112 396 1812 429 Ἢ

335 572 723 696 GONGILIA
769 561 1595 703 GARTHAGINENSIAl'.

195 934 1013 1000 6166616166666666616166
1046 936 1463 1003 svactaalalvo
1495 942 1745 1007 TERTIUM

691 1070 736 1127 DE
757 1070 971 1128 lNFANTlBUS
990 1070 1237 1139 asaalzartnls,

586 1210 670 1258 adito
691 1212 764 1259 1’08'1'
785 1212 938 1259 catilano!
959 1212 1067 1259 ΙΔἸὌΙ
1089 1212 1177 1259 ocant
1198 1214 1352 1261 annuus.

113 1332 250 1415 (1166666,
260 1360 304 1415 ιιι,
314 1344 341 1401 3.
353 1344 473 1413 Ρ66161.,
485 1344 591 1418 Rigalt.
604 1345 703 1417 Balsa,
716 1364 771 1403 616.
784 1346 977 1419 Paris.,nv1n.
989 1346 1092 1417 0666,
1108 1347 1197 1421 lips,
1209 1364 1283 1405 1166.
1295 1348 1403 1407 1166116.
1414 1348 1486 1407 Rsll.
1498 1367 1601 1421 sacra,
1614 1369 1643 1426 p.
1654 1354 1693 1410 71
1706 1358 1736 1413 61
1750 1356 1814 1429 116.)

858 1640 1079 1713 cancamum

150 1774 234 1830 Anno
249 1770 422 1828 6661611257
438 1771 486 1843 (2),
502 1769 705 1842 persecutione
729 1770 872 1834 cessante,
888 1766 925 1821 ad
939 1771 1109 1839 quassatam
1133 1766 1293 1823 Ecclesiam
1309 1770 1552 1841 componendam,
1567 1771 1734 1844 Cyprianus
1748 1774 1816 1845 ejus

116 1879 175 1935 quc
191 1860 305 1935 collega
326 1860 457 1935 episcopi
478 1860 620 1916 61616666
643 1857 789 1927 Ecclesia,
805 1873 840 1912 ex
855 1871 936 1911 more
949 1860 1164 1925 convenerunt;
1180 1857 1287 1930 partim
1304 1860 1337 1913 nt
1351 1862 1459 1916 rectam
1486 1859 1575 1915 fidem
1599 1866 1628 1916 et
1651 1861 1817 1920 catholicam

119 1952 261 2009 unitatem
289 1954 505 2015 conservarent,
521 1949 629 2021 partim
652 1948 741 2004 etiam
765 1951 797 2002 ut
821 1945 981 2018 collapsam
1005 1944 1234 2002 ecclesiasticam
1250 1946 1437 2021 disciplinam
1462 1949 1663 2018 restituerent,
1679 1968 1715 2008 ae
1737 1953 1817 2011 bonos

121 2058 218 2097 mores
233 2040 365 2095 lidelium
385 2040 587 2095 informarent.
604 2040 636 2094 ln
660 2034 1229 2109 6666666666666111616616616611116,
1245 2036 1433 2093 6161666666
1456 2035 1516 2105 ille,
1533 2053 1622 2110 quem
1647 2040 1818 2113 Regalianus

121 2130 158 2187 de
174 2127 512 2202 66616661661666616116
536 2126 592 2182 sibi
616 2125 817 2182 1116116666616
834 2122 967 2180 Patribus
982 2122 1097 2178 concilii
1113 2124 1345 2197 denuntiaverat,
1361 2125 1554 2198 abstineatur,
1570 2132 1623 2183 aut
1645 2129 1707 2185 nisi
1730 2146 1820 2203 pecca·

122 2223 186 2275 tnm
201 2216 347 2284 emendet,
361 2216 482 2272 omnino
498 2216 670 2287 deponatur.
686 2214 766 2270 ldem
783 2214 818 2269 ds
832 2211 952 2284 reliquis
972 2211 1115 2285 pmtervis
1129 2216 1158 2268 et
1171 2213 1394 2271 contumeliosis
1419 2215 1533 2272 clericis
1555 2218 1752 2275 constitutum
1765 2234 1821 2275 asse

123 2306 223 2363 volens
240 2322 246 2361 :
263 2306 332 2377 quia
355 2303 539 2360 contumacia
554 2302 583 2361 16
599 2301 713 2359 clericis
737 2302 880 2373 subjectis
905 2299 1069 2373 periculosa
1083 2302 1132 2370 sit,
1148 2318 1183 2359 ex
1205 2320 1264 2374 qua
1277 2308 1312 2359 ut
1325 2302 1487 2376 plurimum
1511 2306 1543 2361 in
1566 2306 1706 2363 1661666161
1721 2307 1821 2380 prolabi

123 2396 347 2451 consueverunt.
357 2392 451 2449 Verba
465 2392 601 2465 Cypriani
624 2390 811 2463 responsoria
826 2391 862 2446 ad
878 2390 1073 2462 Rogatianum
1097 2390 1152 2446 hac
1175 2391 1212 2447 de
1235 2408 1266 2447 re
1288 2392 1443 2449 scribentis
1464 2393 1525 2449 bac
1539 2399 1611 2450 sunt
1627 2412 1634 2448 :
1650 2417 1667 2446 a
1682 2396 1747 2452 lise
1760 2402 1821 2453 6661

124 2482 210 2540 161116
226 2482 430 2538 hereticorum
445 2486 474 2537 et
488 2486 570 2538 ortus
585 2485 674 2552 atque
688 2485 812 2536 conatus
829 2478 1086 2547 schismaticorum
1109 2478 1185 2536 male
1207 2481 1411 2553 cogitantium,
1430 2486 1462 2537 ut
1477 2482 1532 2539 sibi
1549 2482 1698 2556 placeant,
1714 2490 1746 2541 61
1758 2502 1820 2558 pra·

122 2573 252 2645 positum
269 2571 395 2642 superbo
410 2575 525 2626 tumere
548 2574 750 2625 contemnant.
767 2568 812 2623 Sic
828 2569 864 2623 de
880 2566 1008 2625 Ecclesia
1031 2568 1200 2625 receditur:
1220 2569 1263 2625 sic
1277 2568 1369 2626 altare
1382 2571 1538 2643 profanum
1564 2572 1637 2627 16616
1661 2572 1820 2641 6611666166,

123 2661 166 2718 616
179 2664 282 2717 666166
296 2676 396 2733 666616
411 2658 520 2715 Christi
534 2664 563 2715 et
576 2658 791 2715 ordinationem
817 2663 904 2729 atque
919 2656 1061 2714 unitatem
1078 2657 1129 2713 Dei
1149 2656 1316 2714 rebellatur.
1332 2660 1413 2723 Quod
1438 2660 1464 2717 si
1489 2660 1567 2717 ultra
1589 2666 1619 2717 16
1643 2663 1819 2721 contumeliis

122 2750 186 2805 suis
198 2748 413 2805 exacerbaverit
435 2752 464 2803 et
488 2748 695 2819 provocaverit,
712 2746 844 2818 iungeris
858 2746 1016 2802 circaeam
1043 2750 1186 2818 potestate
1200 2746 1320 2803 honoris
1346 2748 1401 2814 tui,
1419 2758 1452 2803 ut
1476 2765 1544 2805 eum
1571 2748 1617 2805 vel
1641 2750 1818 2823 6666666661

121 2838 304 2895 abstineas.»
323 2837 457 2893 Secundo
472 2836 642 2892 1666666661
658 2835 771 2908 synodo
795 2834 894 2890 Patres
918 2834 1032 2890 concilii
1055 2834 1252 2908 intelligentes
1268 2836 1346 2907 qnod
1362 2836 1516 2893 Geminius
1531 2837 1632 2894 Victor
1646 2837 1818 2897 Christianus

120 2942 156 2983 ex
170 2925 225 2981 hac
240 2925 299 2981 vita
313 2925 468 2981 discedens
484 2925 674 2981 Fortunatam
691 2924 849 2995 quemdam
872 2923 1074 2997 presbytorum
1099 2928 1275 2979 testamento
1299 2941 1419 2981 suorum
1435 2924 1564 2981 tiliorum
1579 2930 1709 2983 tutorem
1734 2928 1816 2985 nomi·

121 3011 795 3085 666661,61666116,)6ιι1666666161666661111
818 3012 953 3082 alieuius,
968 3012 1039 3069 olim
1055 3012 1109 3067 1666
1133 3013 1169 3067 66
1193 3028 1223 3068 re
1246 3012 1276 3068 in
1300 3012 1398 3069 616166
1422 3014 1478 3069 sub
1502 3014 1740 3072 antecessoribus
1752 3014 1815 3072 cels·

120 3102 208 3167 166611,
229 3118 345 3174 poensm
370 3100 682 3157 excommunicationis
707 3100 901 3157 incurrisset:
918 3099 1016 3172 ipsum
1042 3100 1208 3157 Geminium
1234 3101 1417 3169 6616661661,
1433 3118 1466 3157 oo
1491 3103 1569 3173 qnod
1595 3104 1814 3177 presbyternma

121 3190 202 3247 saltu
218 3188 270 3246 Dei
284 3196 320 3245 ad
338 3189 489 3245 secularia
509 3194 668 3255 avocasset,
685 3189 970 3245 excommunicatum
985 3205 1050 3245 esse
1066 3189 1255 3257 denuntiant;
1271 3188 1391 3259 ideoque
1416 3206 1467 3263 pro
1490 3191 1629 3247 defuncto
1653 3192 1813 3248 sacrilicinn

122 3278 230 3349 6116661,
247 3295 352 3335 nomen
369 3278 446 3350 apud
462 3277 553 3334 611666
568 3278 713 3334 nominari
729 3294 828 3334 severe
842 3278 1001 3334 admodum
1018 3278 1214 3345 interdicunt;
1236 3279 1394 3350 ipsumque
1408 3283 1627 3336 autecessorum
1644 3297 1761 3338 snorum
1773 3280 1811 3337 dc·

124 3372 238 3424 cretum
268 3366 322 3423 bac
351 3364 482 3437 synodali
499 3365 708 3422 constitutione
732 3366 917 3422 confirmant.
935 3365 1000 3421 Haec
1024 3370 1159 3422 constant
1182 3382 1217 3421 ox
1240 3364 1376 3439 Cypriani
1401 3366 1593 3439 6616161666,
1618 3384 1678 3440 qua
1701 3367 1740 3425 616
1759 3368 1809 3423 ait:

125 3456 254 3513 Graviter
267 3458 395 3510 comnmti
419 3470 524 3519 sarnus,
539 3469 588 3524 666
602 3457 627 3509 et
640 3452 757 3523 cottepae
770 3456 835 3519 6161,
850 3454 898 3524 orci
920 3461 1069 3526 praecem
1084 3453 1207 3519 6666661,
1223 3457 1250 3509 ct
1263 3454 1475 3525 compresbyteri
1487 3457 1575 3512 666161
1588 3458 1639 3528 qai
1662 3460 1738 3515 66616
1755 3458 1807 3513 661-

124 3542 232 3610 6666161,
248 3547 303 3598 616.
319 3542 424 3599 Baron.
439 3560 515 3599 anne
538 3543 602 3607 257,
619 3558 741 3598 numero
757 3542 790 3597 13
805 3547 835 3598 61
854 3543 897 3597 11.
915 3543 973 3598 1166
995 3542 1097 3598 eodem
1122 3542 1245 3598 concilio
1274 3544 1457 3615 Baptismum
1485 3543 1701 3603 infantulorum
1714 3547 1742 3603 16
1753 3562 1805 3602 caan

125 3630 310 3687 necessitatis
335 3636 402 3687 ante
428 3635 562 3687 octavum
578 3630 654 3687 diem
679 3630 902 3687 accelerandum
926 3647 1001 3699 6666,
1018 3632 1053 3687 66
1071 3632 1265 3701 6666666616
1281 3632 1494 3688 dubitationem
1510 3649 1686 3706 responsum
1708 3634 1803 3693 666661·

124 3721 231 3776 66166;
249 3720 385 3787 1116111166,
402 3719 472 3792 quia
495 3720 652 3777 concilium
677 3718 751 3775 illud
777 3724 907 3791 tempore
926 3719 1062 3777 Ecclesia
1078 3728 1177 3792 666616
1194 3720 1384 3791 celebratum,
1401 3738 1459 3777 non
1482 3722 1537 3777 sub
1560 3722 1659 3791 Lucio,
1676 3722 1801 3780 61166611

127 3807 216 3865 661116
240 3807 406 3875 1661661666
432 3808 528 3881 potins
553 3808 629 3865 circa
657 3808 776 3865 initium
806 3808 953 3865 Valeriani
977 3809 1111 3865 habiturn
1137 3808 1238 3879 161666,
1254 3815 1333 3865 66616
1359 3810 1495 3883 colligere
1509 3810 1605 3867 liceat.
1622 3812 1719 3877 066116
1729 3810 1801 3867 illadc

121 3895 272 3967 Baptismo
287 3895 500 3952 infantulorum
515 3897 713 3954 controversia
728 3897 824 3965 166611,
842 3902 871 3953 61
886 3914 930 3953 ux
945 3896 1069 3970 epistola
1083 3896 1218 3969 Cypriani
1233 3898 1268 3952 ad
1286 3898 1389 3954 Fidum
1416 3899 1621 3972 presbyterum
1636 3900 1685 3957 hic
1698 3900 1798 3971 66161666

122 4000 299 4057 cognoscere
314 3984 390 4041 licet.

119 4208 287 4264 1166661666
319 4224 354 4263 ar
380 4224 488 4263 666661
520 4224 654 4265 cocunea
680 4225 730 4271 666
759 4226 789 4264 16
817 4224 948 4265 concinno

157 4294 326 4335 1666666666
359 4296 480 4335 6661666
512 4296 575 4336 cxvi
604 4280 654 4352 (1),
683 4296 749 4336 arno
776 4281 816 4353 (5)
845 4298 948 4337 naarai

158 4366 301 4405 61666611.

122 4456 388 4513 decumarum-
403 4459 499 4512 Patres
517 4457 644 4530 6616661
661 4473 755 4529 pacem
777 4475 794 4514 6
818 4458 948 4529 11666616

159 4536 260 4583 temere
280 4544 444 4600 concessam,
465 4533 556 4585 ratam
577 4545 636 4587 esre
653 4532 790 4586 61616661.
802 4561 837 4570 -
851 4530 947 4601 16166-

1039 4210 1109 4265 11661
1127 4209 1206 4265 modo
1225 4214 1355 4265 66166666
1379 4210 1536 4282 Baptismus
1561 4210 1598 4267 ud
1621 4210 1715 4267 iisdem
1733 4206 1795 4265 stoli

1038 4282 1168 4337 11116.-
1187 4281 1396 4353 Superstitiosus
1419 4298 1479 4338 moa
1504 4284 1627 4354 infantes
1649 4284 1686 4339 66
1705 4280 1796 4339 osculat

1037 4368 1094 4408 666
1109 4354 1256 4408 admittere
1270 4357 1335 4409 6616
1349 4353 1422 4409 diem
1437 4362 1560 4410 66166661
1573 4352 1795 4411 nomae-ma

1038 4440 1054 4479 o
1068 4426 1208 4495 1166116616
1223 4423 1422 4496 1666666666.

1038 4531 1143 4586 1616
1167 4530 1189 4587 l.
1211 4530 1350 4603 Legimus
1374 4529 1487 4587 litteras
1508 4535 1587 4604 tuas,
1603 4532 1693 4588 trater
1713 4526 1795 4587 6166116

842 4662 1008 4725 variorum
1036 4670 1128 4725 nota.

160 4782 199 4854 (1)
214 4783 275 4839 atsi
288 4800 352 4855 qua
367 4800 400 4842 eo
414 4785 469 4842 loci
485 4786 652 4869 colligimus
666 4786 790 4843 concilia
803 4786 951 4859 Carthagi·

123 4855 228 4910 nansia
241 4872 299 4911 non
310 4858 444 4912 eamdem
456 4858 674 4930 rebaptismatis
685 4860 876 4929 questionem
888 4860 948 4931 sgi-

122 4927 258 4995 taverint,
269 4936 374 4983 cuncta
386 4934 484 4984 tamen
496 4931 580 5001 quasi
596 4930 625 4984 in
637 4947 728 4986 unum
742 4946 848 5001 666666
862 4932 949 4986 eden·

123 4998 160 5080 da
175 5013 240 5053 6666
260 5000 488 5069 autumavimus,
506 5005 607 5073 utpote
631 5001 734 5056 iisdem
761 5002 949 5127 1666166166-

122 5070 216 5134 ribus,
232 5072 288 5125 sub
304 5071 406 5127 eodem
427 5088 544 5127 6616616
566 5072 712 5139 16611666,
728 5074 879 5129 66666616
908 5076 950 5143 'y-

122 5140 237 5267 Eriano,
254 5158 289 5197 ex
304 5142 408 5198 iisdem
432 5144 645 5215 propemodum
670 5144 815 5217 episcopis
840 5144 948 5200 habita.

136 5212 195 5267 ’66

160 5284 198 5362 (2)
214 5282 264 5338 ast
285 5283 340 5338 hoc
364 5284 519 5341 concilium
535 5286 765 5357 Carthaginense
780 5303 812 5342 ιιι
827 5286 882 5341 6616
898 5288 949 5359 cy-

125 5366 227 5476 661666
252 5358 285 5409 61
311 5356 449 5412 admonet
475 5357 653 5421 llarduinus,
669 5357 848 5414 celebratum
874 5373 950 5412 anno

148 5421 347 5493 misticorum
373 5427 508 5483 lictitium
526 5434 622 5485 autom
638 5428 711 5485 illud
736 5434 819 5501 putat
844 5428 951 5501 Pagius

126 5492 163 5547 ad
178 5510 247 5548 ann.
263 5495 328 5551 chr.
343 5498 407 5565 251,
424 5516 452 5553 n.
467 5502 500 5566 53
516 5516 604 5571 quem
619 5500 748 5557 consula.

163 5562 458 5639 (366616666161616
481 5573 590 5627 mentio
612 5576 692 5629 extat
714 5572 792 5645 apud
816 5574 951 5627 sanctum

929 5510 935 5523 ·
1006 5518 1071 5556 men
1089 5517 1153 5556 6666
1177 5501 1268 5557 161666
1282 5500 1411 5557 61616616
1426 5504 1449 5557 ‘l

1002 4788 1044 4843 An
1069 4788 1199 4843 uetinnm
1223 4788 1252 4842 in
1267 4787 1342 4844 libro
1357 4788 1393 4844 de
1407 4789 1503 4846 Gestis
1527 4790 1574 4846 Pel
1616 4790 1646 4860 ’1,
1661 4808 1695 4847 es
1714 4784 1798 4856 .ll,cl

1004 4859 1033 4913 in
1047 4804 1124 4914 libro
1140 4864 1244 4929 quarto
1268 4864 1371 4915 contra
1395 4860 1469 4916 duas
1492 4862 1514 4917 a
1536 4861 1639 4919 istoas
1664 4806 1799 4941 Pelagiano-

1004 4946 1080 4992 rum,
1096 4947 1159 5001 cap.
1181 4932 1208 4999 8,
1234 4935 1263 4986 61
1287 4932 1317 4985 16
1342 4948 1477 4987 66661666
1497 4934 1549 4987 ..l
1575 4950 1656 4991 nova
1682 4933 1799 4989 editionis.

1004 5002 1137 5057 Meminit
1150 5002 1282 5072 ejusdcm
1304 5004 1391 5058 etiam
1417 5003 1611 5087 Hierony-rius
1626 5006 1657 5060 in
1672 5005 1744 5062 calce
1754 4999 1801 5075 1116·Ι

1004 5072 1137 5145 logorum
1153 5074 1293 5128 adversus
1309 5072 1489 5145 Pelagianos.
1503 5074 1577 5130 Vide
1591 5076 1699 5132 librum
1713 5074 1803 5141 Georsl

1004 5144 1161 5201 Cassandri
1177 5146 1317 5201 adversus
1332 5146 1548 5218 anabaptistae.
1565 5146 1671 5204 116666.

1041 5216 1439 5287 (1)111666661666.11166616
1462 5218 1541 5289 quod
1565 5226 1633 5276 6616
1657 5220 1807 5275 annotatum

1005 5292 1050 5343 est
1065 5288 1099 5342 ad
1116 5286 1225 5343 Concil.
1243 5304 1273 5352 ιι,
1290 5304 1318 5359 p.
1337 5288 1397 5343 169.
1414 5288 1525 5345 116666.

1041 5360 1078 5429 (5)
1095 5358 1169 5413 1166.
1188 5357 1334 5414 Pamelius
1358 5360 1399 5414 sit
1423 5376 1479 5415 non
1496 5360 1628 5432 66161666
1652 5378 1683 5417 se
1706 5377 1736 5417 re
1770 5358 1813 5413 616

1006 5447 1064 5500 quo
1080 5430 1109 5485 in
1125 5429 1188 5485 loco
1208 5430 1296 5485 Fidus
1322 5430 1409 5485 166611
1432 5432 1600 5557 episcopas,
1616 5432 1769 5517 6661616116
1781 5436 1819 5557 130

1472 5519 1575 5573 erasi,
1614 5518 1789 5561 6616666

1006 5574 1100 5629 666611
1115 5573 1250 5644 Cypriani
1266 5574 1492 5645 cognominatur
1505 5520 1633 5633 apllnllia.
1649 5575 1727 5649 (vid.
1737 5520 1824 5647 {upra
