3892 6104
113 304 193 368 {337
589 304 689 367 PARS
711 306 750 367 ΙΙ.
773 337 811 351 -
826 302 1112 368 llEGENlellUM
1133 302 1353 369 EXCURSUS.
1739 310 1818 371 {338

270 434 495 516 compendiosa
510 436 659 517 Stephani
676 436 861 499 sanctissimi
877 437 1022 516 Martyris
1037 456 1072 498 ac
1088 438 1217 499 bomani
1233 439 1391 501 Pontificis
1405 438 1478 504 Vita
1492 458 1511 501 e
1525 445 1666 505 vetorum

772 518 983 581 monumentis
1001 527 1157 597 excerpta.

149 622 319 697 Stephanus
329 622 446 679 natione
457 623 608 681 Romanus
625 641 659 683 ex
681 628 763 698 patre
778 625 852 683 lulio
867 626 934 699 (50),
949 624 978 694 Α
992 640 1059 683 oum
1076 642 1129 682 nos
1142 626 1333 700 honoremus,
1348 628 1440 685 astulfo
1455 628 1549 703 magis
1571 634 1614 699 tu,
1631 630 1735 689 fratrer
1749 630 1817 689 cbe-

115 718 276 785 antequam
287 713 323 768 ad
337 728 508 785 supremum
520 713 654 770 Ecclesia
669 714 806 771 vorticem
826 714 938 773 attolle·
996 716 1123 788 tissime,
1140 718 1334 776 honorificare
1350 724 1378 776 et
1393 736 1509 778 servare
1523 720 1663 793 gravitate
1678 725 1706 777 et
1720 725 1818 779 aucto·

114 808 197 861 rotnr
212 802 313 860 1285
331 802 360 857 in
376 801 486 858 clerum
503 802 669 859 ltoruanam
699 809 851 877 cooptatus
871 805 940 861 Cor·
996 806 1081 864 ritate
1094 811 1144 863 fua
1160 808 1259 875 debes,
1276 808 1326 881 quvi
1340 808 1468 865 vicarius
1483 814 1512 866 et
1539 826 1693 867 successor
1715 828 1816 868 eorum

115 891 186 951 uelli
203 891 306 964 primo,
323 892 428 947 deinde
444 891 526 947 Lusit
541 892 740 948 Romanorum
765 894 939 950 Pontificum
996 897 1091 953 lactus
1105 914 1146 953 es.
1163 896 1207 953 ltli
1223 897 1301 953 enim
1318 897 1395 970 pleni
1411 898 1519 971 Spiritu
1531 900 1578 954 Dei
1603 900 1675 957 etin
1692 900 1818 973 glorioso

113 984 169 1039 fuit
184 980 408 1037 archidiaconus
423 981 490 1054 (51),
507 981 537 1038 ia
551 997 608 1054 quo
619 982 714 1039 officio
726 982 814 1040 talem
827 999 939 1056 sopra·
995 986 1100 1044 1280
1128 986 1266 1060 martyrio
1294 986 1445 1043 constituti
1472 988 1599 1045 dandum
1628 1006 1693 1047 ossa
1727 989 1819 1065 lapsis

116 1069 336 1138 buitCornelio,
348 1074 381 1126 ot
397 1070 493 1142 ipsum
510 1087 568 1144 pras
585 1072 725 1128 omnibus
742 1073 865 1145 dignum
877 1089 941 1129 cen·
995 1092 1097 1150 pacem
1113 1079 1300 1133 censuerunt.
1319 1100 1333 1127 »

116 1160 283 1227 suerit,cui
312 1160 405 1216 tutius
433 1183 447 1211 «
477 1160 576 1216 omnio
606 1160 740 1217 sceleste
768 1162 846 1219 bons
874 1166 941 1220 aute
1031 1167 1193 1239 Cyprianus
1208 1166 1319 1223 interea
1333 1168 1404 1223 adeo
1419 1184 1476 1225 non
1492 1168 1655 1235 dubitabat,
1670 1170 1739 1241 quia
1756 1172 1816 1228 sss-

116 1268 201 1310 suam
218 1250 384 1324 passionem
401 1254 585 1307 traderentur
599 1252 667 1323 (52).
683 1276 697 1303 o
716 1253 802 1309 Lucio
819 1270 886 1310 vero
902 1253 942 1311 ita
995 1255 1123 1328 phanus,
1139 1273 1169 1311 ro
1184 1257 1219 1311 ad
1238 1261 1348 1313 tantam
1365 1256 1461 1314 lucem
1486 1258 1549 1331 jam
1565 1264 1708 1332 provecta,
1722 1258 1817 1332 ipsius

118 1358 150 1399 se
165 1340 309 1413 probavit,
326 1344 357 1395 ut
372 1340 470 1412 ipsum
486 1358 520 1397 ex
535 1342 675 1397 omnibus
692 1359 784 1398 unum
800 1344 836 1399 ad
852 1343 940 1399 susti·
995 1344 1116 1402 oonsilio
1127 1350 1156 1402 et
1171 1346 1287 1402 hortatu
1303 1346 1416 1404 litteras
1427 1348 1462 1404 ad
1474 1347 1653 1420 provinciam
1664 1352 1692 1405 ef
1702 1348 1816 1421 plebem

115 1430 243 1487 academ
259 1428 442 1486 difficillimis
454 1430 636 1504 temporibus
652 1432 784 1489 nutantis
805 1432 941 1489 Ecclesiae
994 1434 1191 1493 Arelatensem
1209 1436 1347 1507 mitteret,
1363 1436 1471 1509 quibus
1486 1442 1515 1494 et
1529 1436 1709 1495 Marcianum
1726 1436 1817 1494 abati·

117 1518 224 1575 molem
239 1518 398 1592 deligaret:
415 1542 429 1569 ιι
447 1519 498 1575 llio
513 1520 603 1589 onim,
631 1520 727 1593 iuquit
756 1522 939 1594 Anastasius,
996 1522 1068 1589 neri,
1085 1528 1114 1578 et
1127 1522 1216 1579 alium
1233 1523 1403 1597 episcopum
1420 1524 1449 1579 in
1465 1526 1530 1597 ejus
1550 1523 1647 1581 locum
1674 1525 1816 1583 substitui

118 1612 292 1683 potestatem
307 1607 386 1665 dedit
401 1609 496 1665 oannis
511 1607 645 1666 Ecclesiae
671 1610 817 1685 stephano
845 1610 941 1668 archi·
995 1613 1173 1685 preciperet,
1187 1616 1220 1669 ut
1233 1617 1262 1668 et
1276 1613 1342 1686 quis
1358 1613 1446 1671 fuerit
1457 1615 1637 1672 substitutus
1653 1615 1708 1672 sibi
1724 1614 1816 1690 sigui·

118 1700 243 1757 diacono
258 1718 312 1758 suo
328 1702 397 1757 duni
412 1702 449 1757 ad
464 1700 633 1774 passionem
650 1707 782 1775 pergeret
797 1704 854 1775 (53)
868 1729 875 1772 ;
896 1702 941 1759 vel
996 1699 1075 1756 ficari
1092 1705 1173 1773 roget
1187 1701 1234 1757 bis
1251 1702 1365 1759 vorbis:
1395 1726 1409 1754 «
1436 1704 1603 1778 significata
1625 1704 1711 1778 plane
1730 1704 1815 1764 nobis

114 1790 201 1863 Juxta
215 1791 374 1847 Eusebium
391 1792 459 1864 (54),
475 1791 603 1847 moriens
617 1791 782 1864 episcopale
811 1793 941 1850 officium
996 1789 1046 1861 qul
1062 1790 1202 1848 inlocum
1219 1792 1360 1849 Marciani
1376 1792 1489 1850 Arelate
1510 1794 1597 1850 fuerit
1624 1793 1815 1867 substitutus,

115 1880 264 1955 Stephano
279 1880 445 1953 dereliquit.
466 1904 476 1929 ι
998 1881 1030 1935 ut
1043 1880 1173 1936 sciamus
1188 1881 1223 1937 ad
1241 1898 1329 1954 quem
1346 1883 1450 1938 frat-ros
1465 1886 1581 1940 nostros
1596 1882 1762 1958 dirigerent
1772 1884 1818 1941 cui

152 1968 383 2043 Lucio,gloriosa
395 1974 489 2027 morte
499 1971 648 2039 defuncto,
661 1973 804 2029 successit
818 1972 942 2047 Stephs-
958 2001 983 2067 B
997 1968 1124 2051 scribere
1139 1971 1298 2027 debeamus
1314 1970 1380 2045 (59).
1398 1992 1412 2021 »
1428 1971 1577 2043 Eclectum
1591 1978 1690 2030 autem
1715 1989 1730 2030 e
1749 1974 1819 2031 sede

117 2076 175 2117 uus
190 2060 258 2132 (55).
274 2058 432 2117 Ecclesiae
448 2060 701 2133 persecutionibus
721 2062 892 2135 respirante,
909 2080 942 2120 ae
995 2063 1067 2115 tnnc
1083 2059 1264 2116 Marcianum
1281 2078 1298 2116 a
1313 2060 1462 2133 Stephano
1478 2060 1569 2118 fuisse
1585 2065 1644 2119 toto
1660 2061 1727 2119 silet
1742 2061 1818 2121 auti-

117 2164 221 2221 pscem
232 2148 449 2205 subVafcriano
460 2151 496 2205 ad
508 2150 942 2225 tempusubtineote,majorcm
997 2149 1113 2221 quitast
1130 2152 1160 2204 al
1175 2148 1247 2206 illud
1263 2149 1372 2206 indl⁰l⁰
1400 2165 1465 2206 0⁵⁵0
1492 2153 1597 2222 Ρῡῑθθὶ,
1613 2152 1691 2225 quod
1712 2168 1819 2209 nomen

115 2244 239 2296 sanctus
254 2243 356 2312 pastor
368 2239 475 2312 agendi
493 2239 660 2295 libertatem
676 2244 780 2298 nactus
794 2242 831 2297 ad
845 2258 942 2298 remo·
996 2238 1105 2310 elusio
1122 2238 1252 2312 antiquis
1280 2238 1457 2295 Arelatensis
1485 2238 1618 2296 Ecclesia
1642 2240 1788 2313 diptychis
1803 2259 1821 2299 a

116 2327 249 2385 tissimus
260 2344 436 2401 quoquepor
448 2329 547 2384 arbom
558 2328 701 2385 Ecclesiae
713 2328 942 2388 sollicitudiuem
997 2327 1167 2384 Mabillonio
1183 2327 1269 2384 editis
1284 2329 1341 2399 (60)
1362 2345 1419 2385 non
1444 2327 1571 2401 legatur.

114 2418 202 2475 vertit
215 2432 222 2474 :
235 2440 248 2467 α
261 2416 405 2474 Omnibus
421 2417 570 2491 Syriarum
587 2418 769 2475 cuvuArabia
784 2419 942 2492 provinciis
1032 2417 1138 2475 Eodem
1154 2417 1278 2487 circiter,
1295 2420 1328 2474 ut
1343 2418 1482 2485 creditur,
1498 2422 1629 2492 temporo
1644 2416 1818 2492 praclarum

116 2505 362 2573 uonsemel,sed
379 2507 538 2563 identidem
559 2508 724 2565 necessaria
749 2509 942 2582 suppeditans
997 2506 1181 2564 auctoritatis
1210 2523 1243 2563 ac
1271 2524 1331 2563 sua
1365 2505 1525 2564 clementie
1558 2507 1706 2581 specimen
1739 2509 1821 2567 dedit

116 2594 195 2667 (56),
213 2616 227 2643 »
242 2610 367 2667 quorum
383 2600 478 2651 autem
502 2595 674 2668 corporibus
697 2600 779 2653 teuta
802 2596 942 2655 charitate
996 2595 1150 2671 piissimus
1167 2596 1295 2653 Pontifex
1313 2596 1341 2651 in
1358 2612 1448 2652 causa
1473 2596 1612 2653 Basilidis
1643 2597 1778 2671 Legionis
1793 2602 1822 2656 et

117 2700 152 2739 ac
167 2682 342 2741 liberalitate
356 2690 478 2740 sanctus
493 2684 624 2741 Pontifex
652 2685 854 2755 subveniebat,
879 2687 942 2743 ani·
996 2684 1135 2742 Asturica
1151 2685 1180 2741 ia
1196 2686 1345 2758 Hispaniis
1360 2685 1499 2759 episcopi.
1515 2685 1568 2742 llic
1596 2703 1664 2743 cum
1693 2687 1729 2745 ob
1745 2686 1824 2746 varla

114 2790 184 2829 mos
198 2774 287 2830 etiam
302 2773 438 2847 benignis
453 2790 485 2828 ec
506 2771 676 2829 salubribus
696 2774 814 2845 scriptis
842 2774 941 2848 solari,
996 2776 1121 2831 crimina
1135 2792 1259 2846 quorum
1276 2775 1481 2840 accusabatur,
1494 2775 1529 2831 ab
1541 2777 1709 2847 episcopatu
1726 2777 1820 2833 esuis

113 2867 144 2919 et
160 2863 197 2918 ad
214 2861 351 2935 pietatem
380 2864 505 2920 exaitare
524 2863 670 2932 studebat,
691 2867 765 2919 teste
790 2863 939 2937 Dionysio,
995 2865 1138 2938 depulsus
1152 2870 1240 2935 esset,
1253 2864 1376 2935 ejusque
1391 2862 1454 2919 loca
1479 2862 1606 2919 Sabinus
1633 2864 1738 2921 fuisset
1758 2865 1820 2921 suf-

116 2951 218 3009 citafis
231 2953 317 3009 modo
333 2952 430 3009 verbis
445 2953 505 3008 bac
516 2952 678 3009 subdente:
693 2975 707 3004 a
726 2952 876 3025 atquibus
892 2952 941 3010 lit·
996 2956 1098 3023 fectus,
1116 2969 1181 3010 sose
1196 2954 1319 3010 bonnam
1335 2952 1370 3008 ad
1387 2951 1569 3025 Stephanum
1584 2951 1718 3025 contulit,
1730 2970 1747 3010 s
1761 2969 1819 3026 quo

113 3044 196 3097 teras
211 3059 289 3098 nune
303 3041 475 3114 scripsistis.
491 3064 504 3092 n
995 3050 1029 3101 ut
1045 3045 1074 3100 in
1090 3061 1175 3101 suam
1192 3044 1293 3100 sedem
1307 3042 1513 3099 restitueretur
1526 3041 1655 3099 obtinuit
1681 3042 1750 3116 (st).
1766 3046 1820 3116 Cy·

150 3130 333 3187 Marcianum
363 3131 563 3188 arelatensem
592 3131 622 3186 in
646 3130 740 3188 Gellia
765 3130 940 3205 episcopum
994 3133 1127 3207 pdsnus,
1144 3150 1211 3189 oum
1226 3130 1384 3188 basilidem
1400 3130 1545 3199 omnium,
1562 3148 1687 3203 quorum
1703 3148 1822 3190 sucosa·

108 3218 274 3276 Novatiano
288 3220 450 3293 plurimum
467 3222 585 3276 studere
600 3236 657 3276 nou
673 3220 737 3277 sine
748 3221 879 3278 Ecclesiae
892 3222 928 3279 de
994 3223 1082 3281 batur
1096 3222 1254 3279 criminum
1272 3238 1353 3277 reum
1370 3220 1561 3289 existimaret,
1578 3228 1606 3276 et
1620 3219 1739 3277 aliunde
1756 3221 1820 3277 Ste-

108 3307 253 3366 trimcufo
268 3310 415 3383 Stephano
445 3309 621 3383 significavit
648 3328 706 3367 una
734 3328 801 3369 cum
826 3313 937 3371 caeteris
994 3312 1083 3385 pboui
1100 3312 1221 3384 aequitas
1238 3312 1309 3369 adeo
1324 3309 1380 3367 sibi
1396 3315 1464 3367 nota
1480 3314 1567 3380 esset,
1579 3314 1612 3367 ut
1637 3308 1735 3384 ipsum
1752 3310 1820 3365 faci·

111 3398 270 3467 provinciae
285 3399 430 3473 episcopis
444 3400 601 3457 Faustinus
616 3400 823 3473 Lugdunensis
845 3372 975 3462 antis·C
995 3417 1101 3459 noroso
1116 3400 1294 3474 patrocinari
1310 3398 1438 3457 voluisse
1464 3398 1631 3455 nullatenus
1654 3399 1818 3471 suspicare·

110 3490 160 3543 fes
173 3488 243 3561 (57).
260 3487 440 3561 Stephanum
457 3494 554 3546 autem
570 3506 622 3562 pro
638 3491 678 3545 rei
691 3491 833 3563 gravitate
848 3497 941 3549 matu·
994 3495 1053 3558 tur,
1070 3492 1252 3563 Stephanum
1268 3507 1285 3545 a
1313 3488 1439 3545 basilide
1466 3489 1497 3545 ia
1526 3489 1580 3544 hoc
1596 3488 1713 3559 negotio
1729 3488 1820 3544 fuisse

114 3592 149 3633 re
164 3578 381 3651 procedentem,
398 3594 430 3634 ao
445 3579 475 3634 in
491 3581 781 3638 excommunicandis
801 3586 829 3639 et
852 3583 941 3655 depo·
995 3579 1136 3649 deceptam
1151 3578 1276 3641 censuit,
1293 3576 1371 3650 quod
1383 3577 1531 3649 Stephano
1542 3577 1673 3634 accidere
1688 3578 1821 3649 potuisse

116 3667 386 3741 nendisepiscopis
405 3684 463 3724 non
492 3668 679 3726 festinantem
709 3686 761 3743 per
788 3671 941 3743 epistolam
996 3668 1146 3727 contendit
1160 3671 1192 3724 ut
1206 3672 1273 3741 pote
1286 3667 1363 3739 toopa
1379 3667 1415 3723 ab
1431 3665 1572 3739 Hispania
1584 3668 1670 3740 posita
1692 3670 1717 3723 et
1739 3674 1821 3740 pestes

114 3756 183 3813 adit
197 3773 215 3813 a
227 3756 318 3814 Gallis
332 3757 472 3814 incitatus
490 3758 661 3831 Cyprianus,
679 3760 776 3832 ipsum
805 3760 942 3833 interpel·
995 3760 1038 3817 rei
1048 3774 1081 3815 ac
1094 3760 1189 3815 tacitae
1203 3758 1326 3813 veritatis
1340 3758 1443 3829 ipsura
1471 3757 1538 3828 (62).

114 3845 186 3902 laus
203 3868 217 3897 a
234 3846 310 3901 utin
327 3846 507 3919 provinciam
523 3851 552 3902 et
567 3847 602 3902 ad
619 3846 733 3920 plebem
744 3847 859 3906 Arelate
873 3866 943 3905 con·
1034 3849 1062 3904 Si
1083 3844 1522 3917 reveraStephanusinhacre,
1534 3848 1567 3899 ut
1586 3844 1697 3916 putavit
1711 3844 1828 3917 Cypria·

115 3933 274 3991 sistentem
289 3935 402 3992 litteras
422 3934 560 4007 dirigeret
574 3939 603 3991 et
613 3935 731 4007 quidem
741 3936 942 4009 plenissimas,
998 3954 1066 4009 uus,
1089 3934 1292 3992 circumveniri
1321 3950 1352 3990 se
1375 3950 1481 4007 passus
1504 3938 1560 4001 est,
1586 3949 1644 3989 non
1669 3938 1822 4005 propterea

115 4023 230 4097 quibus
245 4024 378 4081 abstento
394 4024 539 4081 Marciano
550 4024 640 4081 alium
651 4024 680 4081 in
691 4025 788 4082 locum
800 4027 864 4099 elus
875 4029 943 4085 sub·
997 4027 1105 4102 gravis,
1117 4024 1264 4081 autetiam
1276 4023 1346 4080 levis
1358 4021 1543 4096 negligentias
1554 4020 1631 4078 illico
1642 4020 1818 4095 culpandus,

117 4117 256 4173 stitueret
271 4116 349 4188 (58);
367 4139 381 4165 a
398 4132 488 4189 quare
499 4120 597 4172 autem
616 4115 701 4172 vellat
721 4120 781 4173 tam
801 4134 901 4176 severa
916 4124 945 4175 st
998 4133 1065 4174 uum
1077 4114 1255 4188 experientia
1269 4118 1382 4170 constet
1395 4110 1674 4186 veldiligontissimo
1685 4126 1821 4167 nonnun-

117 4204 201 4279 gravi
217 4220 340 4262 censura
350 4204 380 4261 in
391 4206 572 4261 Marcianum
589 4204 792 4273 animadverti,
804 4207 945 4265 disertius
999 4222 1088 4279 quam
1103 4202 1334 4275 cautissimeque
1347 4201 1446 4275 obrepi
1463 4200 1574 4269 solere;
1591 4200 1717 4256 maxima
1737 4199 1773 4265 si,
1788 4204 1822 4256 ut

117 4292 453 4368 exponitsubepistola
471 4295 570 4362 duem,
587 4294 664 4367 quod
682 4294 821 4351 nimirum
849 4297 944 4355 vindi·
998 4293 1176 4368 Stephanus,
1205 4308 1239 4348 ea
1268 4293 1373 4365 plenus
1395 4295 1441 4347 est
1471 4289 1697 4361 charitateque
1722 4289 1822 4345 omnia

117 4384 234 4441 candus
262 4389 340 4441 esset
367 4384 566 4442 Romanorum
594 4384 768 4440 Pontificum
797 4385 900 4454 honor,
928 4405 945 4444 a
998 4385 1189 4441 credensnec
1218 4380 1349 4454 cogitans
1374 4379 1498 4447 malum,
1527 4379 1585 4436 reis
1614 4379 1708 4451 magis
1732 4394 1820 4449 qurum

117 4490 247 4543 unarum
261 4472 310 4531 ille
321 4496 334 4525 a
347 4474 383 4530 de
396 4473 562 4546 recipientis
573 4473 664 4546 lapsis
676 4496 690 4523 ι»
706 4474 830 4531 decretis
856 4478 944 4548 perti·
999 4474 1146 4531 actoribus
1158 4470 1308 4543 indulgere
1318 4470 1432 4538 studet,
1444 4470 1493 4525 sed
1505 4468 1647 4525 ncscieau
1658 4466 1821 4541 Cyprianus

118 4564 233 4620 nacitor
242 4563 451 4620 dissentiebat:
466 4563 656 4619 «Servandus
672 4568 717 4617 est
732 4563 822 4625 enim.
837 4564 943 4637 inquit,
1000 4563 1206 4637 potiusquam
1220 4559 1387 4631 Stephanus
1403 4559 1431 4613 in
1447 4558 1500 4613 lroo
1510 4558 1724 4631 negetiof'ucrit
1738 4557 1820 4614 dece·

117 4654 345 4711 Antecessorum
357 4656 526 4710 nostrorum
538 4653 688 4708 beatorum
703 4656 864 4725 martyrum
877 4660 944 4710 Gor·
1000 4658 1084 4727 ptus;
1101 4650 1243 4722 quidquid
1261 4649 1339 4703 cuim
1355 4648 1517 4720 Cyprianus
1531 4647 1561 4703 iu
1578 4648 1631 4703 hac
1647 4647 1770 4719 epistola
1785 4646 1822 4701 de

120 4740 192 4798 aelii
206 4746 236 4798 et
251 4740 326 4797 Lucii
342 4741 435 4798 bonor
450 4739 607 4814 gloriosus,
619 4756 744 4813 quorum
774 4741 947 4799 memoriam
962 4741 986 4807 D
1003 4738 1140 4799 basilidis
1160 4736 1333 4794 criminibus
1361 4735 1473 4805 statuit,
1499 4736 1602 4793 statuit
1626 4742 1709 4809 parte
1732 4736 1821 4792 sltem

156 4865 215 4939 (50)
225 4866 373 4937 Catalepus
383 4865 551 4938 Pontificum
564 4866 666 4923 seculo
685 4869 761 4922 sexto
774 4866 946 4939 conscriptus
999 4882 1100 4927 omnes
1116 4865 1288 4934 agnoscunt.

118 4937 158 4995 ab
172 4935 754 5010 Henscheniovulgatustom.IAprilis,
771 4938 802 4993 in
821 4936 946 4994 diatriba
1035 4940 1091 5011 (56)
1111 4936 1268 5007 Dionysius
1292 4933 1432 4991 Alexand.
1462 4934 1540 5007 apud
1570 4932 1739 4989 Eusebium.
1768 4929 1819 4987 lib.

139 5008 317 5066 rediminuri.
333 5007 509 5065 Anastasius
525 5008 766 5066 bibliothecarius
786 5009 816 5065 in
841 5010 901 5065 Vita
915 5008 944 5067 S.
999 5028 1050 5077 vn,
1066 5025 1131 5080 cap.
1146 5008 1173 5063 5.

118 5026 168 5139 gie
189 5082 267 5137 honi.
1034 5083 1092 5154 (57)
1107 5078 1174 5136 SC
1215 5077 1326 5146 cianus,
1354 5075 1446 5151 Epist.
1475 5077 1522 5143 bt,
1547 5075 1583 5132 ad
1606 5074 1635 5131 S.
1652 5074 1822 5147 Stephanum

156 5097 216 5236 (lt)
239 5152 320 5236 idem
347 5151 521 5209 Anastasius
542 5151 573 5208 in
602 5152 670 5209 Vitis
693 5151 740 5210 SS.
769 5151 892 5209 Cornelii
920 5156 947 5209 et
1000 5170 1034 5211 su
1058 5170 1090 5210 ra
1105 5150 1159 5207 col.
1175 5094 1238 5205 lgr).
1297 5221 1303 5233 ¹
1329 5220 1334 5231 .

119 5224 200 5283 Luae
216 5224 287 5280 edit.
306 5223 403 5289 bom„
420 5223 499 5279 1718.
1045 5226 1092 5291 58)
1107 5222 1280 5297 Cyprianus,
1295 5220 1368 5277 ibid.

168 5296 262 5367 52)1n
278 5295 338 5352 Vita
351 5295 380 5352 S.
398 5294 529 5352 dometii.
1046 5298 1082 5353 59
1109 5294 1230 5352 ibidem.
1763 5358 1769 5372 ⁶

167 5366 205 5422 53
232 5367 263 5422 ln
281 5368 341 5423 Vita
354 5366 382 5423 S.
398 5368 485 5423 Lusit.
1046 5369 1082 5423 60
1107 5365 1207 5423 Auuat.
1235 5368 1307 5420 tom.
1341 5363 1391 5430 ΙΙΙ,
1420 5378 1486 5437 pag.
1520 5362 1582 5430 bib,
1614 5360 1684 5417 edit.
1707 5360 1821 5429 Paris,

167 5439 203 5494 5⁴
231 5439 330 5494 bistor.
347 5438 462 5508 Eccita,
479 5437 530 5495 lib.
546 5454 596 5507 vn,
626 5454 689 5512 cap.
713 5440 741 5506 2,
763 5437 945 5494 editvales.
999 5438 1080 5495 ldt‘z.

120 5510 230 5577 Paris„
247 5510 325 5566 1678.
1035 5512 1092 5584 (ΙΙΙ)
1105 5508 1266 5582 Cyprianus
1294 5505 1324 5564 iu
1354 5507 1438 5579 epist.
1467 5508 1514 5578 67,
1529 5506 1565 5563 ed
1578 5504 1747 5578 Stephanum
1770 5520 1822 5561 su·

166 5582 215 5656 55)
235 5582 266 5639 ld
294 5588 359 5656 past
387 5580 576 5655 cyprianum,
606 5581 777 5651 Eusebium,
805 5579 944 5653 Optatam
999 5598 1064 5656 pra.

118 5584 230 5721 Milev„
246 5653 454 5729 Augustinum,
466 5654 651 5729 Prosperum,
665 5652 872 5727 Nicephorum,
888 5656 943 5711 eto.
1035 5653 1093 5727 (62)
1109 5651 1230 5711 ibidem.
