3892 6104
145 314 201 378 ue
456 385 458 389 ,
708 309 966 376 nissnarlrro
988 308 1260 375 aeoaoosrrca
1342 341 1345 349 ·
1393 262 1398 273 ¹
1789 312 1852 375 rso

147 466 210 521 quaa
226 453 322 506 amen
336 448 433 506 brevis
454 452 483 506 et
502 446 602 505 localis
626 445 691 515 luit,
716 461 774 503 non
797 444 970 517 interrupta.
986 443 1014 511 Α
1028 442 1204 516 consistens,
1230 445 1291 500 rete
1305 443 1449 518 portabat,
1463 445 1541 518 quod
1555 459 1587 502 ss
1602 441 1776 512 mitterent
1791 445 1849 503 cir·

146 539 204 595 lico
217 537 294 594 1Ιὸ
313 537 454 608 temporis
469 535 621 592 intervallo
636 534 763 592 visiones
777 539 806 591 st
820 532 969 590 revelatio·
1024 537 1218 589 cumstantsm
1235 533 1376 606 populum
1392 538 1515 606 cuperet,
1532 534 1718 605 minabatur;
1735 538 1765 592 st
1779 551 1851 592 cum

146 643 199 684 nes
214 627 244 681 in
263 626 392 683 Ecclesia
407 643 464 681 non
481 625 646 694 defuerunt,
664 629 696 680 ut
712 623 858 695 aliquibus
870 638 969 679 axem·
1025 619 1182 677 miraretur
1195 623 1265 693 quid
1280 622 1335 679 hoc
1355 626 1441 692 esset,
1466 622 1525 694 ille,
1554 624 1605 696 qui
1620 621 1692 680 vidit
1707 623 1780 679 dixit
1797 639 1823 681 er
1841 640 1849 680 :

136 696 206 789 'plis
223 719 347 782 constat,
363 725 427 786 que¹
443 713 485 769 uti
509 713 680 787 insigniora,
703 717 732 769 et
754 713 790 769 ad
818 710 970 784 publicum
1023 707 1164 765 Juvanem
1181 711 1231 782 qui
1246 711 1282 767 ad
1304 712 1453 767 dexteram
1476 711 1519 768 sic
1534 713 1657 783 sederat,
1683 712 1854 770 contristari

149 803 285 860 Ecclesia
312 807 432 873 statum,
469 805 497 858 et
522 802 558 858 ad
583 801 717 874 publicas
741 801 811 857 item
831 816 970 872 personas
1025 796 1164 854 etdolere
1179 800 1257 871 quod
1277 805 1418 873 praecepta
1442 818 1497 859 sua
1518 818 1576 857 non
1599 802 1851 859 observarentur:

149 898 237 963 atqus
253 891 399 962 imprimis
414 891 542 948 celebres
566 889 751 963 pertinentia,
768 889 895 946 historiae
911 905 971 945 sue
1026 884 1099 941 ilum
1122 903 1188 942 vero
1213 887 1243 942 in
1259 887 1379 945 sinistra
1394 888 1547 957 exsultare,
1564 891 1642 962 quod
1662 889 1718 947 sibi
1734 891 1856 947 daretur

151 979 296 1037 Eusebius
312 978 447 1035 inseruit.
472 978 644 1052 cujusmodi
660 980 779 1034 fuerunt
793 977 849 1034 illae
864 977 971 1050 quibus
1026 974 1151 1041 occasio,
1163 980 1225 1032 uta
1240 977 1451 1049 patrefamilias
1467 982 1642 1051 potestatem
1658 983 1789 1036 sumeret
1798 996 1854 1036 sa-

150 1067 624 1141 Alexanderinlliemsolymorum
637 1067 799 1124 antistitem
808 1067 917 1123 electus
928 1070 974 1123 est
1026 1063 1133 1120 viandi.
1150 1068 1209 1121 Hoc
1222 1065 1304 1137 prius
1319 1064 1404 1140 longe
1420 1073 1572 1123 ostensum
1594 1071 1651 1137 ost,
1677 1085 1763 1140 quam
1778 1072 1855 1125 tern-

151 1158 203 1231 (6),
215 1161 244 1212 et
255 1173 313 1228 qua
322 1161 442 1213 sanctus
454 1157 599 1213 Fabianus
610 1156 741 1214 Ecclesia
754 1156 891 1213 Romanas
902 1173 973 1229 pon·
1028 1155 1126 1224 pestes
1135 1152 1278 1209 vastitatis
1287 1152 1376 1225 hujus
1385 1152 1857 1228 orireturdltvidimusimplstum

151 1245 221 1303 tifex
236 1245 420 1302 renuntiatus
433 1246 486 1319 (7);
502 1246 553 1302 sed
569 1262 618 1302 eas
633 1250 782 1318 pretereo,
798 1245 876 1318 quod
901 1244 974 1300 nibil
1030 1241 1108 1313 quod
1125 1241 1220 1297 fuerat
1233 1245 1416 1299 ostensum.»
1432 1242 1523 1299 Sicuti
1539 1242 1620 1316 pacis
1634 1247 1765 1316 ternpore
1775 1243 1857 1302 futu·

152 1335 244 1392 ferma
259 1351 326 1390 cum
339 1338 438 1391 nostro
448 1337 620 1408 argumento
631 1351 787 1391 commune
802 1334 976 1402 habeant,ut
1029 1345 1093 1385 ram
1109 1331 1351 1404 persecutionem,
1364 1330 1550 1389 itaseviente
1560 1331 1858 1405 persecutione‚brevi
1901 1394 1904 1399 ,

152 1423 219 1481 illas
229 1422 316 1480 etiam
326 1422 735 1496 Dionysiidlsxandrini,quas
745 1423 823 1480 idem
831 1422 976 1480 Eusebius
1030 1417 1163 1474 futuram
1178 1435 1282 1491 pacem
1298 1419 1454 1477 invisione
1469 1420 1578 1493 pariter
1592 1420 1784 1491 intellexit,de
1798 1436 1862 1496 qua

154 1513 241 1570 refert
255 1512 304 1585 (8),
319 1512 349 1568 in
369 1512 477 1584 quibus
491 1512 629 1586 praesenti
644 1529 739 1570 causae
764 1529 822 1568 non
848 1511 976 1568 multum
1031 1505 1684 1583 ineademepistolaitascribit:«l)aniqnsad
1696 1508 1861 1568 minimum

154 1601 349 1659 videturesse
364 1600 502 1675 praesidii.
1031 1593 1176 1651 famulum
1191 1612 1290 1665 suum,
1300 1600 1330 1654 et
1345 1597 1375 1653 in
1390 1596 1504 1655 delictis
1518 1597 1586 1655 licet
1599 1597 1737 1672 plurimis
1750 1597 1860 1656 consti·

191 1690 253 1746 Vll.
277 1690 320 1746 Ad
341 1690 518 1765 cyprianum
544 1691 643 1763 itaque
666 1690 793 1762 veniam,
818 1708 875 1763 qno
891 1706 978 1746 nemo
1031 1686 1129 1740 tutum
1149 1686 1177 1740 st
1187 1684 1355 1758 dignatione
1366 1687 1430 1760 ejus
1440 1686 1608 1761 indignum,
1619 1690 1718 1745 tantm
1733 1686 1794 1745 illic
1804 1704 1859 1761 pro

158 1779 253 1852 magis
268 1778 310 1834 ita
323 1794 355 1836 sc
369 1779 472 1852 gessit,
479 1779 565 1852 quasi
580 1780 724 1853 Spiritum
740 1779 977 1849 sanctum‚veluti
1033 1788 1087 1828 sua
1101 1771 1178 1830 circa
1191 1790 1244 1831 nos
1255 1773 1393 1846 bonitate,
1410 1776 1551 1833 mandare
1566 1774 1706 1848 dignatus
1721 1779 1766 1835 est
1781 1792 1790 1834 z
1805 1774 1860 1834 Dic

158 1866 268 1924 monile
283 1868 432 1940 quoddam
448 1868 477 1923 in
493 1885 562 1925 arca
575 1867 724 1925 inclusum
744 1886 810 1936 sua,
826 1868 979 1926 habuisset
1032 1859 1086 1930 illi,
1101 1861 1208 1934 inquit,
1224 1878 1346 1919 securus
1361 1863 1411 1934 sit,
1427 1864 1498 1936 quia
1523 1881 1579 1938 pax
1593 1867 1715 1922 ventura
1728 1866 1784 1924 est.
1801 1864 1859 1922 Sed

156 1955 194 2013 ad
206 1960 321 2027 nutum,
333 1957 398 2028 ejus
412 1955 669 2025 illustrationibus,
681 1957 799 2029 quando
812 1955 979 2025 valletusu-
1032 1950 1110 2022 quod
1126 1950 1244 2006 interim
1261 1951 1376 2009 morula
1400 1957 1455 2019 est,
1481 1957 1641 2027 supersunt
1655 1953 1752 2012 adhuc
1766 1952 1860 2028 aliqui

158 2060 210 2100 rus
225 2044 261 2099 ad
277 2043 507 2100 arbitrium.Duo
522 2049 621 2101 autom
632 2045 662 2100 iu
674 2046 738 2118 ejus
753 2043 979 2102 revelationibus
1034 2038 1083 2112 qui
1096 2040 1282 2111 probentur.»
1296 2041 1395 2114 Neque
1406 2046 1504 2098 tamen
1520 2043 1556 2099 de
1570 2042 1859 2102 fundendisassidue

158 2148 192 2189 ao
207 2130 370 2190 visionibus
385 2134 545 2207 spectanda
556 2140 626 2190 sunt
636 2151 643 2189 ε
655 2150 755 2191 aarum
767 2133 879 2191 scilieet
890 2133 982 2189 varis·
1035 2127 1182 2202 precibus,
1199 2129 1250 2185 sed
1271 2129 1307 2185 de
1322 2129 1387 2187 aliis
1407 2146 1522 2203 quoque
1537 2131 1655 2205 pietatis
1669 2132 1819 2206 operibus,
1832 2137 1864 2191 et

158 2223 205 2277 tas
220 2225 308 2293 atque
323 2220 496 2293 frequentia,
512 2238 601 2295 quam
624 2223 691 2279 inde
706 2222 841 2296 concepit
854 2221 981 2278 sanctis·
1036 2215 1186 2290 religionis
1200 2217 1455 2293 officiis,supernis
1473 2217 1700 2280 revelationibus
1721 2222 1862 2280 admoni-

159 2309 256 2367 eimue
267 2309 399 2381 juxta,ac
412 2310 662 2382 prudentissimus
672 2310 760 2368 virde
771 2310 869 2368 divina
880 2310 980 2382 digna·
1035 2310 1099 2362 tum
1115 2322 1146 2362 se
1161 2304 1253 2363 fuisse
1268 2312 1393 2364 testatur
1409 2332 1416 2365 ι
1432 2330 1447 2359 a
1465 2309 1521 2365 Sed
1539 2315 1566 2366 et
1581 2309 1617 2367 de
1630 2308 1708 2367 victu
1723 2327 1822 2383 parco,
1834 2315 1864 2369 et

161 2397 241 2454 tione
277 2402 306 2454 et
330 2397 526 2456 familiaritate
549 2399 696 2456 fiduciam.
722 2400 759 2457 Ut
795 2406 894 2457 autem
920 2399 983 2455 hec
1036 2394 1132 2454 sobrio
1144 2398 1214 2468 potu
1226 2395 1334 2452 divinis
1348 2397 1861 2469 dignationibusadmonemuretc.»

158 2486 319 2561 diligentus
333 2486 424 2545 lector
438 2492 527 2561 atque
550 2490 734 2547 commodius
759 2489 983 2559 animadvertat,
1035 2485 1115 2541 Adeo
1130 2499 1197 2540 vero
1213 2483 1248 2542 de
1264 2485 1470 2543 vaticiniorum
1485 2504 1607 2544 suorum
1629 2486 1738 2545 futuris
1751 2490 1863 2546 eventi·

159 2592 209 2633 aas
220 2574 268 2632 hic
279 2576 374 2633 sancti
387 2576 522 2650 Martyris
531 2577 657 2635 visiones
668 2594 811 2651 exponere
820 2578 916 2636 visum
927 2581 982 2645 est,
1036 2573 1093 2629 bus
1109 2573 1316 2631 sanctissimus
1333 2575 1440 2648 presul
1458 2592 1579 2633 securus
1593 2579 1666 2648 erat,
1678 2581 1713 2634 ut
1727 2578 1862 2652 quamvis

160 2663 265 2720 iisdem
283 2663 378 2720 verbis
395 2664 502 2736 quibus
513 2665 549 2720 ab
566 2666 629 2738 ipso
644 2666 708 2723 suis
723 2667 751 2722 io
767 2664 899 2739 epistolis
914 2663 984 2720 reie-
1037 2661 1138 2718 nullus
1154 2663 1249 2720 adhuc
1270 2667 1374 2736 optatae
1390 2664 1611 2738 tranquillitatis
1630 2665 1731 2723 radius
1745 2672 1863 2740 appete·

157 2751 415 2825 runtur.lipistola
431 2753 596 2821 undecima,
608 2752 680 2810 alias
692 2752 907 2827 juxtaPamelii
922 2752 982 2810 edi·
1037 2755 1090 2822 ret,
1110 2749 1203 2824 jussit
1227 2755 1326 2808 tamen
1353 2751 1406 2810 has
1430 2753 1544 2811 litteras
1563 2753 1744 2829 promulgari
1761 2759 1791 2813 et
1813 2773 1865 2831 per

160 2840 272 2897 tionem
287 2844 398 2910 octava,
414 2841 488 2897 nibil
514 2843 604 2899 ferme
625 2842 714 2900 habet
729 2847 834 2915 praeter
856 2842 984 2898 visiones
1038 2838 1149 2895 clerum
1177 2839 1215 2896 ad
1241 2857 1328 2912 quem
1356 2841 1471 2914 scripte
1496 2842 1622 2910 fuerant,
1637 2842 1715 2914 plebi
1744 2859 1864 2918 quoque

162 2933 250 3004 atque
264 2929 466 2988 revelationes.
480 2932 595 3003 Scripta
608 2937 653 2988 est
671 2949 686 2988 e
702 2947 817 2989 secessu
835 2931 983 3005 presbvte·
1038 2927 1271 2985 communicari:
1289 2951 1304 2980 a
1319 2928 1513 2988 Dissimulare
1528 2929 1588 2988 bac
1603 2930 1730 3005 singula,
1741 2936 1771 2989 et
1784 2933 1864 3006 apud

160 3016 201 3074 ris
216 3022 246 3074 et
261 3017 446 3085 diaconibus,
462 3018 596 3076 hortatur
616 3019 682 3077 illos
697 3021 733 3078 ad
750 3036 850 3093 preces
865 3019 984 3076 assidue
1038 3015 1248 3073 conscientiam
1263 3033 1359 3074 meam
1374 3017 1455 3075 solus
1472 3018 1621 3076 occultare
1640 3036 1698 3077 non
1714 3021 1813 3078 debui.
1831 3062 1839 3079 .
1856 3064 1865 3080 .

160 3105 346 3174 fundendas;
364 3108 440 3163 unde
450 3109 633 3181 Augustinus
646 3109 710 3180 ejus
720 3106 810 3165 inlib.
822 3127 850 3165 rv
862 3109 898 3164 de
908 3108 983 3180 Bnp-
1039 3104 1099 3162 Nec
1115 3104 1171 3178 ipsi
1186 3105 1286 3177 utique
1303 3106 1380 3181 apud
1396 3123 1446 3164 ros
1469 3107 1545 3164 hanc
1567 3109 1721 3182 epistolam
1740 3110 1867 3169 teneatis

159 3193 248 3250 usuro
264 3194 442 3250 mentionem
458 3195 579 3266 faciens,
596 3197 676 3253 hunc
690 3197 733 3253 illi
748 3197 869 3256 titulum
885 3196 981 3254 dedit:
1040 3191 1195 3261 occultam,
1205 3195 1255 3251 sed
1270 3193 1426 3268 legendam
1439 3195 1581 3254 tratribus
1595 3197 1770 3271 suggeratis.
1784 3198 1870 3256 »Sed

161 3303 176 3333 a
192 3281 235 3337 Ad
252 3280 428 3351 Clericus,ds
440 3285 586 3356 precando
601 3284 669 3342 Dec.
682 3308 696 3337 a
712 3285 838 3342 Deciana
853 3302 985 3358 persecu·
1045 3281 1081 3338 ab
1098 3282 1180 3339 omni
1194 3282 1273 3355 pacis
1283 3299 1335 3355 spe
1350 3287 1410 3340 tam
1427 3282 1513 3358 louge
1528 3286 1628 3343 aberat
1642 3284 1758 3344 afflictae
1772 3286 1869 3359 plebis

159 3370 199 3428 tio
215 3370 376 3429 saevissime
391 3372 420 3429 id
437 3373 578 3446 temporis
592 3375 783 3448 grassabatur
799 3391 805 3430 :
822 3374 983 3447 impulsum
1041 3369 1207 3440 animaque
1222 3370 1333 3431 nullam
1348 3371 1480 3447 plerique
1493 3374 1661 3447 gravissimi
1672 3375 1800 3448 pastoris
1816 3376 1869 3433 lit·

161 3465 260 3518 sutem
277 3477 308 3517 se
324 3461 414 3519 fuisse
430 3462 501 3519 dicit
511 3462 617 3521 divinis
629 3464 791 3536 presertim
807 3464 985 3521 revelationi·
1039 3457 1123 3527 teris,
1152 3476 1184 3516 ac
1213 3460 1440 3518 revelationibus
1470 3462 1558 3519 fidem
1579 3464 1829 3520 accommodarint
1859 3477 1869 3521 t

160 3547 218 3604 bus
235 3548 271 3604 ad
287 3549 498 3606 scribendum:
527 3573 541 3603 a
564 3552 637 3608 Nam
654 3553 742 3624 quod,
766 3553 873 3626 inquit,
891 3553 985 3626 magis
1040 3561 1130 3620 quam
1157 3563 1257 3604 eorum
1279 3548 1513 3607 incredulitatem
1537 3550 1566 3605 in
1583 3550 1728 3624 principio
1748 3550 1817 3609 libri
1832 3552 1869 3609 de

163 3635 259 3691 suasit
273 3641 301 3691 et
313 3638 501 3710 compulit,ut
511 3639 565 3696 has
580 3641 616 3696 ad
631 3657 682 3698 vos
692 3640 805 3699 litteras
814 3642 984 3712 scriberem,
1039 3635 1141 3710 latpflifl
1155 3636 1350 3708 reprehendit,
1372 3638 1408 3695 ab
1423 3653 1457 3694 ⁹0
1472 3639 1628 3712 conwripii
1645 3643 1711 3712 posi
1722 3640 1866 3698 wdditssffl

164 3722 240 3779 scire
255 3722 369 3780 debetis
392 3725 479 3798 (sicut
494 3725 637 3784 Dominus
652 3731 804 3786 ostendere
818 3734 847 3786 st
862 3730 985 3787 revelare
1040 3723 1175 3780 lleolesiae
1189 3724 1226 3780 ob
1250 3724 1433 3798 insperatum
1448 3743 1482 3784 ac
1505 3728 1690 3800 repentinum
1711 3727 1868 3790 Deciorum

161 3810 311 3884 dignatur)
327 3812 437 3869 dictum
450 3831 514 3872 esse
534 3816 564 3896 in
582 3816 692 3874 visione
707 3833 715 3873 ι
732 3818 833 3886 Petite,
849 3825 878 3874 st
892 3818 985 3892 impe·
1040 3810 1196 3869 interitum
1213 3813 1456 3886 tranquillitatem
1473 3832 1480 3872 ε
1506 3816 1595 3872 «Pax
1617 3833 1692 3887 ecce,
1708 3808 1866 3876 dilectissi-

161 3899 257 3956 tratis.
274 3901 356 3957 Tune
374 3901 478 3959 deinde
493 3909 669 3977 preceptum
683 3905 759 3979 plebi
777 3907 937 3978 assistenti,
952 3912 985 3964 uc
1044 3901 1084 3956 mi
1102 3901 1352 3973 fratres,llcclesias
1364 3903 1664 3978 redditaest,st,quod
1680 3904 1800 3987 difficile
1812 3924 1871 3964 nu-

158 3989 403 4061 proquibusdam
415 3993 719 4068 personisdesignatis
735 3995 790 4051 sibi
804 3999 983 4069 peterentln
1038 3990 1259 4062 perincrsdulis
1269 4009 1302 4049 ao
1314 3992 1434 4065 perfidis
1447 3992 1629 4066 impossibile
1644 3993 1869 4070 videbatur,ope

159 4077 286 4150 petendo
301 4083 397 4135 autem
424 4080 515 4138 fuisse
532 4083 667 4140 dissonas
692 4100 787 4158 voees,
810 4088 839 4141 at
852 4086 984 4158 dispares
1045 4082 1134 4151 atque
1150 4079 1260 4138 ultione
1276 4081 1376 4139 divina
1391 4081 1533 4138 securitas
1548 4087 1650 4139 nostra
1665 4087 1799 4158 reparata
1813 4088 1869 4141 est.

158 4163 346 4223 voluntates:
363 4172 392 4223 et
405 4168 460 4225 boc
475 4169 660 4228 vehementer
674 4173 860 4246 displicuisse
874 4173 916 4228 illi
933 4175 984 4246 qui
1073 4171 1135 4224 Non
1145 4168 1861 4244 minusviaionibusabundatepistolanovissimn

159 4252 272 4309 dixerat
287 4272 294 4310 τ
311 4255 413 4327 Petite,
425 4261 453 4313 el
468 4258 727 4333 impetratis‚quod
744 4261 838 4334 plebis
853 4262 984 4336 iuoequa-
1037 4255 1175 4314 editiouis
1190 4257 1570 4331 decimassxta‚adPamelii
1588 4276 1727 4317 numeros
1738 4260 1865 4328 deciana,

158 4339 227 4397 litas
242 4341 432 4417 discreparet,
445 4362 498 4403 uec
513 4353 591 4403 esset
606 4348 730 4405 fratrum
745 4350 899 4407 consensio
914 4367 983 4421 una,
1039 4343 1110 4418 quin
1126 4345 1226 4418 pluras
1240 4351 1270 4403 st
1293 4345 1397 4415 varias,
1422 4349 1610 4420 paucioribus
1635 4353 1733 4406 umen
1757 4349 1867 4420 verbis,

160 4434 190 4485 st
205 4429 329 4503 simplex
343 4437 372 4488 et
383 4434 488 4503 juncta
502 4437 667 4493 concordia.
680 4458 695 4488 »
710 4437 916 4496 unanimitatis
930 4438 981 4496 hu·
1026 4432 1276 4506 complentium«
1288 4435 1605 4510 Castigarenositaqus
1615 4436 1714 4493 divina
1729 4452 1866 4496 cossura.

156 4515 208 4587 jus
223 4518 362 4591 pacisque
391 4521 467 4579 inter
485 4524 600 4592 fratres,
616 4529 645 4582 et
670 4526 832 4583 concordias
857 4528 986 4584 defectus
1000 4526 1025 4594 Ι)
1040 4538 1093 4578 nec
1108 4523 1242 4580 noctibus
1258 4525 1434 4596 desinit‚nec
1449 4525 1553 4581 diebus
1568 4542 1575 4583 :
1589 4530 1692 4598 preter
1703 4530 1867 4585 nocturnas

160 4620 281 4663 oausam
305 4608 397 4665 fuisse
412 4600 566 4686 subjungit
580 4616 743 4688 grassantis
762 4616 983 4688 persecutionis,
1039 4610 1116 4667 enim
1133 4612 1269 4683 visiones,
1287 4629 1338 4685 per
1351 4613 1415 4669 dies
1428 4629 1545 4687 quoque
1564 4613 1701 4687 impletur
1717 4615 1794 4689 apud
1811 4631 1867 4673 nos

163 4708 253 4765 quam
270 4695 327 4750 sibi
351 4695 437 4770 longe
461 4703 617 4773 antequam
632 4701 838 4760 decerneretur
852 4705 984 4778 sequenti
1038 4699 1147 4773 Spiritu
1163 4705 1265 4758 sancto
1281 4718 1438 4774 puerorum
1455 4695 1595 4759 innocens
1610 4707 1760 4777 ustaeque
1777 4703 1807 4760 in
1819 4721 1868 4761 ex·

163 4780 275 4838 visione
291 4789 438 4842 ostensam
455 4787 554 4858 luisse,
577 4794 704 4848 testatur
720 4810 726 4848 :
745 4815 756 4843 ι
774 4793 835 4849 lmo
850 4810 917 4851 vero
932 4811 985 4852 nec
1038 4789 1110 4848 stasi
1125 4789 1204 4847 videt
1218 4789 1322 4862 oculis,
1339 4790 1420 4848 audit
1434 4795 1463 4848 et
1476 4790 1608 4865 loquitur
1631 4809 1665 4849 ea
1679 4792 1788 4865 quibus
1808 4810 1866 4850 nos

160 4870 310 4928 venissent
320 4874 460 4930 fratribus
469 4876 532 4933 hac
543 4879 659 4948 malasi
671 4880 701 4936 in
713 4898 805 4937 unum
818 4883 984 4940 fraternitas
1038 4878 1181 4936 Dominus
1196 4894 1316 4937 monere
1330 4879 1512 4937 etiostruera
1527 4879 1675 4953 dignatur.
1684 4880 1719 4937 iit
1733 4880 1869 4940 audietis

162 4958 269 5014 fuisset
285 4961 423 5019 animata.
440 4963 524 5035 Nam,
535 4970 563 5022 et
577 4966 650 5023 illud
667 4973 819 5027 ostensum
835 4975 890 5038 est,
906 4972 983 5043 quod
1037 4968 1146 5034 omnia,
1163 4969 1280 5040 quando
1295 4968 1329 5025 ad
1343 4985 1395 5025 vos
1410 4969 1546 5025 reducem
1562 4985 1609 5025 me
1625 4969 1766 5027 Dominus
1792 4970 1867 5028 face·

159 5047 274 5104 sederet
288 5053 371 5121 pater
386 5050 514 5110 familias
530 5055 649 5113 sedente
663 5056 718 5112 sibi
730 5059 766 5113 od
781 5058 928 5115 dexteram
936 5061 984 5132 ju·
1036 5055 1085 5122 rit,
1102 5054 1152 5127 qui
1167 5061 1199 5112 ut
1219 5057 1383 5114 secederem
1404 5057 1505 5128 jussit.
1532 5057 1650 5113 interim
1673 5057 1824 5115 temerarii
1837 5063 1869 5117 et

157 5149 242 5204 vens,
258 5137 308 5209 qui
322 5139 439 5209 juvenis
454 5141 568 5215 anxius,
580 5148 609 5200 et
623 5161 691 5201 cum
703 5148 832 5218 quadam
847 5148 981 5220 indigna·
1036 5145 1147 5201 incauti
1162 5149 1190 5202 et
1204 5144 1310 5202 tumidi
1325 5144 1446 5217 quidam
1462 5146 1537 5202 inter
1552 5162 1614 5217 vos,
1638 5146 1687 5220 qui
1714 5146 1867 5205 hominem

159 5221 238 5280 tione
252 5225 413 5299 subtristis,
429 5228 576 5287 maxillam
599 5248 687 5288 manu
703 5234 863 5304 sustinens,
879 5238 982 5292 maesto
1036 5249 1095 5290 non
1111 5233 1249 5306 cogitent,
1260 5232 1304 5290 vel
1316 5233 1408 5290 Deum
1423 5232 1548 5290 timeant
1559 5251 1567 5305 ;
1580 5235 1705 5292 scientes
1719 5236 1862 5309 quoniam

158 5309 241 5368 vultu
267 5315 395 5372 sedebat.
419 5318 496 5374 ns
520 5317 599 5376 Alias
624 5337 690 5377 vero
714 5322 743 5377 in
766 5323 886 5380 sinistra
901 5327 982 5397 parte
1036 5320 1062 5376 si
1077 5320 1194 5378 ultrain
1207 5322 1312 5377 iisdem
1323 5321 1615 5394 perseverarint,utar
1624 5340 1659 5381 ea
1670 5323 1867 5384 admonitcne

195 5486 235 5700 td}
252 5487 317 5546 Vid.
332 5491 437 5550 Euseb.
454 5495 554 5551 lib.v1.
572 5453 635 5569 cap.
653 5465 695 5553 tl]
1035 5497 1106 5555 ibid.
1123 5516 1186 5571 cap.
1210 5499 1254 5555 ld.
1270 5499 1366 5572 lepist.
1391 5499 1427 5556 ad
1452 5499 1628 5571 Philemon,
1653 5501 1731 5576 apud
1747 5502 1867 5575 eumd..

194 5559 223 5698 g
251 5558 315 5618 vid.
332 5563 437 5620 lluseb.
454 5566 526 5623 ibid.
542 5569 666 5695 oag'w'
1036 5568 1087 5627 lib.
1103 5587 1233 5643 v11,cap.
1249 5572 1277 5625 7.

246 5629 313 5688 Vid.
338 5632 431 5706 ipsius
455 5637 540 5709 epist.
558 5656 575 5696 a
618 5641 765 5710 German„
781 5642 858 5714 apud
873 5643 981 5708 Euseb.
