3892 6104
112 329 173 392 435
758 327 810 388 DE
830 324 986 391 Minucii
1004 324 1174 391 oc'ievio
1757 325 1822 388 436

149 461 206 518 Sed
222 458 285 517 bec
299 458 349 516 ille
363 458 460 517 adbuc
470 456 566 517 rusios
583 458 640 517 elio
655 458 685 517 in
701 458 776 519 libro
789 459 939 535 prosequi·
952 461 1212 534 Aiectatur,bunc
1226 459 1352 518 invocat.
1368 459 1398 518 Sl
1413 458 1481 533 quie
1495 458 1635 533 eliquari
1650 459 1821 534 afflictatur,

112 553 171 607 tur.
186 550 255 614 Que
276 547 396 621 quidem
420 548 521 606 omniu
543 549 705 607 describere
727 566 796 608 enm
821 550 938 624 longius
994 549 1073 608 hunc
1096 549 1230 622 protinus
1258 548 1407 621 implorat.
1442 548 1471 605 Si
1496 549 1562 622 quie
1590 549 1628 606 ed
1657 555 1823 608 extremam

113 636 465 710 foret,nonnulla,atque
480 639 558 696 eain
574 639 687 712 primis,
704 640 820 713 quasad
836 656 940 697 secun·
993 637 1178 696 mendicandi
1207 636 1411 696 necessitatem
1434 637 1588 710 deductae,
1620 638 1731 696 victum
1754 656 1821 714 prs·

114 729 186 784 dum
211 727 332 785 Minucii
360 726 453 785 nostri
478 726 576 785 locum
603 728 723 798 leuiunt,
748 730 939 803 proteramus.
994 727 1078 784 cibus
1107 726 1247 801 exposcit,
1279 731 1369 783 Deum
1394 725 1491 783 solum
1517 727 1691 797 obtestatur,
1720 734 1749 785 et
1770 745 1824 803 per

117 836 131 870 e
146 817 186 874 'l'e
202 816 311 890 pelam,
326 815 434 888 inquit,
449 821 479 875 et
491 821 554 875 totu
568 816 713 885 libertate,
727 835 786 892 qua
800 835 859 875 non
874 817 942 877 lieet
994 817 1060 888 ejus
1074 815 1206 873 divinum
1220 820 1307 888 atque
1322 815 1441 872 unicum
1456 831 1565 873 numen
1576 817 1718 888 (locunt.
1730 817 1784 875 lib.
1801 833 1824 875 ιι

115 905 210 973 nobie,
235 905 316 963 domi
339 923 373 964 ec
397 906 469 964 ioris
490 907 628 965 audimus
652 907 695 963 ile
716 909 907 980 pronuntiare
932 923 940 966 i
995 906 1115 962 tectim.
1129 921 1193 979 cap.
1209 907 1236 974 2,
1252 920 1317 978 pag.
1336 904 1440 977 138).a

115 995 199 1064 Quod
218 999 295 1052 neus
318 995 454 1054 dederit:
472 999 512 1067 et,
536 995 564 1052 Si
580 1000 656 1054 Deus
671 995 803 1055 voluerit.
819 998 861 1055 lla
873 1013 943 1055 voce
1032 994 1122 1051 Porro
1131 992 1182 1051 illa
1189 993 1239 1051 Dei
1249 993 1376 1066 cognitio
1386 992 1523 1051 itamentl
1534 994 1687 1053 bominum
1698 995 1827 1054 intimis·

117 1088 147 1141 et
161 1083 291 1159 aliquem
305 1100 373 1142 esee
386 1084 547 1158 significas,
562 1089 592 1142 et
605 1101 721 1143 omnem
739 1085 781 1142 illi
796 1085 944 1146 annena
998 1099 1055 1156 que
1070 1082 1207 1140 sensibus
1221 1082 1401 1155 ingenerata,
1417 1085 1478 1139 nte
1498 1082 1614 1141 nemine
1632 1083 1697 1142 eine
1716 1101 1826 1158 magno

118 1177 304 1249 potestatem,
319 1175 356 1232 ed
369 1175 455 1247 cujue
466 1181 582 1248 epactae
592 1173 772 1232 voluntatem
789 1175 945 1234 :simulet
998 1171 1114 1247 piaculo
1132 1171 1261 1244 ignorari
1284 1171 1389 1243 possit.
1405 1171 1478 1228 Nam
1489 1193 1504 1223 o
1515 1171 1658 1246 ignorare,
1670 1175 1712 1230 ait
1723 1178 1829 1232 enaim

119 1267 239 1320 ceteros
254 1279 345 1337 negas
367 1264 437 1322 dece
450 1279 526 1334 esea
541 1263 613 1321 dum
628 1263 692 1321 scie
705 1264 854 1322 vocabulis
869 1281 946 1323 nun·
999 1264 1107 1329 noster,
1121 1276 1174 1317 nec
1192 1261 1236 1317 las
1246 1265 1303 1327 est,
1314 1276 1367 1316 nec
1378 1259 1446 1317 licet
1466 1259 1648 1334 ingerentem
1658 1263 1828 1322 eosecculie

121 1368 223 1426 cupae,
237 1355 408 1424 Saturnum,
431 1352 543 1423 lovem,
564 1355 698 1421 llartem,
723 1357 753 1410 et
775 1355 945 1413 Minervam.
1000 1352 1030 1407 et
1050 1347 1186 1406 sensibus
1208 1348 1317 1406 nostrie
1332 1347 1479 1406 colestem
1493 1348 1698 1408 cleritatem.»
1715 1353 1829 1419 Onam·

121 1440 222 1498 Solum
238 1440 332 1500 Deum
348 1442 516 1511 dendritide,
541 1456 629 1515 quem
652 1445 768 1499 tentum
786 1442 879 1501 Deum
892 1459 947 1501 no-
1002 1438 1103 1496 obiem
1137 1436 1186 1495 ille
1217 1442 1319 1512 penten
1341 1437 1466 1495 fidenter
1499 1444 1655 1508 asseveret,
1682 1441 1833 1515 quoslibet

123 1530 240 1598 minas;
268 1533 301 1588 ut
315 1546 383 1587 cum
398 1530 464 1588 illoe
479 1531 628 1588 interdum
653 1531 724 1588 deos
747 1530 888 1605 uppellae,
912 1533 950 1591 ds
1002 1527 1095 1585 Deum
1119 1525 1288 1600 ignorantes
1313 1543 1371 1583 ιιιιιι
1385 1542 1472 1585 secus
1486 1533 1573 1600 elque
1588 1529 1707 1603 impios,
1723 1530 1835 1590 debitia

122 1618 229 1691 alieno,
245 1622 275 1674 ct
289 1619 375 1692 quusi
396 1635 448 1692 pro
470 1622 573 1677 mutuo
588 1635 642 1676 aea
655 1618 791 1678 videaris.
806 1620 848 1678 Dc
863 1624 950 1679 netu·
1004 1615 1173 1674 multandos
1197 1631 1261 1673 ceee
1282 1614 1377 1690 poenis
1401 1630 1435 1673 ao
1459 1616 1623 1691 suppliciis.
1649 1619 1833 1693 Loquentem

123 1724 157 1765 ra
171 1723 288 1781 quoque
309 1706 372 1774 Dei,
398 1724 487 1780 qnam
512 1707 718 1781 praedicamus,
741 1726 794 1766 neo
816 1713 846 1767 te
867 1708 950 1768 latei,
1004 1704 1088 1761 illum
1117 1704 1143 1761 ei
1165 1705 1267 1762 audire
1290 1704 1372 1777 velie,
1396 1720 1462 1762 ecce
1488 1706 1616 1778 ipsamet
1637 1708 1702 1781 ejus
1715 1710 1832 1768 verbe:

124 1796 203 1853 Deus
231 1796 336 1864 bonus,
366 1795 444 1854 Deus
473 1796 628 1866 benefecit,
653 1800 705 1856 tua
736 1813 792 1855 vox
818 1802 864 1856 est
887 1797 950 1873 (lib.
968 1815 1022 1910 B«
1037 1793 1094 1851 llos
1108 1792 1224 1866 merito,
1235 1794 1284 1867 qui
1300 1794 1393 1851 Deum
1408 1794 1556 1866 newiunt.
1567 1800 1600 1853 1¹²
1614 1796 1734 1872 imiimi
1747 1797 1834 1856 utin·

126 1883 160 1942 de
176 1885 325 1943 reatinen.
351 1885 457 1945 uaimae
479 1901 544 1958 cap.
567 1886 599 1957 2,
623 1902 690 1960 pag.
706 1887 765 1957 81).
780 1908 796 1939 e
821 1887 854 1945 ln
878 1887 953 1946 libro
1004 1883 1113 1956 justos,
1128 1881 1187 1940 niel
1202 1884 1342 1956 prolanne
1354 1896 1441 1941 nemo
1454 1884 1616 1956 deliberet,
1642 1902 1710 1943 cum
1725 1904 1834 1962 paren·

130 1989 246 2048 quoque
260 1973 297 2032 ad
312 1974 515 2048 Scapulami«
533 1974 954 2051 Populus,lnquii,acolemene
1006 1975 1068 2029 tem
1086 1971 1221 2029 omnium
1245 1976 1275 2029 et
1297 1973 1430 2029 omnium
1453 1973 1611 2031 Dominum
1633 1991 1693 2034 non
1708 1975 1836 2035 minoris

130 2068 190 2121 lieo
204 2064 337 2133 deorum,
361 2064 411 2136 qui
426 2062 508 2122 eolus
529 2068 633 2139 potone
646 2069 705 2134 eet,
716 2064 747 2122 in
760 2065 842 2124 loris
856 2066 955 2124 nomi·
1008 2060 1128 2119 eoelerle
1141 2059 1181 2118 eit
1195 2060 1339 2132 ignorare,
1350 2077 1438 2134 (inim
1449 2059 1564 2119 laederss·
1581 2084 1596 2114 ’³
1612 2063 1667 2121 Sed
1689 2065 1752 2137 jam
1780 2083 1836 2124 eu·

132 2169 180 2222 ne,
196 2151 255 2211 Deo
269 2159 370 2210 norbo
396 2152 599 2211 testimonium
624 2148 753 2213 reddidit
773 2154 877 2229 (Idem,
903 2155 954 2214 iit.
1010 2150 1079 2208 disti
1094 2148 1199 2207 citatos
1213 2167 1231 2208 a
1244 2149 1329 2208 nobie
1343 2149 1467 2207 Paulum
1485 2150 1662 2224 apostolum,
1678 2154 1839 2215 Tertullia-

133 2242 171 2300 od
183 2241 296 2314 Scapul.
311 2257 375 2315 cap.
393 2243 419 2310 l,
437 2257 504 2316 png.
518 2242 575 2316 87).
593 2264 605 2294 ι
1011 2254 1094 2312 num,
1110 2237 1289 2313 cyprianum
1304 2238 1405 2296 eadem
1420 2240 1456 2296 de
1471 2239 1840 2318 illiepronuntiantee,qui

168 2332 206 2388 At
220 2329 304 2398 illud,
325 2328 432 2403 inquit,
458 2334 504 2390 eet
518 2353 534 2384 a
557 2331 761 2391 testimonium
774 2333 880 2391 enimn
903 2351 957 2392 na·
1012 2344 1066 2385 nec
1080 2343 1115 2385 ex
1130 2327 1219 2386 rebus
1233 2328 1349 2397 creatle,
1364 2344 1417 2387 aec
1431 2327 1529 2387 exille
1543 2329 1672 2403 ingenite
1686 2333 1840 2392 mentibus

133 2419 270 2479 turalitor
295 2416 477 2492 Christiane,
511 2441 527 2472 a
565 2419 597 2476 in
624 2419 679 2478 boc
704 2420 850 2494 videlicet,
879 2422 958 2496 quod
1011 2417 1074 2475 suis
1092 2416 1144 2474 Dei
1167 2416 1340 2490 cognitione,
1364 2416 1449 2475 illum
1474 2424 1647 2494 egnoecunt,
1663 2426 1715 2479 ent
1738 2422 1843 2482 volunt

133 2509 298 2568 lusitania
330 2511 436 2567 natura
450 2508 558 2567 babeat
576 2508 637 2568 veri
656 2509 892 2571 Christianorum
907 2511 958 2572 oei
1011 2522 1178 2581 agnoscere.

133 2596 341 2672 cognitionem,
355 2595 419 2654 Non
434 2597 514 2656 enim
529 2595 627 2657 minae
639 2598 803 2674 perepicuo,
817 2600 894 2659 sicut
903 2617 957 2661 eno
1046 2598 1084 2653 dt
1097 2594 1166 2653 huic
1176 2595 1213 2653 de
1228 2594 1341 2653 bomini
1352 2595 1455 2654 innata
1467 2597 1516 2654 Dei
1530 2598 1697 2672 cognitione
1706 2600 1841 2672 opinioni

133 2686 197 2745 loeo
212 2685 476 2756 sidoniensem
490 2686 560 2745 alibi
575 2687 703 2746 elflrmet
716 2689 790 2758 fleri,
802 2706 861 2748 non
877 2690 958 2750 nesci
1012 2688 1155 2758 queniam
1170 2683 1294 2757 gentiles
1308 2685 1397 2742 etiem
1412 2684 1580 2760 philoeopbi
1592 2688 1719 2758 faveant,
1731 2706 1767 2747 ex
1776 2689 1842 2749 illo·

132 2775 326 2835 Christianos.
349 2774 545 2842 Quamobrem
563 2776 709 2836 llincoiue
736 2782 837 2838 noster
850 2779 923 2837 dixit
948 2795 956 2838 ι
1012 2789 1079 2832 rum
1102 2773 1222 2832 Oratore
1246 2771 1338 2830 latino
1361 2773 1461 2849 accipe
1486 2792 1494 2832 :
1521 2797 1536 2827 a
1563 2776 1631 2843 Quo
1654 2782 1711 2849 eet,
1726 2778 1839 2854 inquit,

138 2889 150 2917 ι
165 2864 302 2937 Vulguris
315 2862 370 2922 iste
386 2864 530 2924 naturalia
542 2881 639 2925 eeimo
652 2870 708 2936 eet,
732 2871 784 2927 eut
798 2867 959 2928 Christiani
1012 2879 1084 2939 gene
1099 2865 1151 2919 aut
1169 2862 1247 2936 quod
1262 2878 1355 2931 genoe
1379 2862 1545 2933 bominum,
1560 2866 1639 2938 quod
1654 2882 1714 2925 non
1729 2866 1840 2928 babeat

135 2953 305 3014 confitentis
319 2975 335 3006 a
349 2953 444 3011 Deum
459 2953 959 3017 scilicetexsistcreooratio.»Ubi
1013 2953 1077 3010 sinc
1099 2950 1232 3009 doctrina
1255 2951 1492 3025 anticipationem
1516 2954 1674 3026 quamdam
1700 2956 1840 3030 deorum

136 3059 204 3102 vero
227 3043 283 3101 hoc
306 3041 436 3116 primum
458 3059 491 3100 ac
515 3043 696 3116 precipuum
710 3059 785 3102 vere
808 3045 959 3122 religionie
1013 3058 1102 3118 quam
1127 3040 1256 3115 appellat
1277 3037 1419 3117 πρόληψιν
1444 3042 1600 3117 Epicurus,
1623 3044 1653 3100 id
1677 3049 1734 3118 eet,
1753 3050 1844 3105 ente·

137 3134 348 3191 documentum
368 3130 457 3189 variis
490 3133 688 3206 comprobavit
716 3133 959 3208 pbilosophorum
1013 3136 1127 3206 ceptum
1143 3129 1242 3188 animo
1262 3129 1302 3187 rei
1318 3131 1394 3189 m
1412 3133 1571 3204 quemdem
1587 3133 1843 3208 informationem,

136 3219 291 3297 gentilium
306 3219 496 3293 testimoniis,
511 3237 546 3278 ex
560 3221 598 3278 iis
620 3221 771 3281 concludit
785 3246 800 3279 a
816 3229 869 3283 aut
882 3242 961 3285 nunc
975 3205 998 3274 G
1016 3221 1080 3279 eine
1094 3236 1151 3295 que
1167 3234 1220 3276 nec
1234 3217 1424 3294 intelligimur
1439 3221 1540 3294 (iuviti,
1551 3238 1604 3279 1¹00
1618 3221 1765 3297 dlsspuleri
1778 3241 1849 3300 pot-

138 3309 322 3370 Ghristienos
354 3324 421 3369 esee
457 3309 660 3386 philosophos,
695 3315 746 3370 eut
773 3313 964 3389 philosophos
1017 3309 1057 3368 sit
1076 3307 1213 3367 t....Gum
1228 3307 1306 3366 enim
1327 3325 1385 3366 non
1407 3309 1665 3385 institutoaliquo,
1681 3317 1846 3385 animose.

133 3401 197 3472 jem
222 3407 291 3457 iuno
315 3399 406 3457 luisse
428 3398 620 3474 Christianos,
646 3421 661 3452 a
684 3400 716 3458 ln
739 3401 804 3472 boc,
821 3405 899 3477 quoi
915 3421 963 3464 ve.
1018 3397 1144 3471 autlege
1157 3396 1308 3471 eitopinio
1323 3398 1494 3466 constitute,
1510 3405 1684 3474 maneatque
1699 3403 1736 3459 ad
1748 3419 1846 3462 unum

137 3505 204 3546 rum
218 3488 322 3558 Deam,
333 3504 393 3545 non
406 3504 473 3546 vero
486 3487 544 3547 alie
558 3488 729 3549 Christiane
745 3491 893 3565 religlonis
905 3493 967 3567 ple·
1018 3487 1152 3546 omnium
1168 3487 1255 3545 tirme
1268 3488 1432 3556 consensio,
1448 3488 1571 3563 intelligi
1586 3505 1707 3548 necesse
1720 3495 1768 3550 eet
1781 3508 1848 3552 esee

137 3579 198 3635 cita
219 3576 400 3649 agnoverint.
426 3577 481 3635 Sed
505 3578 542 3634 de
565 3577 621 3636 hoo
643 3579 740 3637 edhuc
764 3581 794 3638 in
814 3587 915 3641 nostru
928 3584 966 3642 de
1018 3578 1111 3647 deos;
1135 3576 1275 3649 quoniam
1300 3575 1405 3634 insitas
1420 3593 1534 3647 eorum,
1548 3578 1593 3635 vel
1612 3578 1712 3653 potius
1727 3580 1847 3640 innata

137 3663 312 3723 Tertulliani
328 3663 512 3738 lpolegetica
525 3665 741 3727 dissertatione.
1019 3664 1203 3739 cognitiones
1216 3664 1371 3723 babemus.
1395 3665 1436 3723 De
1451 3683 1509 3740 quo
1529 3672 1625 3725 autem
1641 3669 1778 3727 omnium
1795 3687 1847 3729 ue·

174 3752 316 3810 Ceterum
347 3754 450 3811 eodem
478 3753 576 3828 plene,
604 3771 663 3829 quo
691 3754 742 3815 ille
765 3760 795 3816 et
817 3759 966 3820 ldinuciue
1018 3758 1087 3813 tore
1104 3753 1259 3824 consentit,
1285 3754 1320 3812 ed
1347 3771 1448 3812 verum
1474 3771 1539 3813 esee
1566 3759 1847 3820 necesssatibus

139 3845 249 3911 noster,
258 3841 344 3899 modo
359 3845 582 3916 argumentetur
595 3841 753 3903 Arnobius.
766 3865 780 3897 o
792 3846 846 3917 De,
856 3845 964 3921 inquit,
1020 3842 1112 3917 igitur
1126 3843 1195 3901 deos
1211 3844 1409 3902 ocnlltendum
1423 3848 1477 3901 est.
1493 3867 1507 3895 ι
1518 3845 1599 3919 (Cio,
1610 3845 1661 3903 lib.
1677 3863 1688 3904 i
1703 3847 1843 3907 dedam.

139 3947 240 3990 rerum
259 3929 418 4002 iudicium,
443 3933 472 3989 et
497 3929 559 3990 bec
582 3933 683 3991 omnia
712 3933 966 4010 circumspiciens,
1019 3932 1105 4004 dece,
1131 3947 1198 4005 pag.
1221 3933 1287 4002 202,
1311 3931 1364 3990 lio.
1387 3933 1407 3990 5
1428 3937 1457 3990 et
1470 3934 1565 4008 seqq.)
1580 3934 1654 3999 Quid
1676 3941 1780 3994 eutem
1795 3936 1845 3996 ille

140 4037 207 4095 que
231 4019 375 4089 ridemus,
399 4018 493 4093 magis
516 4036 555 4077 an
579 4020 640 4079 sint
661 4021 704 4080 dil
728 4024 833 4092 ceteri,
849 4025 965 4085 dubite-
1020 4020 1269 4079 hominieetbnici
1283 4022 1467 4080 coaleesions
1481 4027 1511 4080 et
1524 4024 1843 4098 argumentationem·

140 4110 193 4179 bit,
219 4124 309 4182 quem
324 4108 355 4166 in
371 4113 428 4166 Deo
446 4109 643 4181 cunctabitur,
668 4127 756 4185 quem
771 4129 836 4172 eeee
863 4131 968 4176 omnse
1020 4111 1095 4176 rint,
1110 4110 1168 4167 nisi
1181 4111 1252 4168 (1⁶⁰⁸
1266 4127 1336 4168 ⁸⁰⁰⁸
1351 4128 1404 4184 pro
1418 4127 1486 4168 vtro
1500 4115 1530 4170 ei
1542 4112 1630 4170 unito
1641 4118 1699 4171 Deo
1712 4113 1844 4174 dixisse?

140 4196 316 4258 naturaliter
325 4197 448 4266 ecimus,
459 4199 521 4256 sive
530 4199 858 4262 oumexclamamusio
872 4203 966 4262 Deuel
1019 4201 1056 4257 et
1080 4198 1155 4272 vide,
1181 4215 1289 4272 quaec,
1315 4216 1353 4257 en
1378 4199 1457 4258 huno
1480 4218 1609 4259 errorem
1632 4204 1843 4278 emendaverit,

140 4288 202 4346 sive
216 4302 285 4345 cum
299 4285 385 4343 illum
399 4291 505 4345 testam
519 4288 729 4349 constituimus
752 4292 967 4366 improborum,
1020 4287 1072 4346 nbi
1088 4289 1172 4346 Ennii
1186 4289 1354 4347 testimonio
1374 4290 1502 4347 ostendit
1516 4290 1595 4348 hunc
1617 4307 1721 4350 verum
1738 4293 1843 4366 Deum,

140 4380 170 4432 et
183 4373 267 4449 quusi
282 4391 336 4433 nos
351 4381 450 4433 cernat
464 4376 569 4433 leciem
592 4377 782 4438 sublevemus
804 4380 834 4438 in
859 4380 970 4441 culum
1022 4378 1108 4437 sicuti
1123 4379 1268 4436 Minuciae
1282 4383 1311 4434 et
1320 4379 1518 4437 Tertullianus
1528 4380 1619 4452 ciunt,
1630 4380 1712 4439 Jovie
1726 4383 1845 4442 nomine

140 4463 259 4535 (Arnob.
276 4462 352 4520 libii
366 4463 472 4524 edocta
489 4465 566 4525 Geni.
582 4465 639 4525 init
653 4484 720 4541 peg.
735 4468 792 4543 te).
809 4490 825 4521 a
1022 4469 1058 4527 eb
1074 4467 1212 4527 omnibue
1226 4468 1365 4525 invocari:
1381 4490 1396 4520 κ
1411 4469 1494 4535 Quod
1510 4469 1540 4526 ui
1554 4470 1597 4527 ite
1609 4474 1722 4545 esset»
1736 4471 1845 4548 inquit,

175 4550 308 4624 Denique
323 4553 491 4612 Lactantius
510 4554 687 4615 similiterln
709 4558 843 4618 ethnicos
864 4559 967 4635 dispu-
982 4574 1007 4644 Ι)
1022 4579 1037 4610 c
1052 4558 1102 4632 qui
1122 4557 1267 4630 potuisset
1289 4571 1414 4615 aaseneu
1428 4557 1561 4615 omnium
1585 4557 1681 4618 dicere
1696 4560 1845 4622 omnine:

140 4643 194 4697 tat.
208 4659 226 4724 e
239 4639 315 4697 Nam
329 4657 397 4699 com
411 4642 521 4714 jurant,
545 4643 652 4718 inquit,
675 4649 704 4704 st
725 4663 794 4705 oum
809 4652 922 4722 optant,
936 4654 967 4709 et
1269 4661 1431 4727 espissiae

141 4744 209 4787 cum
225 4728 336 4803 matina
360 4735 462 4803 agunt,
486 4747 545 4790 non
564 4732 679 4806 lovem,
694 4739 747 4794 aut
759 4735 829 4795 dece
843 4738 966 4813 multoe,
1097 4725 1215 4778 ⁸¹¹b¹¹²¹⁶
1228 4724 1357 4786 ⁰⁸⁰⁶⁶¹²⁸2
1368 4738 1448 4791 ‘1¹¹⁰m
1462 4726 1589 4779 ¹¹¹l⁰⁰⁸⁰t
1601 4739 1700 4782 ΟΜ·

145 4817 196 4877 sed
210 4818 305 4877 Deum
328 4819 492 4890 nominant,
508 4821 580 4878 adeo
607 4821 672 4896 ipse
695 4824 819 4896 veritos,
842 4831 964 4902 cogente
1142 4789 1246 4840 'mm'
1507 4887 1513 4899 ,

142 4910 259 4977 nature,
274 4906 362 4964 etiem
378 4906 836 4988 ghinviiigpggggrqummpst
1019 4887 1095 4945 llum
1116 4902 1183 4945 vero
1198 4889 1227 4944 et
1248 4885 1350 4944 lovem
1378 4888 1408 4945 et
1434 4886 1649 4944 dominatorem
1674 4905 1790 4964 rerum,
1818 4893 1851 4950 et

42 5020 48 5029 ·
141 4998 259 5054 Atvaio
284 4996 309 5054 si
334 5012 394 5072 qua
416 4997 576 5055 neceasitae
601 5000 698 5073 graiis
722 4957 966 5075 premonitione
1020 4975 1120 5034 ⁰¹¹¹¹¹i⁸
1135 4977 1209 5032 ”utu
1223 4977 1381 5048 ΨΜ
1396 4975 1567 5034 “mmm
1581 4975 1707 5048 Eum·

141 5084 234 5144 Deum
250 5086 449 5145 recordentur.
474 5086 505 5144 Si
520 5085 589 5145 belli
602 5091 713 5147 tremor
732 5089 924 5165 intremuerit,
940 5093 967 5153 ei
1190 5081 1295 5133 mm
1309 5074 1456 5149 ‘fllmw
1467 5079 1674 5148 mmmm·

142 5173 282 5232 alimenta
307 5174 440 5251 lruglbue
463 5174 552 5250 louge
583 5176 701 5237 siccitas
725 5179 919 5255 denegaverit,
939 5183 966 5243 sl
1019 5184 1048 5241 et
1062 5182 1291 5256 presentemao
1305 5181 1515 5253 propeterea
1525 5178 1717 5248 Deumouod
1732 5182 1855 5256 quide.

142 5279 217 5320 eaeve
231 5268 403 5338 tempestus,
415 5263 440 5323 si
452 5266 564 5339 grando
579 5266 731 5340 ingruerit,
741 5268 778 5327 ad
793 5273 884 5328 Deum
900 5288 967 5330 ecn-
1018 5271 1103 5338 bitet,
1120 5269 1199 5327 bend
1214 5283 1283 5327 eane
1297 5266 1444 5342 intelligo,
1456 5282 1510 5326 cur
1524 5284 1582 5326 non
1594 5268 1685 5340 idem,
1697 5269 1743 5328 sol
1758 5271 1852 5340 siben

140 5351 267 5424 lugiunt,
283 5354 374 5411 aDco
388 5353 497 5428 petitur
511 5355 674 5428 auxilium
699 5361 787 5429 Deus,
805 5363 838 5417 ut
861 5360 966 5420 subie-
1020 5358 1119 5417 nullus
1134 5358 1184 5427 eit,
1199 5357 1335 5415 dubitare
1349 5357 1454 5432 possit.
1474 5379 1490 5410 a
1504 5357 1578 5432 (Lib.
1593 5372 1614 5416 u
1627 5357 1663 5416 de
1676 5359 1740 5418 Not.
1757 5359 1852 5435 deor„

141 5436 214 5509 niet,
243 5444 351 5499 oratur.
380 5443 411 5502 si
439 5444 507 5517 quis
533 5443 564 5502 in
592 5446 677 5519 mari,
705 5451 792 5505 rento
817 5448 964 5521 seviente,
1019 5465 1083 5521 pag.
1098 5447 1161 5521 214,
1178 5446 1233 5506 lln.
1252 5446 1331 5504 l2et
1346 5447 1442 5520 seqq.)
