3900 6112
73 304 153 370 toas
574 294 676 367 PARS
697 293 721 366 1.
737 334 777 350 ·-
796 299 1048 366 NONUNNNTA
1071 293 1275 367 vnhnutttt.
1388 291 1391 299 ¹
1700 300 1780 370 1090

71 456 152 509 nere,
178 455 231 496 nec
258 437 443 512 propositum
473 453 560 495 suurn
590 436 674 494 tacite
698 441 822 508 mutare,
847 438 898 492 sed
914 435 1209 504 Aadministratione
1224 434 1383 492 uoluntatis
1405 452 1465 493 sua
1480 436 1635 493 arbitrium
1650 435 1777 496 liberum

71 529 154 587 salvo
178 528 255 585 inter
277 527 405 602 collegas
429 528 508 600 pacis
533 532 563 584 et
586 526 746 584 concordie
771 525 898 594 vinculo,
955 525 1159 599 unusquisque
1187 525 1210 562 ⁸⁸
1235 526 1417 599 praepositus,
1447 525 1591 584 rationem
1620 531 1702 585 actas
1732 528 1779 586 sui

71 620 207 693 quadarn
222 619 418 692 propriaque
433 617 511 690 apud
527 634 558 674 se
574 616 664 673 semel
683 616 743 672 sint
758 619 900 688 usurpata
955 614 1078 671 Domino
1094 613 1274 671 redditurus.

72 709 209 766 retinere.
224 708 287 772 Oua
302 708 332 763 in
348 723 378 763 re
399 722 454 764 nec
477 723 531 763 nos
551 706 611 763 viru
626 706 646 740 ⁰¹
673 704 812 776 cuiquam
827 703 900 760 laei-
990 703 1133 777 Optamus
1148 704 1170 738 ⁸⁴
1192 709 1231 771 te,
1256 704 1344 761 trater
1367 703 1549 775 charissime,
1577 722 1693 781 semper
1707 708 1780 764 bene

73 813 141 855 rnus
156 801 209 854 aut
222 795 315 869 legem
338 795 456 865 damus,
471 811 539 852 curn
563 793 670 851 habeut
682 795 705 829 ⁸²
721 794 751 850 in
768 792 901 850 Ecclesiae
954 791 1060 849 valere.

519 1038 596 1078 nuuc
615 1036 729 1077 cunrsrr
748 1035 838 1090 nonar,
859 1035 1061 1077 ronnrsrcrrus
1080 1034 1105 1075 s.
1126 1034 1264 1075 suaruaur
1285 1035 1329 1075 ru.

448 1146 729 1206 CAtt'ttlAGthiNSE
748 1145 1014 1206 concremasse
1035 1145 1203 1205 crustulo
1223 1145 1406 1204 SEPltlltltt.

419 1289 577 1331 aurursus
597 1289 706 1330 rsuram
725 1287 899 1346 nuovrucus,
918 1287 991 1336 ouon
1010 1289 1046 1328 un
1065 1287 1206 1330 aamrsuo
1224 1289 1352 1329 rasrruru
1372 1287 1432 1330 ssu.

259 1399 367 1464 (Onon,
383 1400 435 1450 tis.
456 1398 555 1462 Suus..
578 1413 605 1464 p.
621 1400 676 1452 329.
690 1398 798 1460 lieuth,
813 1396 879 1451 ltetl.
894 1396 949 1449 Ser.
965 1411 991 1462 p.
1010 1399 1063 1458 tot,
1080 1400 1136 1460 tt't,
1152 1399 1203 1458 ue,
1220 1400 1247 1448 et
1262 1398 1316 1448 tlt.
1327 1396 1374 1446 Ed.
1390 1397 1471 1461 Lips,
1488 1411 1513 1462 p.
1530 1398 1594 1461 265.)

815 1641 1032 1701 PROOEMIUM.

110 1758 182 1817 Cum
196 1758 364 1833 Stephanus
379 1775 456 1834 papa
469 1776 503 1817 ea
516 1777 579 1833 qua
594 1760 774 1833 precedente
797 1759 932 1818 Africano
952 1759 1073 1816 concilio
1089 1759 1124 1815 do
1149 1758 1325 1832 baptismate
1348 1758 1550 1818 hoereticorum
1574 1764 1684 1819 statuta
1698 1767 1782 1822 erant

72 1866 126 1924 per
140 1849 250 1906 litterae
265 1850 405 1919 redditas,
422 1854 455 1906 ut
469 1866 560 1922 supra
574 1848 712 1920 diximus,
730 1850 925 1922 reprobasset,
944 1866 999 1905 uon
1016 1853 1170 1904 cunctatus
1191 1852 1235 1905 est
1250 1848 1421 1922 Cyprianus,
1447 1851 1557 1922 majore
1582 1869 1703 1909 numero
1718 1853 1780 1927 epi·

73 1954 231 2012 scoparum
245 1937 419 2011 carthagine
434 1935 514 1994 aliud
529 1935 686 2001 concilium
702 1935 858 1994 celebrare.
874 1935 1043 1994 Convocatis
1053 1935 1144 2010 igitur
1158 1953 1192 1993 ex
1206 1936 1312 2004 Africa,
1327 1936 1464 1994 Numidia
1479 1943 1509 1995 et
1520 1939 1705 2009 Mauritania,
1719 1942 1780 2015 epi·

71 2028 172 2099 scopis
187 2043 309 2096 cxxxvu,
325 2026 490 2099 iisdemque
505 2025 673 2098 Carthagini
690 2025 864 2083 coeuntibus
883 2025 1022 2083 Kalendis
1044 2025 1236 2098 Septembris,
1252 2042 1328 2082 anno
1342 2025 1407 2092 258,
1423 2025 1477 2082 hoe
1499 2026 1616 2084 tertium
1632 2028 1662 2085 iu
1677 2030 1780 2088 eadem

71 2115 216 2189 Baptismi
227 2132 316 2172 causa
328 2115 485 2172 concilium
496 2113 632 2172 celebrat.
648 2116 739 2188 Cujus
749 2114 845 2184 initio,
862 2114 990 2172 recitatis
1001 2114 1070 2170 hinc
1080 2113 1148 2172 inde
1158 2113 1262 2171 litteris
1278 2114 1407 2189 scriptis,
1418 2115 1600 2189 Stephanum
1615 2119 1702 2177 tacito
1715 2120 1779 2191 ejus

71 2205 192 2262 nomine
206 2203 343 2279 suggilat.
359 2207 433 2261 Acta
452 2203 543 2278 hujus
559 2203 675 2261 concilii
691 2202 776 2278 plura
799 2220 858 2260 non
873 2207 989 2260 exstant
1012 2218 1101 2275 quam
1117 2219 1151 2259 ea
1174 2219 1238 2275 qua
1262 2218 1297 2259 ex
1310 2203 1451 2276 Cypriane
1475 2206 1503 2259 et
1518 2205 1547 2260 S.
1567 2207 1732 2278 Augustino
1746 2207 1781 2264 rte

69 2295 212 2368 Baptiemo
226 2304 322 2353 eontra
336 2295 505 2364 Donatistae,
517 2293 568 2351 lib.
584 2311 626 2363 ur,
642 2310 726 2367 capp.
740 2294 767 2364 t,
778 2295 806 2362 5,
821 2293 849 2360 6,
863 2292 952 2350 etlib.
968 2308 1017 2359 vu,
1029 2308 1094 2365 cap.
1112 2293 1138 2360 1,
1150 2291 1206 2348 huc
1221 2290 1475 2351 translataltttiae
1491 2296 1699 2368 sunt,qnibus,
1711 2313 1784 2369 pra·

69 2388 117 2441 ter
130 2400 242 2440 annun
264 2382 468 2456 episcoporum
484 2385 520 2441 de
535 2382 671 2440 nullitate
684 2381 874 2456 Baptismatis
889 2382 926 2438 ab
948 2380 1082 2437 heretico
1098 2379 1196 2437 collati
1220 2380 1392 2448 sententias,
1408 2380 1487 2438 aliud
1504 2382 1579 2439 nihil
1602 2385 1780 2456 continetur,

70 2471 180 2527 hrum
195 2471 449 2544 impugnationem
463 2471 599 2544 quisquis
616 2470 697 2543 petit,
713 2471 893 2544 Augustinus
919 2468 1057 2543 predicto
1081 2465 1144 2525 loco
1159 2468 1306 2525 consulut.
1330 2471 1476 2526 canonem
1493 2487 1542 2526 xrr
1563 2470 1670 2530 Nicaeni
1686 2477 1716 2530 et
1730 2491 1782 2532 vrrr

70 2559 238 2630 Laodiceni,
254 2559 302 2616 his
314 2558 518 2632 episcoporum
532 2558 736 2617 Africanorum
752 2557 905 2616 sententiis
923 2557 996 2614 nihil
1023 2557 1200 2630 patrocinari
1216 2557 1290 2614 intra
1312 2557 1432 2630 patebit.
1455 2560 1666 2618 Annotationes
1682 2567 1780 2621 autem

72 2649 110 2705 de
125 2647 309 2722 singulorum
322 2649 525 2722 episcoporum
541 2649 588 2705 hic
612 2648 847 2721 subscriptorum
873 2648 940 2716 vita,
957 2646 1052 2719 patria
1076 2651 1105 2702 et
1119 2645 1261 2713 moribus,
1287 2646 1435 2703 Pametius
1460 2650 1660 2722 suppeditabit
1671 2668 1678 2719 ;
1695 2651 1782 2724 plura

71 2739 162 2796 etiam
176 2737 320 2796 Baronius
335 2754 411 2796 anno
424 2740 488 2807 268,
504 2755 587 2794 num.
602 2739 638 2794 42
651 2743 680 2795 et
695 2737 897 2810 sequentihus.
912 2737 1016 2794 Sarna.
1033 2736 1148 2792 Bruma.

109 2881 274 2921 aureuma
304 2879 504 2920 nsrscoronuru
529 2879 652 2931 nrxxvrr,
686 2879 721 2918 on
746 2877 901 2919 ursumrcrs
916 2865 940 2930 Β
955 2859 1049 2917 leudis
1069 2859 1249 2933 Septembris
1273 2858 1400 2933 episcopi
1426 2861 1543 2934 plurimi
1569 2880 1603 2920 ex
1631 2864 1780 2937 provincia

392 2951 585 2991 ssffllzedffls·
956 2949 1052 3007 Airica
1066 2949 1133 3023 (20),
1149 2947 1297 3016 Numidia,
1316 2948 1503 3017 rltauritania,
1519 2967 1586 3007 cum
1602 2953 1781 3027 presbyteris

112 3042 186 3099 Cum
201 3041 232 3098 in
246 3058 339 3098 unum
354 3042 411 3116 (19)
433 3040 599 3113 Carthagini
625 3040 830 3097 convenissent
844 3045 901 3096 Ka·
956 3044 985 3096 et
1000 3038 1181 3107 diaconibus,
1194 3044 1335 3111 prasente
1345 3037 1434 3095 etiam
1446 3037 1538 3111 plebis
1551 3040 1779 3116 marimaparte,

793 3167 895 3230 Variae
907 3166 1067 3228 lectiones.

108 3275 587 3342 ⁸¹Quareinrenonvimttteron.
625 3271 973 3339 ”Ouiehabeattlteron
1009 3270 1440 3344 ⁸³Unasqaisquetihittiercn.
1478 3272 1784 3349 “Optoltiqaotmae.

788 3399 955 3462 lariorum
977 3404 1073 3461 notae.

110 3506 169 3579 (19)
185 3506 407 3563 Caminacum.
433 3506 521 3564 Gesta
543 3505 633 3590 hujus
657 3504 771 3562 concilii
788 3505 903 3578 primus
960 3510 984 3571 t,
1001 3521 1064 3575 cap.
1091 3520 1130 3569 ιν,
1156 3503 1220 3585 §S
1246 3520 1274 3577 p.
1302 3503 1361 3559 tl3.
1387 3502 1581 3561 verisimilius
1608 3506 1739 3579 dixisset,
1767 3527 1785 3566 a

75 3577 209 3634 omnium
225 3577 317 3634 edidit
331 3578 472 3635 Erasmus
487 3594 554 3633 cum
570 3577 662 3634 titulis
677 3576 786 3648 gloriae,
802 3577 831 3632 id
847 3582 902 3643 est,
957 3574 1091 3649 Cypriaui
1108 3574 1256 3642 tibrarris3
1280 3591 1348 3630 nam
1368 3574 1397 3630 in
1422 3576 1492 3631 edit.
1517 3577 1699 3650 lirasmiana,
1716 3599 1780 3655 qua

74 3666 144 3706 cum
162 3649 311 3706 vocabulis
323 3650 523 3706 confessorum
535 3654 563 3705 et
574 3653 748 3732 martyrum,
759 3665 822 3721 quae
833 3664 904 3721 prae·
958 3646 1075 3704 Sasilea
1091 3663 1167 3702 auno
1183 3647 1253 3702 {520
1268 3662 1375 3702 excusa
1388 3651 1443 3707 est.
1457 3646 1625 3707 indicantur
1644 3651 1705 3709 haec
1720 3658 1785 3711 acta

75 3721 135 3777 lixa
148 3725 218 3777 sunt
232 3721 402 3779 nominihus
413 3721 833 3794 quorumdameprscoporum.
845 3719 904 3776 Hes
958 3735 1025 3775 curn
1040 3719 1136 3775 tribus
1151 3717 1288 3791 Cypriani
1304 3717 1437 3791 epistolis
1448 3733 1484 3774 ex
1497 3721 1622 3778 vetustis
1637 3724 1785 3783 codicibus

73 3791 397 3850 titulesGraeoaversio
423 3792 594 3863 nonhabet,
619 3807 713 3864 neque
739 3791 901 3848 editiobto-
958 3790 1058 3846 addita
1081 3789 1172 3846 tuisse
1196 3791 1232 3846 ah
1261 3789 1392 3846 braama.
1423 3792 1484 3847 lmo
1513 3791 1543 3846 in
1575 3794 1710 3866 pluribus
1732 3802 1784 3870 Cy·

75 3862 219 3921 relliana:
237 3881 286 3921 eos
299 3880 366 3920 vero
382 3864 454 3921 satis
469 3869 582 3920 constat
597 3881 653 3920 non
671 3863 797 3936 scriptos
811 3863 903 3919 l'uisse
958 3860 1053 3934 priani
1068 3860 1278 3933 manuscriptis
1302 3862 1421 3918 iuventa
1442 3866 1521 3919 sunt.
1547 3863 1655 3922 Eadem
1675 3867 1785 3926 hubent

76 3935 224 4008 ingestis,
239 3937 290 3993 sed
311 3936 427 3992 additos
451 3940 552 4009 postea
576 3937 735 4008 aquodam
758 3935 901 3991 studioso·
958 3938 1077 3990 vetuste
1093 3931 1284 3990 conciliorum
1310 3932 1520 4003 collectionem
1536 3940 1565 3990 et
1588 3952 1622 3993 ex
1638 3936 1739 3995 Latina
1753 3939 1783 3996 in

78 4009 174 4074 Quare
187 4007 271 4064 ualde
286 4006 394 4063 mirum
410 4011 455 4064 est
469 4007 536 4063 illos
551 4007 641 4063 tuisse
654 4010 784 4063 retentos
799 4005 830 4061 in
845 4005 904 4061 edi·
1605 4007 1746 4082 linguam.

77 4079 158 4135 tione
181 4079 214 4136 ll.
243 4079 273 4134 P.
298 4078 451 4135 Harduini.
476 4077 638 4151 Respondit
663 4085 761 4134 autem
783 4082 904 4133 sanctus

77 4151 265 4222 Augustinus
290 4150 319 4206 in
343 4150 417 4206 libro
442 4156 521 4206 sento
549 4149 582 4206 de
605 4151 745 4221 baptismo
769 4149 939 4220 adversare
994 4146 1049 4217 (29)
1065 4147 1212 4203 Provincia
1233 4147 1338 4216 Africa.
1364 4146 1467 4204 Plinio.
1494 4149 1646 4221 Zeugitana
1660 4153 1742 4224 rapio,
1759 4156 1785 4209 et

78 4223 242 4279 Donatistae
256 4222 338 4278 adea
353 4238 416 4293 qua
427 4221 556 4292 episcopi
566 4223 595 4277 r'u
607 4238 640 4277 eo
650 4220 772 4278 concilio
784 4236 904 4293 congre·
957 4233 1017 4290 qaae
1030 4220 1145 4290 propria
1160 4221 1270 4275 vocetur
1283 4219 1387 4289 Attica,
1412 4219 1460 4274 lib.
1479 4235 1505 4286 v,
1520 4236 1546 4275 c.
1569 4222 1595 4276 4.
1612 4223 1679 4288 Qua
1696 4223 1783 4279 uimi-

77 4291 316 4418 ssatiattulerunt
339 4308 390 4364 pro
413 4292 615 4348 confirmanda
638 4292 775 4363 opinione
799 4293 903 4348 suade
958 4306 1035 4353 rum,
1065 4294 1150 4360 capta
1177 4289 1364 4362 Carthagine,
1394 4290 1422 4345 in
1454 4291 1616 4348 itomanam
1643 4293 1784 4352 ditionem

102 4365 229 4435 aptismo
258 4365 471 4420 hereticorum.
507 4363 626 4419 Viderat
662 4363 716 4420 hoe
744 4363 903 4420 concilium
981 4361 1053 4416 rime
1069 4366 1249 4433 pervenerat,
1265 4361 1337 4416 etin
1376 4361 1508 4417 revincire
1532 4362 1656 4420 termam
1672 4367 1783 4440 redige·

78 4434 259 4492 flambertus
283 4436 439 4507 epiecopus
466 4433 556 4507 Sylva
580 4436 725 4505 Candide,
754 4437 805 4508 qui
824 4435 903 4491 tih.1
958 4377 1062 4488 hatur:
1079 4378 1506 4514 qumqueliomaequt'rieum
1523 4434 1786 4509 proximeadjuce·

76 4506 220 4563 adversus
235 4507 425 4575 Simoniacos,
443 4523 507 4577 cap.
523 4523 561 4574 ur,
578 4505 636 4561 ait:
662 4506 715 4563 Sed
728 4514 755 4563 ct
767 4509 903 4578 gloriosae
958 4505 1019 4559 bat.
1037 4502 1157 4560 l'annus.
1173 4534 1207 4544 -
1222 4503 1329 4559 Mirum
1345 4508 1390 4560 est
1400 4504 1554 4574 Tripolim,
1571 4523 1635 4580 quas
1650 4524 1709 4565 uua
1722 4515 1786 4569 erat

76 4594 187 4650 martyr
201 4587 227 4633 et
239 4578 366 4650 pontifex
388 4579 541 4650 Cyprianus
564 4576 631 4648 qaid
653 4577 685 4633 de
706 4579 904 4636 tlaeretiecrum
959 4571 1174 4657 provinciarum
1189 4574 1403 4643 Atricanarum‚
1420 4591 1477 4632 non
1496 4576 1586 4634 luisse
1602 4582 1783 4638 nominatam

74 4650 245 4719 nontamen
271 4651 406 4711 recrearit,
436 4666 473 4703 erc
499 4648 615 4703 concilio
647 4649 737 4714 ipsias
767 4649 905 4705 evidenter
958 4662 988 4701 rn
1004 4645 1059 4701 hoc
1075 4645 1208 4712 concilio,
1231 4663 1297 4702 cum
1323 4651 1437 4703 constet
1451 4647 1482 4704 iu
1506 4663 1539 4704 ec
1555 4655 1695 4724 tanquam
1711 4670 1783 4726 pra-

75 4722 203 4791 ecaneret
215 4723 325 4792 poterit.
347 4719 447 4775 Eadem
469 4721 544 4775 enirn
558 4726 654 4776 contra
677 4719 748 4775 titud
770 4722 904 4776 cuiusuis
958 4721 1056 4774 sentes
1071 4717 1216 4773 nominari
1238 4716 1415 4775 Muunulum
1437 4718 1632 4793 Girbitanam,
1653 4724 1784 4783 Natalem

75 4793 243 4864 coepiscopis·
257 4793 354 4848 sanxit
369 4791 439 4862 qaod
453 4800 478 4846 et
491 4793 731 4863 prasaticanoner
746 4791 902 4860 apostotici.
958 4787 1111 4861 Oeensem,
1130 4789 1301 4863 Pompeium
1319 4790 1536 4863 Sabratensem,
1548 4797 1577 4849 et
1592 4794 1718 4852 Drooam
1735 4797 1787 4854 Le·

76 4862 212 4920 Canones
226 4865 305 4920 enim
326 4860 487 4935 apostolici,
513 4878 587 4933 quos
603 4863 701 4943 refert·
714 4861 903 4929 llumhertus,
958 4860 1205 4987 &timagnensem
1221 4861 1272 4934 qui
1287 4867 1364 4919 certe
1380 4865 1464 4919 erant
1478 4863 1607 4948 episcopi
1650 4839 1784 4924 iovincm

77 4935 222 4991 damnant
254 4933 455 4991 hereticorum
485 4933 643 5005 Brptrsma.
671 4933 741 4991 Vrde
769 4934 903 4990 notitiam
984 4884 1785 5010 rrpolrtanae,praesertirucumconstetTrrpellmiuisso

77 5005 310 5063 Ecclesiasticam
322 5004 497 5071 Cabassutii,
514 5022 580 5077 pag.
595 5005 623 5071 7,
635 5005 685 5060 ubi
697 5005 756 5077 agit
770 5006 805 5061 da
820 5021 904 5061 cano·
957 5008 1142 5060 numeratam
1157 5005 1234 5060 inter
1247 5005 1412 5078 provincias
1426 5005 1528 5062 Atricrs
1544 5008 1574 5063 in
1590 5010 1713 5065 coucilia
1729 5011 1786 5068 Ca·

78 5078 168 5135 nibus
182 5076 398 5151 Apostolorum.
419 5075 684 5133 Bacurius-Ait
706 5076 736 5132 in
751 5077 904 5133 Annalibus
958 5074 1171 5132 barsussitano.
1200 5076 1353 5133 Bacurius.
1377 5106 1412 5119 -
1436 5077 1590 5134 Nonuerat
1614 5080 1720 5149 tetrus,
1751 5085 1784 5138 ut

76 5150 144 5206 suis
166 5151 341 5276 cyfrionieie
364 5148 558 5205 pearsonius:
578 5146 759 5204 «Sententia
777 5148 904 5205 intanta
957 5147 1045 5218 paulo
1063 5152 1127 5228 post
1141 5147 1262 5215 videbis,
1278 5153 1392 5221 septem
1410 5148 1529 5232 quidem
1546 5150 1637 5207 tuisse
1654 5153 1784 5224 partitio-

76 5222 191 5295 synodo
218 5221 275 5278 icet
288 5237 356 5277 vera
370 5221 488 5286 nonsit,
505 5225 535 5275 et
549 5218 603 5274 aS.
620 5219 783 5292 Augustino
802 5224 904 5293 postea
958 5234 1010 5273 nes
1024 5218 1126 5275 Atrrcar
1142 5223 1274 5290 respectu
1291 5219 1442 5292 regiminis
1456 5219 1550 5276 civilis
1562 5239 1569 5288 ;
1582 5223 1633 5277 sed
1650 5229 1708 5280 tres
1723 5230 1785 5282 tau·

75 5298 196 5364 propter
210 5293 377 5349 Donatistae
391 5293 526 5355 refutata,
540 5289 656 5362 insigne
675 5297 773 5349 tamen
788 5291 842 5348 boo
858 5296 904 5348 est
957 5295 1021 5344 tum
1037 5290 1351 5347 iuisseecclesiastieas
1364 5307 1398 5346 ex
1408 5291 1514 5363 Synodi
1527 5292 1616 5363 hujus
1628 5294 1711 5351 initio
1727 5296 1785 5353 col·

73 5364 250 5421 veneranda
275 5362 458 5433 antiquitatis
482 5367 717 5420 monumentum.
749 5387 763 5414 n
788 5365 830 5420 Ad
854 5379 901 5418 aa.
956 5359 1107 5433 ligandum
1124 5378 1197 5418 esse.
1218 5362 1392 5433 Septenaria
1412 5361 1542 5433 quidem,
1560 5364 1641 5435 prius
1657 5369 1783 5437 senaria,

75 5436 139 5501 156,
154 5437 168 5504 ἓ
183 5452 222 5501 rx,
240 5439 306 5491 Haeo
321 5441 396 5506 acta,
420 5450 488 5490 cum
513 5433 549 5488 ab
572 5434 736 5505 Augustino
761 5435 791 5490 in
806 5433 857 5490 lib.
873 5451 903 5490 ur
923 5452 929 5462 ·
957 5432 1066 5489 exstitit
1082 5432 1295 5505 provinciarum
1312 5433 1438 5499 divisio;
1455 5434 1504 5488 sed
1522 5434 1628 5492 iisdem
1644 5440 1785 5510 tempori·

72 5512 103 5563 et
116 5524 153 5562 vu
169 5508 206 5562 tte
221 5507 359 5579 Baptana
382 5509 480 5562 cotnra
503 5504 661 5560 Donatistae
675 5506 759 5562 nobis
782 5521 941 5587 causer-1)
957 5505 1013 5560 bus
1028 5506 1083 5559 sub
1106 5505 1204 5561 Atriea
1228 5503 1376 5577 provincia
1401 5504 1548 5560 interdum
1573 5510 1785 5577 comprehensa

71 5582 140 5634 vata
161 5584 271 5643 essent,
294 5577 363 5634 inde
387 5576 497 5633 inserta
522 5575 612 5631 tuisse
636 5577 774 5648 operibus
799 5577 828 5634 S.
846 5578 899 5650 Cy·
955 5574 1033 5632 civiti
1047 5574 1157 5631 ratione
1172 5576 1263 5631 tuisse
1278 5574 1408 5646 Tripolis
1426 5575 1552 5641 uidetur,
1568 5578 1656 5634 simul
1672 5597 1786 5639 memo·

71 5648 168 5722 priani
183 5650 220 5708 ab
233 5651 404 5708 eorumdem
428 5647 600 5718 editoribus,
616 5647 658 5704 ait
678 5647 803 5707 Mathias
821 5648 898 5706 Dan·
953 5647 1028 5706 ratis
1044 5646 1181 5704 Numidia
1195 5650 1224 5705 et
1235 5646 1431 5721 Mauritania,
1442 5663 1506 5725 quae
1516 5647 1585 5708 clim
1595 5650 1651 5707 sub
1664 5655 1786 5734 regibus

71 5736 216 5805 neamapr
229 5721 260 5783 ia
283 5721 509 5783 incenante
532 5718 602 5781 aee.
625 5719 698 5785 dccl.
722 5720 759 5787 N.
777 5719 812 5785 Τ.
833 5719 898 5786 Par.
954 5719 1081 5783 tuerent.
1097 5716 1210 5781 Reum.
