3900 6112
147 328 212 391 ’133
896 330 1112 397 antenore.
1797 338 1858 401 'tet

147 478 206 539 gra
218 463 479 537 suspenderentur,
503 464 596 521 donec
619 466 656 521 ad
675 481 730 523 nos
748 465 843 525 eidem
858 464 974 539 college
989 469 1017 537 Α
1031 482 1256 541 separemeni
1270 470 1391 527 omnino
1407 468 1472 527 istic
1492 469 1602 543 positos
1622 467 1727 529 littere
1742 468 1855 527 ilemnt.

148 551 246 612 neeri
259 553 348 612 rebus
362 552 424 610 illio
439 553 496 626 (ll)
518 557 571 611 aut
594 554 629 611 ed
647 572 748 629 pacem
771 556 909 625 redactis,
924 562 976 614 aut
1030 557 1107 614 sicut
1123 558 1207 627 dunt,
1224 562 1257 616 ut
1268 562 1295 615 te
1305 560 1432 617 universi
1447 559 1563 634 collega
1574 560 1667 618 nostri
1682 564 1710 618 et
1722 575 1855 617 commu-

148 642 339 717 provenere
353 643 511 717 compertis
525 642 672 713 redirent;
691 646 851 719 presbyteri
867 651 896 704 et
910 646 976 703 die·
1030 646 1204 704 dicationem
1220 652 1313 715 tuam,
1329 648 1358 704 id
1374 652 1420 706 eet
1438 649 1586 705 catholice
1608 648 1740 707 Ecclesia
1758 648 1856 706 unita·
1941 656 1945 665 '

148 731 218 790 coni
233 732 263 789 in
275 732 470 790 Adrumetina
480 733 684 806 consistentes,
696 734 852 809 Polycarpo
866 736 977 809 caepis·
1029 738 1089 792 tem
1105 736 1214 808 pariter
1228 741 1257 793 at
1267 736 1451 809 charitatem,
1462 739 1620 811 probarent
1631 737 1755 795 llrniter
1769 754 1803 795 ac
1814 742 1855 797 ta·

148 839 223 896 copo
248 826 349 881 nostro
373 823 506 893 absente,
532 824 707 898 ignorabunt
735 825 804 898 quid
832 825 917 882 uobis
944 826 974 881 in
1029 830 1141 883 nerent.
1158 826 1240 891 Quod
1256 824 1398 884 diuinitus
1414 828 1555 899 evenisse,
1570 827 1767 886 etconsilium
1787 844 1857 885 nos·
1931 818 1934 823 ’

147 928 306 969 commune
321 911 490 985 placuisset.
507 915 544 969 aa
566 913 616 969 ubi
631 931 685 970 nos
707 914 737 970 in
752 914 935 988 presentiam
953 916 976 951 ³⁹
1029 921 1109 970 trum
1126 915 1309 988 providenter
1321 918 1343 952 ⁴⁴
1358 918 1536 990 processisse
1554 920 1729 991 gaudemus.

146 1000 295 1069 venimus,
311 1005 459 1075 comperta
470 1001 592 1059 consilio
609 1009 718 1073 nostro,
730 1003 786 1078 ipsi
801 1020 917 1077 quoque
933 1005 974 1075 id,
1066 1003 1111 1059 tv.
1128 1004 1175 1059 Sic
1190 1003 1269 1061 enim
1284 1022 1362 1063 nunc
1378 1006 1565 1079 episcopatus
1582 1006 1623 1063 tui
1637 1010 1667 1063 et
1682 1007 1789 1064 veritas
1804 1023 1854 1080 pe·

147 1092 229 1165 quod
245 1094 274 1147 et
297 1092 402 1159 ceteri,
429 1092 582 1149 observare
605 1098 766 1166 coeperunt,
792 1099 825 1151 ut
847 1094 878 1151 in
894 1094 974 1151 nullo
1029 1092 1099 1149 riter
1110 1097 1139 1149 at
1154 1092 1282 1166 dignitas
1291 1094 1479 1166 apertissima
1490 1094 1554 1153 luce
1569 1100 1597 1152 et
1613 1095 1859 1153 manifestissime

145 1178 339 1237 ecclesiarum
354 1178 421 1237 istic
446 1180 668 1238 consistentiam
693 1183 846 1242 consensio
865 1183 973 1241 disere·
1028 1185 1056 1238 et
1072 1182 1243 1239 ilrmissima
1258 1185 1496 1257 comprobatione
1510 1187 1630 1242 lundata
1640 1188 1695 1257 est,
1706 1189 1738 1241 ut
1749 1202 1783 1242 aa
1798 1201 1858 1243 ros-

146 1275 241 1341 peret.
1028 1272 1129 1345 criptis
1144 1271 1321 1345 collegarum
1343 1277 1520 1346 nostrorum,
1546 1274 1595 1345 qul
1610 1275 1645 1331 ad
1672 1290 1726 1330 nos
1741 1272 1856 1332 litteras

183 1358 234 1416 111.
250 1358 377 1423 Quidam
392 1362 492 1416 tamea
509 1363 621 1418 mentes
635 1377 846 1434 nonnunquam
866 1366 894 1419 ct
909 1363 973 1420 ani·
1027 1360 1095 1417 inde
1110 1362 1252 1430 lecerunt,
1267 1367 1340 1418 etex
1355 1362 1495 1420 relatione
1506 1379 1538 1419 ac
1554 1362 1731 1421 testimoniis
1741 1362 1856 1436 ceopis-

146 1463 212 1505 moa
228 1449 414 1505 sermonibus
430 1449 492 1505 siris
503 1450 635 1519 turbant,
648 1452 719 1507 dum
729 1452 812 1509 aliter
827 1454 973 1525 quadam,
1027 1465 1167 1520 ceparum
1182 1450 1301 1524 Pompei
1316 1456 1346 1507 et
1359 1450 1501 1525 Stephani
1514 1456 1543 1508 et
1552 1451 1685 1509 caldonii
1702 1469 1736 1508 ac
1751 1452 1857 1508 Portu·

147 1554 240 1610 quam
255 1554 288 1594 se
301 1537 390 1593 babet
399 1538 518 1603 veritas,
530 1540 677 1596 nuntiant.
689 1541 748 1597 Nos
758 1542 836 1597 caim
847 1542 973 1614 singulis
1028 1539 1088 1597 nati
1103 1540 1169 1611 (45),
1195 1540 1386 1597 ordinationis
1409 1545 1466 1596 tue
1486 1545 1514 1597 et
1528 1540 1610 1614 origo
1635 1541 1811 1613 necessaria,
1827 1544 1858 1597 et

144 1625 364 1699 navigantibus,
381 1643 417 1682 ne
431 1644 499 1682 cum
515 1628 654 1685 scandalo
670 1629 729 1686 ullo
745 1631 915 1704 navigarent
930 1649 974 1688 ra·
1027 1628 1100 1684 ratio
1112 1629 1203 1700 juste,
1221 1633 1249 1684 et
1259 1627 1386 1702 gloriosa
1401 1646 1516 1701 quoquc
1528 1629 1695 1686 innocentia
1710 1631 1746 1686 ab
1762 1630 1857 1687 omni·

144 1716 255 1772 tionem
269 1715 425 1771 reddentes
440 1716 602 1783 ⁶⁰,'soimus
615 1736 668 1776 nos
683 1719 816 1777 hortatos
831 1736 880 1777 cos
896 1737 970 1790 esse,
1027 1719 1081 1773 bus
1096 1722 1265 1774 nosceretur
1275 1718 1297 1753 ⁸¹⁵
1308 1719 1384 1789 quod
1411 1723 1442 1775 ut
1457 1718 1545 1776 einrul
1566 1734 1633 1775 cum
1650 1719 1762 1777 ceteris
1777 1736 1856 1792 quo·

142 1809 175 1861 ut
189 1804 326 1860 Ecclesiae
342 1805 492 1861 catholice
508 1806 636 1863 radicem
652 1812 681 1864 et
697 1809 848 1866 matricem
865 1826 970 1883 agnos·
985 1843 1009 1909 Β
1025 1823 1083 1879 que
1098 1807 1216 1879 collegis
1231 1807 1253 1841 ‘⁶
1268 1808 1376 1864 nostris
1400 1807 1545 1863 stabiliter
1563 1825 1596 1863 ac
1621 1808 1743 1865 tirmiter
1761 1809 1855 1865 admi·

143 1898 243 1949 cercnt
257 1910 290 1949 ac
301 1898 443 1950 tenerent.
456 1894 511 1950 Sed
524 1897 662 1966 quoniam
675 1898 764 1955 latius
775 1899 893 1955 lusaest
906 1916 971 1955 uos·
1025 1895 1197 1963 nisicamus,
1225 1901 1312 1968 atque
1342 1896 1371 1951 in
1403 1898 1478 1953 712
1509 1896 1658 1952 catholice
1681 1896 1853 1955 Ecclesieli

141 1984 186 2039 tra
201 1982 353 2054 provincia
364 1982 431 2055 (⁴2),
445 1982 534 2039 habet
552 1986 624 2041 m
638 1986 726 2043 etiarn
736 1986 792 2059 (43)
802 1987 969 2044 Numidiam
1024 1986 1161 2043 concordi
1187 1984 1380 2041 unanimitate
1405 1990 1570 2057 teneamus,
1596 1985 1727 2057 perficiet
1753 1986 1854 2046 divina

141 2075 168 2127 et
181 2070 390 2127 Mauritiaaam
415 2072 473 2143 (ll)
488 2072 545 2129 sibi
569 2073 747 2131 coherentes
760 2092 767 2145 ;
791 2092 827 2133 ne
849 2076 879 2132 in
894 2076 970 2135 Urbe
1024 2074 1175 2147 dignatio;
1192 2079 1224 2130 ut
1239 2073 1387 2139 dominus,
1401 2074 1451 2146 qui
1464 2074 1630 2130 sacerdotes
1641 2074 1697 2130 sibi
1709 2074 1738 2129 in
1755 2074 1850 2131 Necle-

140 2159 271 2217 schisma
284 2160 393 2216 iactum
405 2160 573 2218 absentium
587 2162 701 2220 animos
712 2164 824 2222 incerta
833 2167 970 2239 opinione
1023 2163 1068 2222 sia
1082 2179 1137 2221 sua
1150 2162 1258 2236 eligere
1273 2167 1302 2219 et
1312 2163 1488 2220 constituere
1499 2162 1648 2237 dignetur,
1660 2162 1768 2222 electos
1778 2181 1852 2237 quo·

141 2249 344 2321 contunderet,
371 2248 483 2322 placuit
504 2252 527 2287 ⁸¹
551 2267 604 2324 per
627 2254 790 2327 episcopos,
815 2260 928 2312 retenta
952 2274 970 2313 a
1023 2270 1080 2329 que
1094 2258 1123 2310 et
1137 2252 1378 2311 constitutossua
1392 2250 1543 2309 voluntate
1558 2251 1852 2325 atqueopitulatione

141 2337 229 2395 nobis
243 2337 285 2394 rei
299 2336 433 2408 veritate,
453 2342 481 2396 et
496 2339 532 2396 ad
548 2342 796 2415 comprobandam
810 2344 969 2401 ordinatio·
1022 2348 1140 2401 tueatur
1153 2342 1176 2379 ⁸⁸
1190 2341 1385 2415 gubernantes
1401 2340 1561 2413 inspirans,
1575 2357 1608 2397 ac
1619 2340 1851 2399 subministrans

142 2444 211 2484 nem
226 2431 310 2485 tuam
324 2428 347 2465 ⁴²
364 2427 440 2485 iacta
454 2428 760 2504 auctoritatemajme,
775 2434 966 2491 tamdemum
1022 2437 1051 2492 et
1066 2433 1102 2490 ad
1114 2431 1316 2505 improborum
1339 2430 1554 2488 contumaciam
1580 2430 1752 2489 frenandam
1768 2430 1849 2504 vigo·

141 2515 282 2589 scrupulo
298 2515 379 2573 omni
392 2517 429 2574 de
443 2517 627 2591 singulorum
645 2521 812 2593 pectoribus
826 2522 849 2559 ⁸³
864 2539 966 2579 excus-
1021 2538 1095 2593 rem,
1110 2526 1139 2579 et
1152 2521 1189 2578 ad
1203 2519 1354 2592 lapsorum
1368 2520 1521 2577 iuvandam
1533 2519 1734 2593 paenitentiam
1745 2518 1851 2578 lenita·

848 2652 951 2714 Varie
972 2652 1134 2715 lectiones.

171 2754 617 2831 '’luprescntivenimue,Spir.
656 2754 1664 2828 ⁸⁰Rationemreddidissenossciurusethortatceosee,Spir·.laacm.
1703 2753 1845 2812 “Placuit

134 2840 203 2953 Bag,
218 2828 280 2955 Υῦνὶ
320 2829 342 2866 ‘²
358 2828 420 2885 Tua
435 2830 520 2913 iacta,
536 2831 609 2902 Spir.
647 2828 670 2866 ⁸³
685 2829 854 2936 Pectoribus
868 2829 997 2895 excluso,
1015 2830 1074 2911 Ver.
1112 2828 1194 2910 “Sic
1208 2830 1443 2935 vetustioresque.
1460 2829 1492 2882 At
1512 2829 1566 2911 ulii
1579 2828 1658 2895 tttrt,
1675 2826 1844 2941 proiecisse:

192 2914 219 2953 rc
252 2902 413 2958 e.laaom.
442 2902 518 2973 Spar.
547 2903 690 2959 Nascetur
705 2902 763 2971 lqu.
848 2900 920 2957 Cum
950 2906 1061 2958 ceterae
1090 2898 1219 2972 collegas
1245 2900 1334 2955 Oeen.
1424 2897 1558 2954 Ecclesre
1573 2899 1758 2956 concorditer
1772 2914 1830 2953 una

136 2968 301 3026 nimitatem
317 2976 481 3028 teneamus.
498 2976 600 3029 Prisce
614 2974 680 3028 adit.
695 2988 758 3026 cum
769 2971 874 3028 duobus
887 2989 952 3029 snas.
968 2974 1050 3030 Norat
1064 2971 1167 3027 licuerat.
1184 2972 1288 3025 Parcet.
1304 2973 1329 3026 ct
1354 2969 1440 3027 Occu.
1457 2969 1590 3027 aeclesia
1607 2986 1707 3043 pacem
1724 2984 1845 3025 concor-

137 3039 189 3096 die
205 3043 401 3099 unanimitate
416 3052 579 3101 teneamus.
595 3047 695 3101 liceras
709 3060 760 3099 aas.
777 3043 851 3100 cota.
872 3045 1007 3101 Ecclesie
1023 3059 1124 3117 pacem
1150 3042 1284 3099 concordi
1302 3042 1497 3098 unanimitate
1520 3047 1680 3098 teneamus.
1700 3040 1843 3108 Vetusticr,

172 3113 300 3171 iomiaao
313 3117 397 3171 uerbo
412 3131 523 3189 pacem,
540 3118 683 3173 lectionem
697 3114 821 3171 camdem
834 3116 955 3185 rebitet,
971 3117 1077 3175 ceteris
1094 3117 1167 3171 ciana
1190 3121 1230 3170 est
1243 3115 1387 3171 sincerior.
1408 3114 1471 3171 lice
1491 3114 1582 3171 eodem
1597 3113 1697 3171 codice.
1713 3110 1845 3185 perticiat

158 3183 236 3270 iunius
252 3188 402 3315 pAEcteotio.
441 3187 464 3314 Τ
490 3189 565 3246 Vetas
587 3188 671 3246 coaice
695 3187 774 3245 colb.
799 3187 1017 3261 gubernanter:
1043 3188 1162 3261 fornitana
1183 3187 1286 3244 verius.
1312 3184 1441 3261 Alioquin
1464 3186 1697 3259 gubernantibus
1711 3184 1845 3243 orationis

135 3270 216 3313 tensa
233 3259 263 3313 ci
285 3266 349 3315 etur
360 3265 442 3332 porte
455 3275 512 3316 cre.

844 3358 1011 3422 Variacum
1032 3363 1128 3421 note.

168 3463 212 3533 (ll
239 3464 312 3521 istic.
330 3465 361 3520 Id
378 3468 424 3521 est
439 3464 469 3520 in
484 3464 590 3520 Alrica.
606 3470 765 3521 Cousraur.
974 3467 996 3536 c
1015 3481 1106 3538 copus
1131 3462 1380 3536 Carthaginensis,
1400 3463 1430 3518 in
1442 3462 1540 3519 codice
1551 3478 1698 3519 canonum
1708 3461 1844 3519 Ecclesiae

182 3536 217 3589 te
249 3537 343 3591 Latiae
357 3539 418 3608 susc
431 3536 584 3608 provincia.
597 3537 648 3608 Epi
672 3535 788 3604 benius,
804 3536 959 3609 epiecopus
1015 3538 1167 3603 Africanas,
1185 3540 1213 3591 et
1226 3552 1329 3591 omnes
1353 3534 1506 3617 episcopos
1520 3534 1616 3602 Alnus,
1641 3534 1770 3605 adeoque
1783 3532 1844 3590 Nu·

136 3606 169 3661 Sa
181 3606 289 3663 amine
301 3608 331 3662 in
342 3610 444 3680 Cypro,
458 3609 589 3665 scribens
599 3609 635 3664 ad
645 3554 787 3664 fanonem
800 3607 962 3681 Hierosoly·
1016 3608 1113 3665 midas
1128 3612 1157 3664 et
1168 3612 1295 3670 Mauros,
1312 3606 1348 3662 ad
1360 3606 1483 3663 concilia
1497 3604 1626 3678 episcopi
1636 3606 1845 3679 Carthaginen-

137 3678 295 3744 mitanum,
310 3678 432 3751 loquens
457 3679 493 3735 de
508 3696 562 3735 sua
586 3680 745 3752 provincia,
762 3679 822 3736 uit:
838 3681 877 3735 Eo
891 3678 962 3751 quod
1015 3679 1059 3737 sis
1081 3678 1235 3737 convenire
1257 3677 1371 3746 solitos,
1399 3683 1431 3735 ut
1455 3683 1533 3751 patet
1555 3678 1644 3734 ctiam
1667 3694 1702 3734 ex
1721 3676 1844 3735 concilio

133 3753 251 3817 prandia
275 3759 342 3806 see
364 3761 390 3806 et
417 3751 472 3806 tote
494 3756 568 3820 petet
591 3753 744 3819 rrrorairacic.
770 3752 809 3807 lia
838 3750 962 3822 epistola
1015 3750 1115 3808 sancti
1141 3750 1287 3835 Cp’priaai.
1312 3751 1380 3807 idco
1408 3753 1507 3805 eutem
1535 3754 1655 3806 sanctus
1682 3748 1844 3823 Cyprianus

135 3826 232 3877 exstat
244 3822 321 3877 inter
335 3822 585 3895 Hieronymianas.
603 3823 711 3878 llotlec.
1015 3822 1083 3880 istic
1099 3828 1233 3878 nominat
1247 3820 1415 3877 Numidiam
1432 3826 1461 3877 et
1476 3820 1681 3877 Mauritaniam
1701 3828 1733 3876 ut
1746 3827 1843 3878 osten·

159 3894 224 3963 (te)
240 3893 324 3948 liciat
340 3896 431 3949 ctiam.
450 3894 559 3950 Recens
575 3896 665 3950 codex
684 3893 765 3949 Colb.
782 3893 862 3949 tolet
875 3894 961 3949 enirn.
1016 3895 1067 3952 dut
1081 3893 1261 3966 provinciam
1286 3910 1370 3950 suam
1395 3909 1459 3949 esse
1474 3892 1531 3949 late
1555 3893 1703 3959 diilusam,
1729 3908 1794 3949 cum
1810 3908 1846 3949 en

127 3960 189 4021 Non
208 3964 387 4036 displiceret,
403 3966 569 4021 lcabetcaim
583 3968 675 4021 otiam.
689 3965 797 4019 Deinde
810 3964 886 4020 idem
904 3982 960 4021 ms.
1016 3971 1122 4039 preter
1135 3965 1262 4022 Airicem
1279 3964 1394 4037 proprie
1416 3964 1525 4020 dictum
1540 3963 1660 4020 haberet
1681 3964 1769 4019 etium
1784 3963 1844 4019 Nu·

122 4046 197 4093 tum
230 4034 367 4107 pluribus
397 4037 463 4092 aliis
491 4043 519 4093 et
553 4038 621 4093 edit.
649 4035 813 4091 Narnidium
841 4043 866 4092 ct
894 4036 961 4091 duas
1016 4036 1185 4094 midiamat
1209 4036 1415 4093 Mauritaniam
1442 4036 1498 4092 sibi
1524 4037 1714 4101 coherentes,
1738 4038 1845 4105 queat

117 4100 317 4165 taurinacius
334 4109 391 4163 aidi
411 4110 588 4165 cohaerentes.
611 4108 773 4164 Lectionem
792 4108 961 4164 vetustioris
1016 4109 1086 4181 ipse
1102 4109 1167 4165 late
1183 4113 1212 4165 ct
1231 4108 1344 4164 dillusaa
1369 4107 1523 4179 provincie
1547 4114 1648 4173 crant;
1673 4106 1844 4162 Numidiam

114 4176 209 4237 colb.
228 4196 293 4251 que
308 4178 394 4234 etiarn
411 4187 456 4236 est
469 4181 595 4236 duorum
611 4180 697 4253 angl.
711 4180 807 4252 probe
824 4185 908 4242 note,
920 4196 962 4236 re·
1017 4185 1114 4237 tamen
1130 4197 1195 4237 csse
1210 4180 1409 4254 augustiorem
1424 4178 1598 4235 Mauritania
1607 4178 1710 4234 scribit
1720 4176 1806 4235 Mela.

109 4258 283 4309 locamus.
300 4249 430 4306 Alterum
447 4268 461 4305 c
482 4252 613 4323 margine
629 4251 658 4307 in
681 4255 792 4307 textum
808 4251 961 4323 irrepsisse
1016 4252 1121 4309 Banna.

106 4316 305 4380 oxoniensis
321 4321 570 4393 editoropinutur.
583 4324 756 4395 Orranquam
770 4322 847 4379 idam
866 4324 962 4379 obser·
1051 4323 1108 4405 (lt)
1135 4322 1341 4379 Mauritaniam.
1372 4322 1415 4378 lta
1440 4320 1507 4375 libri
1534 4324 1648 4376 veteres
1676 4321 1704 4375 et
1730 4323 1845 4377 veteres

102 4401 171 4453 vet
191 4392 412 4459 Mauritaniam,
435 4399 510 4450 teste
535 4394 639 4461 Plinio,
655 4393 675 4449 l.
702 4411 729 4462 v,
751 4410 777 4449 c.
803 4395 827 4449 l.
845 4394 961 4450 induas
1015 4395 1170 4451 editiones.
1180 4394 1297 4450 Primus
1306 4394 1457 4451 Manutius
1465 4392 1753 4465 posuitllcuritnnics
1762 4390 1843 4447 dues.

99 4464 500 4535 parteseassariensemea
525 4465 961 4536 Tingitanum,perC.Coesnris
1015 4466 1088 4523 ilinc
1110 4471 1174 4522 orta
1196 4466 1325 4549 vulgaris
1353 4465 1453 4521 editio.
1479 4467 1515 4519 At
1543 4456 1571 4518 in
1602 4462 1725 4519 concillo
1748 4463 1844 4519 sancti

97 4537 274 4597 ees-itiam
285 4536 375 4593 luisse
385 4536 520 4601 divisam,
531 4538 626 4609 iisque
636 4538 756 4594 demum
768 4537 884 4593 tertiam
898 4554 962 4607 par·
1015 4536 1149 4664 CyKriani
1167 4544 1275 4592 meritae
1287 4541 1331 4592 est
1341 4536 1544 4607 episcoporum
1557 4535 1671 4605 Africae,
1689 4533 1844 4605 Numidiae,

93 4606 961 4674 termSitifensemnimirum‚acceesisse.Conse-linter
1015 4613 1043 4665 et
1069 4608 1247 4673 tauritanis,
1264 4625 1321 4664 non
1337 4624 1402 4663 veru
1425 4606 1680 4663 linuritaniarum.
1698 4606 1842 4663 ilanutia·

91 4684 207 4739 enim
222 4679 395 4735 Numidiam.
413 4684 477 4735 lieo
501 4686 546 4736 est
560 4680 644 4737 lectio
659 4684 788 4737 veterum
805 4679 959 4747 librarum,
1015 4697 1084 4736 nam
1100 4686 1196 4735 tamen
1220 4679 1373 4735 lectionem
1398 4679 1517 4750 arlJuvat
1540 4678 1662 4740 Plinius,
1688 4678 1738 4736 nm
1754 4676 1806 4734 lib.
1822 4694 1843 4745 ι,

91 4752 179 4811 hisi
205 4750 286 4823 quod
304 4750 392 4823 aliqui
404 4751 608 4808 habentoticm
623 4770 674 4824 pra
685 4754 771 4818 errata,
787 4754 904 4821 vulgata
916 4767 960 4806 ve·
1014 4768 1069 4824 cap
1083 4754 1111 4817 2,
1129 4756 1159 4807 at
1172 4751 1223 4806 lib.
1239 4768 1301 4817 1111,
1317 4768 1381 4823 cap.
1400 4754 1442 4815 15,
1459 4749 1592 4806 nominat
1612 4752 1687 4806 duas
1703 4750 1843 4806 Maurita-

88 4823 326 4894 terummore
340 4823 369 4877 in
380 4824 584 4905 permutandis
595 4824 674 4879 bisce
689 4823 957 4893 conjunctionibus.
975 4832 998 4897 Β
1015 4824 1090 4894 niae,
1106 4822 1235 4894 itemque
1246 4822 1364 4879 Tacitus
1375 4822 1449 4879 libra
1462 4840 1472 4878 1
1487 4822 1687 4892 liberior-en,
1702 4821 1751 4877 ubi
1764 4837 1845 4876 rnen·

89 4888 279 4973 Rigaltlus
293 4894 329 4949 ad
345 4894 498 4964 epistolam
515 4912 571 4950 xcrr
585 4895 762 4951 existimavit
777 4910 959 4967 quecunque
1013 4894 1055 4951 tic
1065 4899 1110 4951 est
1125 4895 1250 4950 duarum
1263 4894 1506 4951 Mauritaniarum
1516 4898 1544 4949 et
1554 4894 1715 4949 Martianus
1727 4891 1844 4974 {lapella

87 4972 191 5027 {scic
209 4963 396 5022 dicunturde
411 4966 587 5022 Numidiaet
600 4967 776 5023 Mauritania
787 4984 851 5023 esse
866 4964 959 5021 insili·
1014 4965 1065 5022 lib.
1082 4984 1120 5026 vr.
1137 4965 1333 5037 descriptione
1353 4965 1466 5022 Africae.
1494 4965 1591 5022 Recte.
1608 4964 1681 5021 Nam
1707 4968 1757 5019 Ιιιο
1772 4961 1843 5018 Cas·

87 5036 156 5097 tie
176 5040 266 5093 etex
281 5037 412 5109 margine
438 5037 466 5092 in
484 5042 593 5094 textum
619 5039 784 5111 irrepsisse.
811 5040 845 5093 Et
862 5043 960 5094 tamen
1014 5038 1076 5095 sius
1092 5037 1142 5095 lib.
1159 5038 1310 5104 vr,tradit.
1323 5037 1478 5094 Claudiurn
1489 5037 1695 5108 Imperatorem
1707 5034 1844 5090 Maurita-

87 5110 249 5167 sttnnt
265 5108 292 5161 in
310 5108 447 5165 omnibus
458 5109 637 5165 editionibus
652 5114 681 5165 et
692 5110 719 5163 in
733 5114 842 5191 septem
856 5108 960 5165 codici·
1015 5110 1093 5165 niam
1110 5110 1273 5181 subjectam
1290 5110 1430 5166 [iomanis
1447 5110 1475 5164 in
1491 5110 1566 5163 duas
1581 5114 1678 5177 partes
1694 5104 1841 5163 divisisse.

87 5172 179 5239 bue
199 5177 342 5249 antiquie.
359 5180 447 5236 idest
463 5181 491 5235 in
508 5181 647 5236 omnibus
662 5181 793 5251 antiquas
807 5181 959 5236 codicibus
1013 5181 1202 5254 Tingitanum
1219 5185 1247 5236 et
1267 5181 1484 5238 Cesariensem.
1501 5179 1696 5242 Herodianus,
1721 5176 1773 5232 lib.
1790 5193 1841 5244 nu,

87 5262 128 5311 ι
140 5268 200 5310 me
210 5250 295 5307 visis.
309 5250 369 5307 Non
382 5253 463 5307 virleu
473 5257 570 5307 aratam
582 5269 634 5307 cur
644 5253 700 5308 ista
710 5252 822 5308 censeri
835 5253 960 5308 debeant
1014 5253 1148 5309 nominat
1162 5252 1329 5310 Numidiam
1346 5257 1374 5308 et
1389 5249 1594 5308 Mauritaniam
1615 5248 1756 5305 [inmanis
1770 5248 1842 5306 sub·

87 5318 266 5383 insiticia.
282 5322 398 5378 tlertrrm
413 5324 522 5395 quippo
537 5329 581 5379 est
592 5324 808 5394 Carthaginem,
821 5341 885 5396 qure
897 5328 960 5379 crat
1009 5326 1120 5395 jactam
1136 5325 1207 5380 Vide
1223 5324 1363 5393 Marcam,
1381 5340 1443 5395 cap.
1469 5324 1504 5377 87
1519 5322 1585 5378 libri
1603 5320 1637 5377 dc
1657 5321 1842 5390 Primntibaa,

90 5392 236 5453 umula
250 5394 331 5448 urbis
344 5394 451 5461 Rome,
465 5396 597 5451 omnium
614 5395 690 5451 intra
701 5394 826 5450 Africam
844 5395 958 5466 provin·
1013 5401 1118 5452 Banna.

90 5468 243 5523 ciarum
266 5465 429 5521 obtinuisse
474 5466 664 5538 rincipatum,
685 5468 726 5523 uti
754 5467 961 5538 scriptumest
1050 5468 1105 5537 (45)
1120 5467 1349 5538 Coepiscoporam
1363 5465 1499 5523 Gairlonii.
1523 5462 1628 5521 Festivi
1649 5468 1725 5523 sunt
1738 5462 1791 5535 qui
1803 5460 1842 5518 il-

92 5532 150 5596 in
169 5538 193 5593 l.
211 5552 282 5605 xxti,
308 5538 345 5593 lle
368 5483 504 5594 tiroaissua
528 5540 557 5593 in
583 5539 682 5594 codice
703 5538 916 5603 Thaudosiaao‚
932 5542 961 5593 et
1014 5536 1076 5595 lum
1092 5538 1128 5593 ab
1144 5537 1237 5593 lirina
1252 5539 1281 5595 in
1304 5535 1484 5592 Lucitanlaur
1509 5534 1662 5592 transiisse
1677 5535 1807 5599 tradunt
1819 5536 1848 5589 et

99 5610 303 5690 episcopum
311 5608 569 5684 Carthaginensem
580 5610 718 5667 babuisse
729 5608 959 5666 sollicitudinem
1012 5609 1073 5665 illic
1087 5609 1258 5681 episcopum
1276 5610 1483 5667 Bracaraasem
1501 5610 1601 5666 l'uissc.
1617 5606 1743 5679 Banna.

106 5694 265 5737 omnium
281 5678 472 5739 ecclesiarum
487 5682 597 5753 Atrine,
613 5688 646 5740 ut
660 5682 702 5740 ait
716 5680 863 5752 Aurelius,
879 5679 959 5753 epis·
