3892 6104
121 340 198 404 tras
592 336 695 402 PARS
717 337 755 402 ll.
773 371 810 386 -
827 338 1108 405 RECEN'llOllUlll
1132 339 1351 407 EXCUESUS.
1752 342 1828 408 ttae

120 474 225 548 missa,
242 479 275 533 ut
290 472 603 549 pseudo-Firmilianue
617 471 715 532 nullas
736 491 826 533 novas
842 464 946 550 proba·
962 476 987 546 Α
1005 474 1103 534 innuit
1129 474 1289 551 singularis
1313 471 1363 532 illa
1387 473 1547 550 expressio:
1563 495 1578 528 u
1602 491 1678 551 sepe
1702 479 1831 552 repetita

119 566 217 623 tiones
232 565 358 622 uoluerit
381 566 608 639 supperaddere,
624 563 683 621 imo
703 582 737 621 ex
752 569 822 622 tunc
837 566 946 638 episto·
1004 566 1151 623 memorie
1167 565 1382 623 mandavimus.
1397 586 1411 613 a

120 654 180 712 lam
196 655 330 728 Cypriani
347 655 516 711 memoriter
528 654 678 710 addiscere
696 654 827 727 coeperit.
844 655 947 711 Conle·
1038 655 1143 712 Nescio
1158 672 1195 711 on
1211 654 1305 729 magis
1320 653 1479 710 dolendum
1504 654 1548 710 vel
1567 655 1735 712 mirandum
1752 660 1828 730 quod

120 749 225 802 rantur
240 762 267 800 ιι.
286 746 320 801 tu
342 750 370 800 et
395 745 440 801 30.
465 744 538 814 Erga
554 744 869 817 pseudo-Firmilianns
895 760 946 800 nc·
1002 743 1130 816 pretiosa
1147 744 1207 811 illa,
1222 749 1254 800 ut
1269 742 1419 813 asseritur,
1435 743 1559 814 epistola
1572 744 1602 800 in
1617 744 1741 802 concilio
1757 746 1831 803 Lati-

119 852 185 890 vam
208 834 353 908 synodum
378 832 539 891 celebrasse
569 849 627 890 ncn
652 832 775 890 videtur.
797 833 948 890 asserenti
1003 850 1108 889 norum
1129 834 1263 890 Africano
1279 832 1452 906 composita,
1470 833 1499 887 ia
1514 833 1637 890 concilio
1662 835 1827 893 Graecorum

118 923 229 979 suctum
245 922 390 977 incumbit
404 922 547 994 probatio.
1002 921 1088 994 lecta,
1114 922 1221 994 sapius
1249 921 1365 993 relecta,
1390 938 1478 993 qnam
1503 921 1692 980 Eirmilianus
1716 925 1826 993 statim,

152 1010 362 1083 21.0bjicinnt
392 1028 421 1066 rr.
441 1016 547 1066 Auctor
584 1009 713 1084 epistola
742 1009 948 1068 Firmilianiea
1003 1015 1161 1084 antequam
1177 1011 1222 1067 vel
1236 1009 1437 1083 responsorias
1452 1008 1613 1080 scripserit,
1628 1028 1688 1068 sua
1703 1014 1829 1070 manda-

117 1103 147 1157 in
163 1100 351 1158 conclusione
373 1100 472 1156 addit:
489 1122 503 1150 «
519 1100 595 1157 Bene
610 1106 637 1156 te
665 1099 762 1156 valere
787 1116 854 1156 cum
880 1099 947 1156 uui·
1001 1100 1043 1157 vit
1057 1101 1215 1170 memoria,
1233 1117 1291 1156 non
1307 1098 1473 1171 pervenerit
1492 1097 1528 1154 ad
1545 1101 1701 1171 posteros?
1715 1101 1777 1158 Non
1793 1104 1828 1159 ad

118 1190 222 1258 versis,
239 1189 288 1263 qui
305 1188 333 1243 in
350 1188 447 1245 Africa
461 1192 540 1260 sunt,
557 1188 738 1262 episcopis...
755 1187 883 1246 universi
895 1204 946 1261 op·
1002 1190 1224 1263 Hieronymum,
1240 1187 1283 1245 rel
1308 1185 1492 1244 Eusebium?
1507 1188 1569 1243 lmo
1594 1186 1660 1260 ipsa
1683 1206 1742 1245 una
1761 1207 1827 1247 enm

117 1283 228 1336 tamus.
244 1300 257 1329 a
275 1281 349 1351 Ergo
369 1278 514 1351 synodum
530 1277 694 1335 celebrarit.
1002 1278 1075 1335 selis
1091 1277 1278 1351 prefatorum
1296 1274 1487 1333 conciliorum
1516 1275 1688 1332 interierit?
1704 1279 1754 1334 sed
1770 1295 1829 1337 non

153 1368 323 1441 Respondco
335 1369 360 1424 l.
375 1366 430 1423 Sed
451 1368 586 1440 quisunt
606 1367 636 1423 hi
654 1390 667 1418 a
684 1367 824 1437 universi,
841 1389 856 1420 a
872 1383 947 1440 quos
1002 1367 1150 1424 irascatur
1166 1367 1264 1424 sm
1294 1369 1394 1423 eontra
1407 1365 1546 1437 antiquos
1561 1366 1719 1440 scriptores
1734 1367 1827 1424 eecle-

118 1461 178 1514 tam
195 1457 253 1512 cito
269 1455 479 1529 congregavit?
496 1456 538 1514 Ne
561 1456 606 1513 vel
630 1456 719 1515 unius
743 1473 866 1515 suorum
882 1472 946 1514 coe·
1002 1452 1148 1525 siastieos,
1165 1472 1291 1529 quorum
1307 1453 1436 1511 cilicium
1455 1453 1570 1524 luisset,
1588 1453 1692 1511 saltem
1708 1454 1827 1528 aliquod

117 1544 305 1617 piscopornm
318 1560 423 1600 nomen
438 1543 580 1617 Cypriane
606 1544 787 1618 perscripsit,
799 1561 894 1617 neque
904 1544 946 1600 lo·
1002 1548 1210 1617 argumentum
1226 1560 1260 1599 ex
1275 1542 1402 1616 praelatis
1414 1541 1532 1615 scriptis
1548 1557 1706 1599 asservare.
1718 1543 1827 1600 Verum

118 1649 185 1689 cum
213 1633 469 1706 congregationis;
494 1637 577 1690 estne
602 1633 648 1688 bic
675 1635 770 1705 stylus
800 1632 946 1690 scribendi
1001 1633 1170 1705 Eusebium,
1192 1631 1411 1706 Hieronymum,
1432 1635 1499 1702 etc,
1514 1630 1658 1688 babemus
1683 1630 1736 1687 hac
1751 1632 1782 1688 in
1798 1649 1829 1689 re

117 1721 256 1795 epistolas
284 1720 462 1795 synodicas?
477 1754 511 1764 -
531 1723 584 1779 Sed
616 1723 690 1779 rorte
716 1723 795 1779 dicat
820 1721 945 1794 aliquis:
1001 1721 1152 1790 innocuos,
1165 1738 1231 1778 cum
1244 1725 1272 1778 et
1283 1720 1356 1794 ipsis
1367 1717 1685 1794 anabaptistissseculo
1701 1719 1828 1778 ivetilla

116 1811 216 1868 Hiems
232 1810 412 1867 imminebat.
429 1810 598 1868 Firmiliano
608 1815 725 1885 tempus
740 1829 797 1869 non
814 1812 944 1868 suitleis-
1002 1827 1123 1867 suorum
1148 1809 1338 1867 conciliorum
1361 1813 1435 1879 acta,
1452 1809 1511 1866 imo
1535 1819 1564 1865 et
1584 1808 1704 1866 uomina
1718 1808 1828 1866 luerint

116 1899 335 1973 batepistolam
358 1904 439 1957 tanto
464 1901 580 1974 negotio
605 1904 819 1974 competentem
845 1900 943 1957 absol·
998 1900 1107 1974 ignota.
1130 1899 1236 1956 Omnia
1274 1902 1478 1954 remanserunt
1505 1898 1650 1971 impressa
1678 1897 1825 1955 memoria

115 1988 221 2056 vendi;
238 1987 360 2044 nuntius
375 1989 529 2045 Africanus
545 1989 656 2063 regredi
673 1989 840 2047 festinabat.
998 1988 1087 2046 unius
1105 1985 1406 2061 pseudo-Firmiliani.
1419 1985 1473 2054 Qui
1489 1986 1603 2060 pergit:

154 2077 351 2150 Respondco:
377 2078 452 2150 Ergo
477 2095 529 2134 neu
556 2083 673 2152 tempus
695 2078 799 2135 habuit
821 2094 943 2152 congre·
1032 2079 1078 2134 23.
1097 2077 1237 2134 «Gratias
1251 2066 1439 2149 propterhoc
1462 2075 1586 2132 Domino
1611 2075 1827 2150 maximasegi·

117 2167 203 2240 gandi
220 2167 388 2239 synodum,·
402 2170 431 2222 et
446 2183 498 2223 cur
518 2182 575 2223 non
601 2166 717 2224 distulit
741 2169 871 2225 Latinam
888 2167 943 2242 Cy·
998 2183 1065 2224 mus
1088 2167 1165 2239 quod
1186 2165 1350 2238 contigerit,
1373 2168 1406 2222 ut
1427 2164 1476 2236 qui
1501 2180 1620 2237 corpore
1643 2181 1825 2237 separamur,

118 2255 212 2328 priani
223 2254 376 2328 epistolam
400 2254 568 2311 memoriter
592 2255 754 2324 addiscere,
770 2257 861 2313 donec
879 2256 943 2329 ipse
998 2255 1102 2329 spiritu
1117 2255 1315 2312 adunemur...
1329 2257 1362 2310 ut
1376 2253 1496 2326 quasi...
1513 2253 1543 2310 in
1567 2253 1667 2310 eadem
1683 2254 1768 2312 dome
1784 2255 1827 2311 si·

117 2360 202 2401 suam
218 2343 436 2416 responsoriam
461 2343 658 2401 absolvisset?
674 2346 816 2402 Ceterum
833 2344 882 2402 ille
897 2363 941 2401 ar·
998 2341 1828 2416 mulinhabitantes,quodetdecetdieers,quiaspiritua·

118 2432 426 2504 chitectuspersonam
436 2430 572 2488 velociter
581 2432 736 2489 scribentis
746 2433 944 2505 assumpsisse
996 2433 1034 2491 lis
1055 2435 1162 2490 domus
1185 2433 1236 2490 Dei
1260 2449 1319 2489 una
1334 2437 1389 2489 eet.
1406 2430 1826 2498 Eriteniminncvissimis,ait

116 2522 306 2578 videtnridec
321 2525 363 2589 ut,
375 2520 399 2577 si
416 2538 561 2577 naevorum
574 2521 800 2579 commissorum
824 2522 942 2580 couvin-
997 2523 1134 2580 diebus...
1150 2523 1257 2580 domus
1274 2521 1322 2578 Dei
1339 2537 1429 2593 snper
1443 2520 1565 2577 vertices
1591 2520 1771 2577 montium...
1787 2524 1821 2578 Et

116 2615 240 2676 ceretur,
265 2610 380 2667 facilius
400 2611 586 2667 excusandus
611 2615 698 2667 esset.
721 2614 756 2667 V.
783 2628 810 2685 g.
832 2610 942 2669 oblitus
997 2612 1025 2668 in
1045 2610 1161 2669 Psalmo
1176 2609 1503 2683 postulaturaltcminc
1520 2608 1685 2666 inhabitare
1695 2610 1821 2668 indomc

115 2699 171 2754 suit
187 2699 292 2755 addere
303 2698 399 2755 locum
411 2699 537 2767 concilii,
550 2699 650 2755 timuit
666 2700 817 2757 nominare
831 2702 941 2773 episeo·
995 2701 1044 2756 Dei
1061 2717 1112 2773 per
1126 2715 1228 2757 omnes
1243 2699 1305 2755 dies
1320 2698 1396 2755 ritae.
1413 2703 1446 2753 st
1460 2698 1490 2754 in
1506 2696 1563 2755 sliu
1577 2697 1658 2755 loco:
1675 2699 1756 2765 Eece,
1772 2698 1820 2755 in-

113 2805 168 2862 pos
184 2788 232 2860 qui
248 2792 366 2844 asserta
382 2789 493 2862 synodo
508 2787 719 2845 interfuissent.
735 2819 771 2832 -
786 2789 825 2845 th
840 2805 873 2846 cc
889 2789 939 2862 qui
994 2789 1068 2861 quit,
1084 2805 1174 2862 quam
1190 2789 1300 2845 bonum
1320 2791 1349 2844 et
1373 2786 1542 2858 voluptibile
1568 2792 1622 2857 est,
1635 2790 1668 2843 ut
1689 2786 1822 2844 habitent

114 2876 221 2949 raptim
238 2877 341 2933 scribit
356 2877 431 2950 exigi
449 2877 551 2950 nequit
565 2881 597 2934 ut
614 2877 686 2934 tales
700 2878 939 2936 circumstantias
993 2875 1098 2932 iratres
1114 2875 1144 2932 iu
1160 2891 1287 2932 unum...
1302 2875 1399 2933 Sedet
1413 2873 1524 2947 angelis
1539 2873 1716 2948 voluptatem
1732 2875 1823 2930 maxi·

112 2967 221 3022 reterre
232 2967 345 3023 debeat.
362 2966 415 3022 Sed
430 2970 528 3022 tamen
553 2982 606 3039 ego
630 2966 680 3022 uni
695 2967 846 3024 asserenti.
863 2990 877 3017 a
893 2984 936 3024 re·
993 2980 1071 3021 mam
1087 2969 1224 3039 praestat:
1236 2964 1451 3038 quibusssrmc
1466 2961 1583 3020 divinus
1601 2978 1667 3021 esse
1680 2963 1822 3038 gaudium

111 3053 338 3126 baptizationem
354 3053 445 3112 fuisse
459 3053 529 3111 olim
545 3055 575 3111 in
597 3054 720 3113 coneilio
743 3054 904 3128 delinitam,
920 3079 934 3107 a
991 3053 1021 3109 in
1037 3070 1096 3111 uno
1110 3057 1261 3126 peccatore
1271 3052 1472 3127 paenitentiam
1488 3056 1594 3126 agente
1608 3056 1637 3109 et
1651 3053 1687 3109 ad
1700 3051 1822 3110 unitatis

113 3160 171 3201 non
196 3146 312 3200 credam
329 3144 387 3201 nisi
414 3144 503 3202 simul
525 3145 641 3204 edicat:
669 3165 680 3195 ι
698 3145 759 3218 ubi,
776 3146 937 3219 quaudo,a
989 3143 1140 3200 vinculum
1156 3145 1339 3201 revertente..
1355 3163 1370 3192 a

113 3232 223 3306 quibus
241 3255 251 3282 ι
270 3233 358 3289 luerit
371 3231 562 3290 celebratum.
953 3217 975 3285 C
1029 3233 1052 3288 l.
1068 3233 1175 3288 Veram
1192 3235 1246 3299 est,
1263 3232 1314 3288 SS.
1331 3229 1520 3286 l'irmilianus
1536 3234 1565 3287 et
1582 3231 1744 3304 Cyprianus
1759 3247 1821 3288 cur-

148 3322 391 3394 22.Snpponitur
417 3339 497 3396 orgo,
528 3324 605 3395 quod
635 3326 664 3381 S.
681 3324 843 3397 Cyprianus
872 3342 939 3382 cum
993 3337 1064 3394 pore
1078 3319 1820 3394 maximsseparabantur,siquidemS.Cyprianus

113 3410 258 3468 universis
270 3410 373 3468 africa
384 3411 528 3484 episcopis
541 3411 653 3469 litteras
668 3414 865 3486 composuerit
879 3413 939 3487 ple·
993 3410 1168 3484 Carthagine
1182 3427 1213 3467 an
1227 3409 1333 3482 Africa,
1354 3409 1404 3465 ubi
1429 3426 1508 3466 nune
1533 3410 1691 3482 Tunetnm,
1706 3409 1819 3482 opisco-

114 3501 238 3558 nissime
253 3502 421 3574 probantes,
436 3523 450 3552 a
467 3500 648 3574 baptismum
664 3501 701 3558 ab
721 3502 864 3559 haereticis
879 3503 938 3559 col·
993 3516 1049 3572 pus
1064 3504 1136 3570 erat,
1152 3505 1181 3557 et
1194 3499 1223 3556 S.
1237 3497 1425 3556 Eirmilianus
1440 3497 1470 3555 in
1489 3497 1559 3556 Asia
1584 3499 1687 3572 mederi
1704 3498 1820 3556 habita-

114 3590 207 3646 latum
224 3607 281 3647 non
297 3590 391 3647 ualere
405 3615 412 3659 ;
428 3613 444 3642 »
459 3590 536 3662 quod
551 3591 605 3647 has
624 3590 735 3647 litteras
751 3590 939 3650 Eirmilianus
992 3587 1051 3658 bat,
1069 3588 1224 3662 spiscopus
1244 3588 1379 3645 Caesarea
1398 3588 1428 3644 in
1452 3587 1723 3663 Cappadociaque
1740 3589 1818 3663 regio

113 3695 182 3735 eum
200 3678 262 3736 suis
277 3679 422 3735 universis
437 3678 512 3735 tanti
528 3678 636 3752 iecerit,
651 3684 684 3736 ut
701 3697 751 3737 eas
766 3679 843 3752 (licet
859 3680 937 3739 idem
992 3677 1107 3749 adjacet
1125 3677 1277 3749 Armenia,
1293 3676 1440 3735 ueletiam
1464 3677 1555 3752 hujus
1579 3695 1647 3753 pars
1666 3683 1818 3752 reputatur

113 3769 349 3841 pseudo-dogma
364 3767 394 3824 in
410 3785 463 3824 sua
478 3771 506 3824 et
520 3768 623 3825 vicinis
638 3768 794 3842 prouinciis
805 3771 867 3840 jam
879 3769 937 3844 prl-
992 3766 1028 3823 ab
1039 3766 1181 3841 aliisffl).

112 3857 180 3913 dem
212 3856 364 3912 delinitum
381 3855 487 3928 luerat)
501 3859 610 3913 attente
625 3863 654 3913 et
667 3856 774 3930 sepius
791 3857 937 3932 relegerit,
1026 3856 1080 3913 Sed
1095 3872 1132 3913 an
1147 3855 1283 3929 scriptori
1300 3856 1447 3915 catholico
1470 3855 1561 3914 videri
1586 3857 1730 3930 potuisset
1746 3857 1816 3929 quid

112 3949 142 4001 et
157 3945 305 4002 memoriae
328 3944 518 4013 mandauerit,
535 3947 703 4003 memoriter
722 3947 874 4004 addiscere
888 3963 937 4004 uo·
991 3943 1140 4019 singulare
1158 3943 1203 4002 vel
1218 3945 1493 4014 extraordinarium,
1514 3945 1591 4020 quod
1617 3945 1769 4019 contigerit
1785 3953 1818 4002 ut

111 4033 209 4091 luerit.
225 4034 344 4090 Videtur
359 4050 427 4107 ergo
452 4034 768 4106 pseudo-Firmilianus
782 4035 937 4109 epistolam
991 4034 1048 4091 duo
1064 4033 1092 4090 in
1109 4035 1210 4090 eodem
1231 4034 1362 4091 ltomano
1381 4033 1504 4108 imperio
1517 4033 1658 4108 episcopi,
1675 4033 1725 4107 qui
1753 4051 1815 4091 eor·

112 4123 248 4196 Cypriani
262 4123 391 4179 Latinam
408 4122 501 4197 pluris
516 4123 630 4192 fecisse,
645 4141 734 4198 quam
758 4129 864 4182 cuneta
882 4125 937 4183 bac
989 4142 1060 4200 pore
1070 4127 1253 4197 separantur,
1266 4123 1370 4197 spiritu
1382 4122 1605 4182 adunenturlln
1616 4141 1672 4196 quo
1683 4123 1817 4181 consistit

112 4229 202 4286 super
215 4229 245 4270 re
258 4229 275 4269 a
290 4212 397 4270 Grauis
413 4211 559 4270 celebrata
573 4214 648 4271 Asia
663 4213 804 4286 concilia;
818 4214 847 4272 id
858 4214 935 4272 enim
990 4214 1041 4271 illa
1056 4212 1250 4288 depraedicata
1264 4211 1449 4282 coadunatio,
1462 4212 1499 4270 cb
1515 4228 1616 4285 quam,
1626 4215 1659 4268 ut
1677 4229 1707 4269 n.
1723 4213 1759 4268 26
1773 4213 1814 4269 ri·

113 4388 187 4445 obiit
197 4388 252 4445 sub
267 4388 414 4461 Stephano
430 4406 522 4462 papa;
538 4390 610 4447 dum
624 4391 747 4461 virebat,
765 4391 936 4448 consuleba·
990 4391 1100 4449 siarum
1111 4390 1270 4449 iconiensis
1285 4407 1301 4448 e
1315 4389 1491 4465 Synadensis
1506 4394 1705 4458 recensentur,
1721 4407 1738 4446 a
1752 4390 1812 4446 dis-

114 4465 164 4516 tur
177 4461 206 4516 in
223 4461 403 4532 quibuslibet
418 4463 622 4520 controversiis
641 4481 659 4521 a
679 4462 792 4520 dissitis
807 4479 888 4536 aque
903 4479 936 4520 ae
990 4463 1099 4537 ciplina
1113 4463 1281 4528 laudantur,
1298 4462 1392 4520 saneti
1407 4465 1545 4518 vocantur
1559 4466 1588 4519 et
1602 4461 1679 4518 beati
1696 4462 1810 4530 iratres,

114 4531 250 4589 aricinis
265 4532 420 4605 episcopis,
438 4533 563 4591 maxime
578 4551 596 4591 a
609 4535 788 4591 Eirmiliano.
806 4534 837 4591 ln
855 4534 935 4592 volu·
990 4544 1036 4593 ast
1049 4536 1085 4592 de
1100 4533 1231 4592 concillis
1241 4534 1350 4591 ibidem
1367 4533 1521 4591 celebretis
1541 4532 1633 4589 altum
1658 4534 1810 4591 silentium

115 4603 247 4659 minibus
271 4621 335 4677 quae
351 4604 490 4677 Origenes
514 4605 631 4676 reliquit
661 4605 799 4678 plurima,
821 4606 934 4663 nullum
950 4592 974 4658 D
989 4612 1042 4664 cst.
1060 4607 1101 4662 Ex
1116 4606 1162 4661 his
1173 4606 1308 4675 conjicio,
1320 4604 1370 4661 illa
1384 4605 1508 4662 eoncilia
1522 4621 1586 4662 esse
1598 4605 1708 4662 fictitia.

114 4676 242 4731 occurrit
252 4676 399 4742 judicium
415 4677 451 4733 de
464 4674 524 4733 iliis
547 4677 620 4732 Asiae
644 4677 785 4744 conciliis,
801 4683 853 4734 aut
865 4695 935 4751 prae·
1024 4679 1080 4748 (ll)
1094 4677 1236 4735 Videatur
1250 4677 1415 4749 calepinus,
1431 4677 1605 4734 sceleribus
1628 4677 1741 4733 Plinius
1766 4691 1810 4733 se·

113 4747 174 4802 lata
189 4747 446 4819 anabaptistarurn
458 4749 662 4805 controversia.
674 4749 817 4806 Eusebius
832 4765 935 4806 omncs
989 4750 1121 4808 candus:
1139 4752 1267 4805 Cesarea
1286 4748 1325 4805 Ca
1347 4749 1473 4821 padccia
1488 4748 1557 4806 olim
1583 4749 1734 4805 dicebatur
1752 4751 1811 4803 Ma·

112 4817 245 4888 Origenis
260 4817 351 4875 libros
376 4819 502 4892 legerat;
520 4819 658 4876 illaesis
681 4819 804 4877 coucilia
819 4821 934 4894 ignora·
989 4838 1066 4878 zaua.
1078 4821 1131 4876 Via
1155 4818 1302 4876 ordinaria
1325 4767 1501 4893 Carthagine
1519 4825 1678 4877 cesaream
1696 4819 1811 4875 institui

110 4890 164 4959 vit,
186 4906 249 4961 quae
274 4890 339 4946 l.v1
364 4892 470 4948 reterre
494 4892 653 4948 debuisset.
680 4893 789 4949 ibidem
814 4893 936 4949 mentic-
989 4893 1129 4950 debuerat
1144 4909 1193 4963 per
1218 4907 1299 4948 mare
1319 4892 1562 4949 Mediterraneum
1590 4906 1693 4948 uersus
1718 4888 1811 4962 Ephe-

111 4976 180 5016 ncm
196 4961 274 5032 lacit,
291 4963 368 5032 quod
385 4963 462 5019 cirea
477 4980 587 5019 annum
601 4965 654 5019 238
665 4963 806 5038 beryllus,
822 4965 934 5037 opisco·
990 4981 1077 5032 sum3
1093 4964 1232 5020 distantia
1245 4964 1323 5020 inter
1337 4964 1358 5020 E
1380 4964 1483 5021 besum
1499 4968 1527 5020 et
1539 4963 1742 5032 Carthaginem
1753 4961 1810 5018 erit

110 5048 169 5105 pus
185 5032 349 5090 Bostrensis
366 5034 394 5088 in
419 5034 526 5091 Arabia
542 5035 704 5102 haereticus,
721 5038 757 5091 ab
768 5035 890 5109 Origene
906 5035 936 5091 in
991 5036 1104 5092 circiter
1131 5035 1244 5101 eadem,
1274 5052 1337 5107 qua
1360 4982 1573 5092 Eumsminter
1599 5040 1628 5090 et
1653 5033 1811 5106 Ephesum.

108 5103 234 5160 concilio
249 5103 443 5178 plurimorum
465 5105 666 5180 episcoporum
693 5106 780 5163 luerit
795 5108 936 5164 reduetus
991 5111 1048 5164 lter
1062 5107 1196 5179 pedestre
1216 5106 1330 5180 Epheso
1354 5123 1456 5164 versus
1479 5107 1636 5172 Mazacam,
1650 5121 1701 5161 sen
1718 5104 1812 5160 Cesa-

110 5176 148 5232 ad
166 5175 254 5232 fidem
268 5175 441 5234 catholicam
456 5195 462 5244 ;
480 5183 535 5245 ast,
551 5177 629 5252 quod
642 5180 671 5234 et
686 5177 704 5233 ii
726 5179 775 5248 qui
791 5177 937 5251 a'Beryllo
992 5195 1082 5249 ream,
1105 5184 1179 5235 teste
1203 5178 1355 5249 Strabone,
1381 5178 1400 5234 l.
1420 5195 1477 5250 ιιιιι,
1504 5181 1574 5236 sunt
1610 5176 1682 5232 3820
1706 5175 1813 5241 stadia,

110 5249 227 5302 lucrant
242 5248 379 5321 baptizati
395 5249 548 5305 debuerint
565 5248 747 5323 rebaptizari,
760 5249 868 5306 nemini
884 5267 937 5323 pro
992 5264 1060 5325 ergo
1076 5251 1128 5306 475
1143 5249 1277 5306 milliaria
1305 5251 1443 5318 Romana,
1458 5247 1502 5306 uel
1521 5248 1557 5332 lsi
1571 5249 1589 5303 5
1604 5246 1741 5304 milliaria
1757 5248 1812 5304 llo-

109 5325 183 5374 tune
199 5319 229 5375 in
255 5324 384 5376 mentem
406 5321 521 5377 uenisse
545 5325 625 5394 patet
648 5337 681 5376 ea
703 5320 838 5388 Eusebio,
852 5320 872 5388 l,
886 5339 937 5384 vn.
993 5339 1081 5379 mana
1096 5322 1344 5392 computenturad
1356 5338 1448 5378 unum
1460 5319 1813 5389 millrnrcCermanieum)

111 5388 163 5445 utri
179 5391 286 5446 asserit
301 5391 378 5464 quod
396 5392 583 5465 rebaptizatio
600 5391 726 5464 primurn
748 5410 789 5449 coe
811 5393 865 5449 erit
882 5393 938 5450 sub
992 5395 1028 5449 95
1042 5392 1179 5449 milliaria
1193 5392 1376 5461 Germanica,
1388 5409 1512 5466 quorum
1528 5392 1564 5449 45
1576 5391 1729 5448 alliciuntt
1747 5407 1812 5464 gra·

109 5461 329 5534 stephanone
357 5463 436 5545 illius
460 5465 562 5591 sgnodi
591 5468 691 5519 contra
720 5409 865 5590 Berpslum
895 5481 940 5521 ee·
993 5466 1125 5522 dum.-
1149 5463 1291 5547 ltingham
1316 5481 1344 5532 v,
1369 5467 1386 5521 3
1407 5466 1516 5536 Autipp.
1541 5463 1638 5546 Scelus.
1663 5462 1811 5546 Cartbagi-

112 5537 241 5604 acta,et
265 5539 442 5606 questiones
495 5533 601 5607 rigenis
625 5537 726 5591 eontra
754 5534 835 5592 ilum
855 5541 939 5592 mota
994 5553 1060 5594 nem
1076 5535 1225 5593 collocarat
1240 5535 1269 5592 in
1285 5534 1633 5619 graduffilcngitudrms
1652 5534 1810 5592 et‘dtrlatr·

114 5605 213 5662 adbuc
225 5607 377 5662 exstabant
401 5611 532 5678 tempore
556 5606 671 5662 Eusebii
696 5606 744 5679 qui
760 5607 901 5670 rideatur.
917 5607 937 5664 l.
993 5608 1115 5674 tudinis,
1131 5609 1291 5665 Casnreom
1307 5625 1335 5662 m
1347 5608 1447 5682 gradu
1469 5610 1506 5664 68
1525 5605 1628 5738 longit,
1643 5611 1673 5664 et
1685 5607 1720 5664 30
1736 5605 1808 5665 latit.

115 5694 158 5750 v1,
173 5693 198 5736 o.
215 5677 260 5748 33,
276 5681 304 5738 et
323 5694 348 5738 e.
363 5679 408 5739 20.
423 5679 508 5753 apua
523 5678 681 5740 Eusebium
705 5679 834 5754 episcopi
849 5679 939 5740 eccle·
994 5680 1110 5741 Distaut
1122 5697 1191 5755 ergo
1204 5680 1223 5739 5
1236 5680 1377 5756 gradibus
1392 5679 1465 5739 latit.
1482 5686 1511 5738 et
1525 5680 1559 5737 32
1585 5678 1675 5753 angit.
