3892 6104
842 300 1116 364 nissaaut'rto.

882 433 1013 498 CAPUT
1035 435 1087 498 Vl.

861 534 905 594 De
938 532 1003 594 Deo
1038 550 1114 594 uno.

339 640 541 698 ARTICULUS
570 639 716 702 PRIMUS.

958 637 1030 705 Aet
1044 637 1177 711 quasdam
1193 637 1281 695 verba
1296 636 1431 710 quamvis
1452 652 1488 694 ex
1502 636 1618 694 duobus
1647 637 1712 708 ejus
1741 636 1824 695 libris

120 731 309 788 &ominetur
332 733 601 801 argumentumque
629 728 754 785 Octavius
778 727 947 784 chalcetum
1000 730 1145 801 excerpta,
1166 726 1245 783 huuc
1272 725 1388 783 exhibet
1419 727 1450 783 in
1476 727 1647 784 modum·
1677 727 1823 800 Principio

169 805 303 857 cetorum
327 803 442 857 llcmci
456 804 482 857 et
505 801 625 870 Vircilii,
640 798 865 872 philosophorum
877 798 945 854 Tho·

191 875 229 942 is,
256 873 448 928 ludcimecia.
460 873 590 943 Diogenis
613 871 806 944 Apolloniatis,
835 872 945 926 lucsc-

150 959 242 1015 corae,
270 945 436 1016 Pyttcccre
463 947 489 999 at
503 943 683 1014 Xenophonte
710 942 843 999 auctorite
857 957 945 998 unum

149 1017 293 1072 comaco
309 1017 396 1073 Bam
405 1030 462 1072 esse
476 1015 604 1071 ostendit.

149 1122 408 1191 Quemadmodum
421 1120 568 1177 Minucius
581 1119 774 1177 validissimis
794 1118 941 1176 rationum

119 1210 277 1268 momentis
292 1226 326 1267 ec
340 1209 491 1267 communi
505 1209 638 1266 omnium
665 1207 842 1282 populorum
872 1223 941 1263 con·

119 1315 203 1357 seusu
217 1299 404 1356 demonstrat
418 1298 511 1355 Deum
526 1314 626 1355 revera
640 1296 777 1364 existere,
791 1296 834 1353 ita
851 1295 939 1353 ctiam

120 1387 198 1445 illum
214 1387 304 1462 plana
318 1386 439 1444 unicum
455 1402 530 1455 ease,
544 1386 739 1461 ipsorummet
753 1385 938 1443 ethnicorum

120 1491 180 1535 mm
203 1481 358 1551 poetarum
387 1481 450 1533 tum
492 1476 734 1550 philosophorum
771 1473 939 1532 testimonio

120 1566 279 1624 luculenter
292 1565 430 1624 ostendit.
446 1566 470 1622 Α
488 1565 581 1638 poetis
604 1569 703 1621 autem
732 1563 775 1620 sic
803 1563 936 1621 orditur:

123 1656 248 1727 eladio,
266 1678 281 1706 s
322 1655 428 1728 inquit,
458 1658 558 1727 poclm
597 1669 715 1727 quoque
758 1669 852 1710 unum
886 1667 938 1723 pa·

122 1748 187 1801 tram
203 1743 307 1800 divum
323 1747 411 1817 atque
425 1742 579 1800 hominum
595 1742 798 1816 predicantes,
809 1739 937 1798 attalem

122 1849 175 1891 esse
189 1832 363 1890 mortalium
379 1836 520 1901 mentem,
537 1830 654 1905 qualem
667 1847 775 1904 parans
803 1830 936 1887 omnium

123 1921 228 1980 dixerit.
242 1942 259 1974 a

999 814 1105 872 coelum
1121 819 1150 872 et
1165 819 1269 882 terras,
1280 815 1534 873 etcetcramundi
1545 817 1688 883 membre,
1700 816 1822 889 spiritus

998 902 1078 962 intus
1094 903 1155 973 alit,
1171 907 1200 960 et
1213 904 1311 963 inlusa
1335 919 1418 962 mens
1437 904 1546 977 agitat;
1571 903 1638 961 inde
1665 903 1820 961 hominum

997 992 1203 1065 pecudumque
1217 995 1352 1066 genuszst
1362 991 1507 1065 quidquid
1518 991 1598 1049 aliud
1610 992 1793 1050 animalium.
1806 1016 1820 1044 s

996 1078 1077 1139 Idem
1093 1080 1149 1138 alio
1165 1079 1228 1138 loeo
1244 1084 1371 1138 mentem
1386 1080 1473 1138 istam
1489 1081 1664 1155 etspiritum
1676 1082 1819 1140 nominat.

995 1171 1062 1225 Hec
1088 1170 1166 1227 enim
1192 1171 1257 1242 ejus
1285 1172 1403 1226 euntzs
1435 1173 1527 1225 Deum
1555 1185 1683 1242 namque
1706 1169 1748 1227 ire
1769 1187 1821 1244 per

995 1273 1098 1316 omnes
1132 1262 1284 1332 terrasque
1315 1261 1487 1330 tractusque
1522 1257 1624 1328 marie,
1653 1257 1820 1332 celumque

993 1346 1195 1418 profundum:
1226 1347 1303 1403 unde
1346 1344 1480 1403 homines
1509 1350 1538 1402 et
1573 1346 1712 1420 pecudes,
1742 1347 1821 1404 unde

992 1429 1089 1490 imber
1102 1434 1232 1507 etignes.
1243 1455 1258 1487 >r
1274 1434 1338 1492 Non
1352 1433 1442 1507 igitur
1467 1433 1581 1493 inutilis
1605 1434 1725 1492 omnino
1753 1435 1820 1507 qui·

993 1522 1119 1580 busdam
1133 1539 1226 1595 opera
1241 1523 1368 1595 pretium
1384 1521 1439 1580 crit
1464 1522 1593 1597 integros
1620 1540 1722 1580 versus
1750 1522 1828 1582 illos

992 1610 1165 1683 describere,
1194 1616 1223 1668 et
1247 1611 1376 1669 indicare
1401 1611 1452 1669 ubi
1480 1611 1672 1684 reperiantur.
1701 1613 1817 1671 Priores

992 1704 1090 1757 autem
1106 1699 1136 1756 in
1150 1702 1230 1757 sexto
1245 1700 1382 1757 AEneidcs
1396 1699 1464 1757 iibri
1477 1700 1519 1757 sic
1537 1699 1694 1774 leguntur:

1022 1824 1155 1890 Principio
1169 1824 1276 1885 coelnm,
1290 1827 1384 1884 terras,
1399 1837 1456 1874 cam
1476 1838 1560 1888 osque
1575 1824 1717 1890 liquentes,

1022 1888 1220 1950 Lucaniamque
1234 1887 1342 1952 globum
1358 1886 1439 1947 inne,
1475 1887 1609 1952 'unisque
1637 1891 1720 1949 astra,

1022 1949 1136 2010 Spiritus
1149 1950 1223 1999 iulus
1239 1949 1286 1999 alit
1296 1965 1303 2011 ς
1315 1952 1451 2013 totamque
1465 1949 1555 1999 inlusa
1569 1963 1618 2015 par
1631 1953 1704 2000 artus

147 2011 253 2068 Utrum
269 2027 336 2069 veru
351 2010 441 2068 unius
456 2013 545 2082 posta
571 2010 662 2067 Greci
691 2007 736 2066 vel
764 2007 870 2078 Latini,
900 2010 978 2077 anB
1023 2011 1314 2075 lieusagitatmclem,
1328 2015 1463 2074 almagno
1477 2023 1506 2062 ae
1520 2012 1741 2075 corporemiacet

123 2098 241 2173 durium
256 2098 319 2156 sint
334 2098 396 2155 hec
410 2099 507 2169 verba,
525 2114 542 2153 a
566 2096 651 2153 nohis
678 2097 802 2152 tortasse
825 2094 935 2168 aliquis

123 2189 250 2263 aquirat.
267 2188 304 2244 at
329 2187 359 2244 in
387 2187 445 2244 fine
474 2186 635 2260 superioris
660 2184 777 2242 articuli
804 2184 935 2241 vidimus

121 2276 219 2350 luem,
247 2292 337 2349 quem
353 2291 455 2334 omnes
482 2275 628 2342 invocant,
657 2273 694 2331 ab
732 2273 825 2331 linnic
849 2277 936 2347 pcata

122 2365 203 2423 ucari
219 2388 235 2417 a
246 2369 364 2422 ¹>atram
379 2363 539 2436 divumque
559 2363 784 2436 hominumque.
802 2385 814 2413 ι
835 2362 935 2420 Cicero

123 2459 207 2512 utem
222 2454 266 2511 ihi
280 2453 405 2512 Balbum
419 2452 549 2511 Stoicum
563 2453 678 2510 inducit
691 2451 753 2510 bec
766 2452 831 2525 ipsa
844 2451 934 2509 verba

123 2544 261 2613 citantem,
283 2544 393 2618 quibus
413 2541 661 2617 prestantissima
684 2541 792 2599 mentia
819 2540 933 2598 Numen

125 2633 231 2690 cistere
245 2632 410 2690 confirmat.
425 2633 577 2689 'laetatum
592 2636 732 2706 praterea
750 2630 934 2704 Augustinus

126 2722 181 2778 lecit
191 2722 330 2779 eumdem
346 2722 514 2779 Ciceronem
526 2720 728 2795 (Augustlih.
743 2736 772 2789 v,
788 2720 825 2777 de
839 2719 931 2776 Cccst..

127 2827 176 2884 cap.
186 2812 214 2878 8,
228 2829 259 2884 p.
274 2812 346 2879 121),
363 2811 415 2867 ubi
427 2812 559 2883 probata
572 2809 800 2867 Stcilcislovem
812 2831 827 2861 «
844 2824 931 2881 quem

127 2914 262 2957 nmmum
289 2900 384 2957 Deum
421 2922 437 2950 »
474 2900 627 2972 putabant,
684 2896 836 2972 appellari,
877 2896 932 2954 hos

126 2989 215 3047 dunas
228 2989 349 3047 Homeri
363 3005 476 3059 versus,
490 2988 589 3062 sicque
603 2988 633 3045 in
659 2987 781 3045 latinam
810 2985 933 3043 vertisse

125 3075 260 3152 ingram:

142 3183 199 3235 'lale
212 3186 277 3235 aunt
293 3182 435 3235 hominum
450 3186 554 3234 mentes
567 3182 639 3248 quali
654 3184 731 3246 pater
749 3183 806 3247 ipae

147 3248 189 3299 m
199 3247 308 3312 Jupiter
323 3246 464 3299 auctiferas
478 3247 602 3297 lustravit
615 3246 715 3297 iumine
727 3250 822 3297 terras.

123 3340 261 3402 danim
290 3361 393 3402 versus
407 3344 485 3417 apud
514 3343 675 3418 ipsummet
700 3346 860 3400 Homerum
888 3341 930 3399 alc

122 3429 198 3490 traca
211 3433 392 3490 exhibentur
405 3449 412 3489 :

170 3543 254 3601 'l'oicc
267 3536 320 3615 γὰρ
335 3536 399 3600 νόος
413 3536 483 3592 ἐστὶν
500 3533 668 3630 ἐπιχθονίων
685 3534 845 3613 ἀνθρώπων,

174 3610 237 3666 otoo
253 3608 295 3666 ἐπ’
308 3609 385 3685 ἦμαρ
400 3606 482 3679 iisque
496 3628 586 3684 πατηρ
601 3605 705 3685 ἀνδρῶν
716 3628 748 3663 τε
762 3609 828 3663 θεῶν
839 3627 879 3664 τε.

300 3699 623 3772 (lium.,0dpaa.1vru,
645 3715 673 3756 v.
699 3698 773 3771 135.)

118 3801 180 3869 itte
192 3805 318 3864 Latinus
332 3805 477 3879 interpres
492 3805 534 3862 sic
554 3804 701 3862 reddidit:

117 3910 177 3971 ielis
186 3914 263 3970 emm
277 3929 356 3968 mens
371 3916 411 3968 est
425 3912 599 3968 unedricus
625 3909 769 3967 leomianus

116 3980 214 4052 duem
228 3984 355 4057 quotidie
367 3982 531 4055 ducilpatcr
545 3981 739 4054 hominumque
753 3980 927 4053 deorumque.

140 4106 253 4165 Scimus
268 4107 389 4180 quidem
405 4124 423 4163 a
438 4107 589 4164 Lactantio
608 4106 762 4173 traditum,
788 4103 863 4161 nihil
889 4103 928 4160 ab

112 4192 224 4255 Εοωκο
237 4196 304 4253 dari
318 4195 450 4268 putuisse
464 4195 540 4268 quod
557 4194 698 4268 pertineat
708 4195 745 4251 ad
757 4193 926 4261 veritatem

112 4282 208 4358 qnippe
221 4285 274 4359 qui
289 4283 421 4341 humana
439 4284 539 4358 potina
561 4300 651 4357 quam
678 4282 779 4340 divina
803 4281 929 4340 conscri-

114 4371 364 4446 pseritlhactsnt..
381 4371 432 4429 lib.
449 4375 565 4431 rinstit.
592 4373 692 4440 diois..
709 4389 773 4444 cap.
801 4372 830 4438 5,
859 4386 925 4445 pag.

114 4457 167 4530 2l).
180 4462 282 4519 Veram
299 4461 586 4535 praeterquamquod
601 4461 698 4519 Cicero
713 4460 773 4517 hec
796 4459 928 4516 carmina

1024 2072 1426 2138 indehominumpacndumqus
1441 2074 1813 2138 genus,vitoequev01antum,

1020 2136 1052 2186 Et
1065 2149 1126 2201 qua
1138 2149 1287 2186 marmoreo
1303 2135 1355 2185 lert
1368 2139 1490 2185 monstra
1504 2135 1554 2185 suh
1574 2149 1682 2200 aequore
1704 2141 1814 2201 pontus.

1097 2198 1211 2264 (virgil,
1226 2197 1340 2258 AEnsid,
1356 2198 1376 2248 l.
1392 2211 1427 2258 rr,
1444 2211 1469 2248 c.
1484 2199 1531 2248 111)
1544 2201 1573 2249 et
1586 2202 1673 2263 seqq.)

988 2312 1167 2372 Posteriores
1180 2330 1247 2371 vero
1262 2312 1292 2369 in
1309 2311 1517 2387 Georgicorum
1536 2310 1611 2371 libro
1642 2317 1746 2388 quarto
1772 2314 1815 2372 sic

989 2399 1136 2460 habentur
1149 2418 1157 2461 τ

1235 2509 1320 2559 Deum
1335 2521 1453 2573 namque
1466 2508 1504 2559 irs
1519 2522 1569 2572 per
1583 2521 1677 2560 omncs

1016 2571 1165 2636 lanaeque
1179 2572 1333 2635 tractusque
1363 2571 1445 2621 maria
1459 2571 1611 2636 coelumque
1638 2571 1810 2635 protundum,

1018 2634 1086 2684 Hinc
1097 2633 1223 2692 pecudes,
1239 2637 1368 2693 armenta,
1383 2634 1465 2692 viros,
1480 2646 1566 2698 genus
1577 2647 1657 2684 omne
1680 2635 1808 2698 terarum,

1017 2695 1153 2761 Quemque
1168 2696 1219 2746 sihi
1233 2699 1328 2746 uncas
1343 2699 1500 2747 nmcantem
1515 2709 1651 2748 arcessere
1667 2697 1746 2749 vitas.

1141 2757 1235 2822 (idem,
1251 2759 1271 2808 1.
1287 2770 1312 2810 rr
1327 2756 1454 2822 θεωρία,
1470 2772 1495 2808 v.
1512 2761 1557 2810 22⁰
1572 2760 1601 2810 et
1614 2759 1702 2824 seqq.)

986 2871 1018 2929 ln
1034 2871 1088 2929 hos
1102 2875 1212 2939 autem,
1227 2887 1261 2930 ac
1274 2869 1464 2944 potissimum
1472 2871 1584 2943 priores
1594 2888 1696 2929 versus
1707 2873 1805 2948 legen·

986 2961 1030 3018 dae
1044 2966 1112 3019 sunt
1126 2960 1217 3018 Servii
1231 2957 1458 3017 ohservationes.
1475 2958 1578 3017 Plures
1591 2959 1665 3018 alios
1679 2976 1712 3018 ac
1735 2977 1806 3035 prce·

985 3051 1070 3123 cipue
1084 3048 1198 3106 Grecos
1213 3053 1325 3122 poetae,
1341 3048 1377 3105 de
1402 3048 1521 3120 quibus,
1551 3049 1701 3120 superiore
1726 3052 1807 3109 tomo

984 3138 1109 3213 egonus,
1125 3136 1270 3197 Minucius
1284 3136 1373 3193 citare
1388 3140 1501 3208 poterat
1528 3135 1611 3210 (tom.
1628 3136 1640 3194 l
1661 3140 1804 3211 Apparet,

985 3243 1052 3302 pag.
1065 3228 1149 3298 seh:
1164 3226 1216 3283 sed
1230 3224 1301 3299 quia
1311 3223 1529 3291 Homerum,uti
1538 3226 1806 3299 apparst‚cmnium

985 3317 1152 3374 Greccrnm
1171 3317 1333 3388 poetarum.
1361 3313 1510 3370 Maronem
1538 3329 1607 3371 varo
1635 3313 1805 3373 Latinorum

985 3403 1171 3477 corypheum
1186 3418 1221 3458 ac
1234 3401 1397 3475 principem
1412 3401 1504 3460 luisse
1514 3417 1600 3459 nemo
1611 3419 1669 3459 non
1685 3401 1805 3472 latetur,

982 3491 1091 3549 idcirco
1119 3490 1225 3547 borum
1255 3488 1425 3547 testimonia
1458 3489 1494 3545 ad
1529 3488 1707 3562 precipuum
1733 3489 1806 3548 illud

982 3578 1153 3637 Christiane
1164 3577 1315 3651 religionis
1329 3579 1406 3636 m
1419 3578 1528 3652 dogma
1536 3578 1724 3652 probandum
1734 3579 1807 3637 satis

983 3684 1130 3744 superque
1143 3683 1208 3726 csse
1223 3666 1410 3725 existimavit.

1017 3758 1062 3814 ad
1077 3757 1251 3815 celebriores
1267 3756 1365 3831 itaque
1378 3753 1570 3830 philosophos
1591 3756 1708 3827 transit,
1738 3774 1805 3831 prc-

981 3847 1090 3920 batque
1105 3863 1155 3904 eos
1169 3845 1201 3902 in
1216 3844 1362 3918 eamdem,
1378 3844 1433 3902 etsi
1448 3860 1507 3901 non
1521 3843 1628 3902 iisdem
1643 3846 1752 3911 verbis,
1773 3862 1804 3903 re

981 3940 1080 3994 umen
1103 3950 1173 3992 vers
1187 3933 1384 4008 conspirasse
1413 3932 1600 3990 sententiam.
1632 3936 1654 3988 Α
1682 3931 1803 3990 Thalete

981 4029 1079 4082 autem
1093 4022 1209 4081 dicendi
1224 4023 1266 4080 sic
1281 4022 1350 4080 lacit
1362 4021 1498 4090 initium3
1512 4043 1526 4074 c
1540 4020 1647 4079 Thales
1660 4020 1801 4091 Milesius,

981 4113 1032 4188 qui
1046 4111 1128 4185 prius
1142 4109 1276 4168 omnium
1287 4111 1322 4168 de
1337 4109 1505 4168 celestibus
1520 4110 1692 4183 disputavit,
1703 4125 1802 4167 rernm

981 4198 1097 4257 initium
1114 4214 1232 4272 aquam,
1247 4219 1262 4250 s
1280 4201 1313 4254 ut
1326 4197 1398 4255 alibi
1414 4197 1552 4264 vidimus,
1564 4219 1579 4249 c
1604 4197 1686 4264 dixit,
1709 4197 1802 4255 Deum

980 4293 1079 4346 autem
1094 4303 1159 4344 eam
1171 4291 1299 4344 mentm
1315 4303 1379 4360 qne
1392 4303 1427 4344 ex
1442 4302 1520 4358 aqua
1534 4293 1639 4342 cuncta
1660 4286 1803 4343 formave·

980 4376 1020 4434 rit
1035 4398 1051 4428 c
1065 4379 1147 4448 (tom
1164 4372 1175 4430 1
1190 4375 1335 4448 Apparet,
1357 4389 1424 4448 pag·
1454 4373 1506 4430 131
1520 4377 1550 4430 et
1575 4373 1649 4447 776).
1679 4373 1714 4430 iit
1741 4373 1804 4432 baec

981 4464 1100 4538 quidem
1134 4464 1255 4535 decepta
1284 4462 1420 4518 sidentur
1457 4477 1492 4516 ex
1519 4458 1667 4532 Cicerone,
1683 4462 1734 4518 ubi
1763 4462 1800 4521 de

114 4550 244 4620 tanquam
258 4551 383 4624 probata
397 4549 503 4607 Stoicis
518 4549 626 4618 citavit,
651 4565 686 4606 ea
708 4566 778 4605 sane
806 4547 926 4604 Minucii
977 4553 1083 4609 cadem
1111 4567 1145 4608 ac
1176 4549 1323 4606 Minucius
1339 4553 1449 4617 noster,
1475 4547 1637 4621 quaestione
1658 4549 1801 4622 disputat.

112 4638 419 4712 nostriprcpcsitcsic
446 4642 623 4713 congruunt,
651 4641 683 4694 ut
711 4637 747 4693 ad
770 4637 821 4694 illa
843 4635 925 4693 colli·
979 4638 1224 4713 Philosophorum
1247 4636 1337 4707 enim,
1377 4636 1465 4695 sicuti
1491 4637 1551 4706 ille,
1581 4638 1732 4713 opiniones
1761 4638 1802 4697 ibi

111 4740 205 4784 amsa
218 4726 307 4800 plane
320 4727 464 4785 videatur.
480 4726 508 4783 si
523 4725 590 4802 quis
599 4729 708 4793 nmen,
721 4729 773 4782 aut
787 4725 925 4793 Ennium,
939 4740 962 4806 p
979 4732 1120 4797 recenset,
1136 4730 1224 4801 atque
1238 4726 1275 4784 ab
1288 4727 1390 4811 ecdem
1406 4743 1524 4802 quoque
1536 4727 1656 4786 Thalete
1671 4728 1715 4787 sic
1728 4729 1802 4787 inci·

111 4817 158 4870 ant
173 4814 244 4873 alios
259 4820 361 4889 poetas
376 4815 418 4872 ihi
432 4815 469 4873 ah
481 4815 531 4872 illo
546 4815 629 4872 citari
644 4814 729 4872 nohis
752 4819 829 4872 recte
856 4831 923 4888 pru·
978 4817 1039 4893 pit:
1056 4836 1072 4868 a
1085 4814 1190 4873 Thales
1205 4814 1345 4886 Milesius,
1362 4815 1413 4890 qui
1423 4816 1581 4890 primnsdc
1592 4817 1702 4875 talibus
1712 4818 1800 4875 rebus

109 4900 226 4971 harant,
241 4904 286 4960 illi
301 4904 401 4961 statim
426 4904 657 4961 subscribemus.
978 4901 1121 4982 quesivit,
1137 4921 1244 4978 aquam
1259 4904 1333 4961 dixit
1346 4919 1412 4962 sese
1429 4904 1548 4962 initium
1569 4921 1676 4963 rernm.
1705 4904 1798 4962 Deum

139 4991 220 5049 Alter
234 4998 321 5067 pocta
333 5010 352 5050 a
365 4993 505 5060 Minucio,
520 4993 769 5066 quemadmodum
794 4997 926 5066 posteaa
979 4998 1077 5053 autem
1092 5009 1157 5050 eam
1172 4997 1300 5050 mentem
1320 5010 1384 5066 que
1399 5009 1434 5051 ex
1448 5010 1526 5067 aqua
1545 4997 1650 5051 cuncta
1676 4992 1799 5065 tingeret

109 5078 253 5139 lwiautio
282 5082 437 5154 (Lactant,
467 5080 519 5138 lib.
542 5099 552 5139 r
579 5084 670 5139 lussit.
698 5082 786 5139 divin.
817 5098 880 5156 cap.
895 5083 924 5150 5,
979 5081 1062 5156 (cia,
1076 5081 1128 5138 lib.
1143 5098 1163 5138 1.
1180 5082 1295 5141 lehn.
1310 5081 1396 5152 deon,
1412 5098 1442 5155 p·
1458 5083 1519 5152 199,
1535 5080 1587 5137 liu.
1601 5081 1658 5151 ld).
1669 5081 1797 5136 »Eadem

108 5183 173 5241 pag.
192 5170 251 5241 22),
268 5169 388 5227 nomine
402 5187 457 5228 suc
471 5171 514 5227 sic
542 5169 745 5244 appellatum«
756 5170 829 5234 Quid
844 5174 925 5227 llan-
980 5187 1077 5246 porro,
1094 5171 1261 5228 Lactantius
1277 5187 1312 5227 ac
1325 5170 1446 5228 totidem
1458 5185 1530 5242 pens
1540 5185 1573 5225 ac
1584 5167 1800 5227 Minuciusvcr-

108 5260 213 5315 manus
227 5257 332 5314 larci
346 5259 445 5315 mune
464 5258 608 5332 apertius,
640 5257 802 5332 proximius
829 5265 857 5316 et
881 5276 927 5317 ve-
980 5259 1028 5318 bia
1041 5263 1141 5335 postea
1154 5259 1276 5317 tradidit
1288 5259 1441 5332 (mount,
1461 5255 1541 5315 libr
1563 5257 1681 5316 lectu.
1711 5256 1798 5315 dicia.

109 5344 178 5414 rius,
195 5366 211 5396 c
226 5345 257 5401 id
273 5348 320 5402 set
333 5347 463 5419 propius,
474 5348 511 5403 sd
523 5363 620 5404 veram
633 5347 670 5404 de
684 5351 741 5403 lieo
751 5348 926 5404 sententiam
981 5363 1047 5423 cap.
1061 5349 1089 5420 5,
1106 5364 1171 5422 pag.
1187 5349 1243 5418 24).

107 5434 227 5501 accedit,
244 5434 805 5508 eamqusapertinsctveriusdcclaratt
820 5457 834 5485 »
847 5434 928 5492 illine
1017 5438 1072 5496 Sed
1089 5436 1235 5493 Minucius
1249 5434 1310 5491 hac
1335 5433 1519 5492 continenter
1544 5433 1707 5508 subjunxit,
1737 5453 1801 5510 qua

105 5524 205 5580 temen
220 5540 323 5581 versus
337 5527 439 5584 auctor
453 5527 552 5582 noster
566 5539 619 5581 nec
638 5524 777 5598 intcgross
799 5540 850 5582 nec
868 5541 927 5600 quc
982 5524 1096 5584 incuria
1119 5522 1344 5581 amanuensium
1370 5521 1557 5580 librariorum
1583 5523 1625 5582 ita
1645 5525 1800 5601 depravata

108 5609 140 5671 ia
153 5613 231 5674 iihrc
244 5613 419 5686 tranantur,
435 5614 486 5675 ssd
505 5630 607 5674 corum
629 5613 770 5673 dancrat
795 5629 928 5689 sensnm,
998 5618 1062 5688 unt,
1077 5617 1111 5673 ut
1121 5613 1186 5672 sine
1200 5611 1299 5688 aliquo
1313 5629 1386 5674 novo
1401 5613 1500 5672 codice
1514 5615 1714 5690 manuscripto
1728 5616 1802 5676 rixa
