3892 6104
111 319 191 383 sarr
563 316 665 377 rans
687 314 726 377 u.
741 348 781 361 -
807 310 1094 379 anocnrioaou
1115 308 1331 377 excussus.
1736 300 1815 363 rara
1902 278 1905 283 '

110 456 190 525 ptos,
206 462 260 505 neo
273 450 373 504 tamen
397 444 517 502 sibimet
542 445 671 503 veritatis
692 444 935 503 consuetudinem
949 444 978 511 Α
991 445 1103 515 terpres
1118 440 1243 498 Basilius
1257 440 1490 497 commentatur:
1507 436 1637 491 mentem
1648 444 1749 488 eorum
1762 445 1813 503 po·

112 536 306 613 prejudicare
344 534 458 591 debere.
487 534 621 608 Synodus
663 552 779 608 quoquo
822 532 939 589 Nicaena
990 538 1050 594 tius
1061 538 1247 611 quamverba
1262 536 1423 609 pensitans.
1436 534 1502 591 ldeo
1511 548 1579 605 crgo
1594 546 1647 587 nec
1662 528 1698 585 ad
1710 528 1814 585 Roma·

110 642 216 685 omnes
230 624 382 681 hereticos
406 624 508 681 1227
541 623 683 697 suscepit,
700 622 827 695 exceptis
856 620 938 679 Pauli
993 628 1040 685 nis
1054 626 1235 683 Montanium
1247 626 1513 699 rebaptizabuntur.

111 712 300 773 Samosaleni
327 712 489 786 discipulis.
520 712 608 769 Vides
644 716 673 769 et
700 712 748 770 hic
783 712 938 780 hereticos,

112 821 207 863 manee
221 804 365 861 lacteos
381 802 444 859 aine
459 800 602 874 baptismi
621 800 773 859 iteratione
788 804 940 873 susceptos
1019 788 1121 846 ΜΒ
1137 788 1208 843 XIX·
1220 791 1262 845 ΕΦ
1276 786 1387 854 Siricio,
1403 784 1569 849 immiti·
1584 783 1672 838 Leone
1687 782 1717 837 Β·
1734 780 1790 835 PP-

113 894 153 951 ah
180 891 310 949 Ecclesia
338 890 480 962 Romana,
495 905 626 963 perteque
651 895 716 962 post
743 890 939 947 Arelatensem

112 984 320 1052 Nicenamque
348 979 505 1052 synodum,
521 983 608 1051 atque
633 979 725 1051 prins.
751 979 825 1051 Ergo
841 978 866 1033 si
882 994 941 1049 qua

113 1072 204 1144 culpa
214 1067 538 1142 aissngaturStephano,
548 1067 652 1123 eadem
665 1072 732 1140 post
741 1066 941 1123 arelatensem

112 1161 261 1235 synodum
276 1164 305 1215 et
318 1156 465 1213 Nicenam
490 1156 600 1229 quibus
623 1157 746 1213 allueret
766 1156 941 1229 perlegales

115 1251 251 1307 Romana
269 1247 369 1315 Sedes,
386 1262 573 1321 quarumque
589 1246 694 1302 vindex
710 1245 850 1319 primaria
864 1262 941 1301 sem·

116 1338 248 1413 peripsa
275 1336 396 1393 exstitit.
413 1336 552 1392 Romanis
579 1335 717 1391 omnihus
744 1335 889 1408 episcopis
915 1337 943 1390 et

116 1428 176 1501 ipsi
190 1427 366 1499 Hieronymo
381 1424 487 1481 horum
498 1424 624 1497 proconi
639 1422 781 1480 illinenda
794 1429 848 1480 eet.
859 1424 943 1480 Vides

1031 932 1216 988 innocentius
1231 939 1328 987 aulem
1343 930 1457 1001 primus
1472 927 1557 1000 epist.
1573 927 1617 982 22.
1627 942 1652 981 c.
1669 925 1696 990 l,
1712 921 1818 980 distin·

995 1022 1124 1078 ctionem
1149 1020 1287 1075 similiter
1309 1018 1485 1087 incuriosus,
1502 1016 1563 1072 ait:
1579 1037 1593 1065 «
1616 1014 1727 1069 Nostra
1751 1026 1818 1067 vero

995 1108 1040 1165 lex
1054 1113 1099 1167 est
1121 1108 1253 1165 Ecclesiae
1273 1106 1457 1163 venientibus
1472 1105 1508 1160 ob
1529 1101 1683 1167 hereticis,
1699 1100 1749 1172 qui
1772 1103 1818 1155 ta·

997 1215 1064 1254 men
1079 1197 1137 1253 illie
1150 1196 1286 1269 baptizati
1302 1196 1372 1263 sint,
1390 1211 1440 1267 per
1458 1208 1564 1248 manus
1588 1187 1818 1263 impositionem,

994 1286 1099 1343 laicam
1114 1290 1228 1342 tanturn
1239 1286 1365 1341 tribucre
1375 1282 1630 1349 communionem,
1646 1284 1701 1335 etc.
1715 1300 1730 1328 n
1746 1282 1821 1333 Dum

997 1377 1047 1443 ait,
1062 1398 1073 1427 ι
1091 1375 1141 1448 qui
1160 1380 1258 1431 lamen
1281 1373 1340 1429 illic
1354 1371 1493 1445 baptizati
1518 1374 1598 1437 sunt,
1616 1392 1630 1418 »
1645 1384 1745 1424 verum
1769 1368 1819 1423 ha·

998 1464 1140 1538 ptismnm
1154 1470 1183 1520 et
1199 1480 1261 1519 ase
1280 1468 1310 1519 et
1323 1480 1341 1517 a
1355 1460 1519 1533 majoribus
1539 1458 1601 1515 suis
1623 1457 1823 1513 desideratum

117 1531 239 1572 fumum
255 1531 344 1586 quum
360 1513 508 1587 &epham
536 1513 663 1585 pmpitia
694 1516 723 1568 οι
749 1516 945 1569 ⁰⁰n⁸⁰nt⁸n⁸⁸
998 1553 1155 1627 significat,
1185 1550 1330 1625 evangelis
1358 1550 1454 1606 verbis
1489 1547 1655 1604 dedicatum
1681 1562 1688 1600 :
1714 1540 1823 1615 alioqui

115 1604 208 1661 luerit
234 1602 351 1659 Nicone
379 1602 510 1675 synodus
537 1618 601 1673 quae
631 1617 765 1657 «omncs
794 1600 944 1657 haereticos
999 1643 1246 1715 nechapusmum
1263 1637 1528 1697 dicendum-Unde
1550 1637 1610 1693 Μ
1637 1633 1824 1699 ibidemm-

115 1691 391 1764 ausoepitexceplia
416 1689 496 1747 Pauli
525 1689 709 1746 Samosatesi
736 1689 890 1763 discipulis
905 1706 942 1745 :a
999 1731 1106 1787 tionem
1122 1731 1265 1803 indagans
1288 1747 1341 1786 our
1364 1729 1480 1785 Nicaenu
1502 1681 1631 1795 synodu's
1655 1720 1824 1779 Nomium

116 1779 325 1855 qnismphani
348 1780 553 1880 aeY⁰.n⁰⁰d¹im
583 1778 745 1878 imum
775 1784 945 1879 ⁰³pui⁰r⁰⁰
961 1812 985 1877 B
1001 1818 1514 1890 tamsecunda,tamadversaautem
1525 1811 1823 1883 Paulianistislnerit,

115 1870 296 1973 efiulemt‘.
307 1868 345 1926 Ut
355 1866 588 1971 ”mummii
598 1866 781 1969 pendium?
793 1867 838 1977 vil
853 1884 946 1940 ΠΨ
1002 1913 1035 1965 ut
1049 1908 1116 1967 illos
1130 1925 1182 1965 nec
1198 1908 1305 1965 aclero
1320 1905 1485 1974 dimoverit,
1498 1904 1602 1960 horum
1618 1900 1662 1957 vel
1678 1900 1827 1973 baptisma

121 1964 211 2017 ἰω
226 1958 297 2032 fluv
314 1958 504 2057 ⁰⁰Y⁸t⁰r¹h⁰⁸
525 1957 615 2029 husus
643 1974 707 2024 ω’
723 1973 773 2028 ‘³¹²¹
801 1957 948 2013 mnam
1001 1997 1141 2065 irritarit;
1157 2020 1172 2048 «
1189 1997 1270 2062 Quod
1286 1995 1378 2052 idciro
1392 1994 1565 2050 distinctum
1584 2006 1648 2049 esse
1671 1989 1738 2045 istis
1752 1990 1826 2045 dna·

122 2046 269 2147 wdum
289 2050 421 2145 garriant
448 2061 501 2145 ¹¹⁰⁰.
521 2044 651 2145 swpm
653 2061 671 2100 ⁰
699 2061 812 2145 ⁰¹.¹¹¹¹⁰³’
826 2062 878 2101 ¹¹⁶⁰
899 2046 950 2117 (ιγ’
1002 2086 1058 2143 bus
1076 2086 1238 2142 heresibus
1252 2085 1325 2140 ratio
1342 2083 1497 2139 manifesta
1511 2081 1649 2149 declarat,
1665 2078 1734 2151 quia
1749 2080 1825 2133 Pau·

121 2134 336 2235 pn⁸n9n.UIlq⁸
346 2151 409 2191 ⁸¹⁰⁰
420 2134 567 2206 bammum
581 2139 734 2206 mmmm
746 2135 946 2233 sumgmn
1002 2175 1126 2231 iianisle
1136 2175 1166 2230 in
1182 2174 1299 2238 nomine
1316 2173 1418 2237 Patris,
1432 2176 1461 2227 et
1474 2170 1549 2235 Filii,
1565 2175 1595 2226 et
1614 2168 1742 2241 Spiritus
1757 2182 1825 2223 san-

120 2224 174 2281 ”d
192 2224 380 2281 d¹⁵t¹n⁰t¹⁰n⁰
394 2239 428 2279 ω
444 2239 528 2279 ΠΜ
545 2238 603 2294 qua
627 2228 747 2294 umque
766 2239 846 2278 erm
860 2227 948 2278 Μ’
1002 2264 1040 2321 cti
1061 2264 1182 2319 minimo
1205 2262 1405 2333 baptizabant,
1417 2264 1445 2316 et
1470 2256 1622 2314 Novatiani
1647 2256 1750 2311 iisdem
1767 2258 1826 2309 tre·

121 2312 419 2386 geretur.Slephano
444 2310 523 2367 enim
553 2327 674 2383 prorsus
703 2309 853 2383 astipulati
879 2314 948 2367 sunt
1094 2354 1100 2364 .
1243 2351 1248 2361 ,
1413 2349 1418 2360 ,
1445 2350 1450 2359 ,
1598 2347 1603 2357 ,
1766 2343 1771 2353 ,

122 2400 348 2458 pgymffimi
364 2400 534 2473 quiomnffl
553 2417 611 2472 quo
638 2398 687 2455 illo
714 2400 778 2455 sine
801 2400 947 2471 baptismo
1003 2353 1118 2409 mendis
1133 2350 1326 2422 verendisque
1341 2350 1511 2405 nominibus
1526 2349 1684 2419 baptizant.
1702 2366 1715 2393 u
1732 2342 1825 2415 Igitur

119 2490 274 2547 haereticos
289 2490 399 2562 suscipi
411 2491 528 2561 jussere
542 2506 549 2558 ;
565 2505 614 2545 eos
629 2488 703 2561 tingi
728 2505 850 2545 sanxere
874 2504 948 2561 quos

119 2578 172 2635 ille
186 2584 341 2651 erupturos
349 2579 456 2636 rescire
470 2595 528 2635 non
544 2578 648 2652 potuit.
660 2577 789 2650 Denique
800 2595 947 2651 nusquam

120 2666 318 2741 Hieronymus
333 2667 376 2723 vel
391 2666 537 2724 levissime
552 2672 731 2740 conquestus
741 2670 786 2723 ost
801 2667 837 2722 de
851 2683 948 2724 errore

117 2755 165 2814 vel
179 2756 332 2830 Stephani,
346 2756 391 2813 vel
407 2772 506 2813 eorum
524 2756 574 2829 qui
598 2755 745 2829 baptisma
764 2755 948 2813 heterodoxis

122 2844 222 2903 serbis
236 2845 376 2902 collatum
392 2862 450 2902 non
464 2846 612 2901 iterarent.

1002 2442 1057 2498 etsi
1072 2440 1166 2497 sancti
1181 2440 1281 2495 Patres
1296 2438 1451 2495 indiscrete
1466 2434 1656 2509 pronuntient
1670 2448 1773 2489 omnes
1789 2430 1826 2487 ah

1001 2530 1145 2587 hereticis
1162 2530 1267 2585 tinctos
1292 2528 1354 2583 sola
1374 2526 1545 2599 poenitentia
1569 2523 1728 2595 expiandos
1749 2536 1826 2592 esse,
1941 2520 1945 2527 '

1002 2620 1110 2676 consoli
1125 2623 1224 2674 tamen
1239 2616 1327 2674 iidem
1339 2620 1409 2672 sunt
1424 2630 1478 2671 nec
1493 2616 1672 2685 baptismum
1687 2610 1756 2676 dici,
1768 2608 1826 2665 nisi

1001 2710 1119 2765 nomine
1142 2705 1295 2763 Trinitatis
1319 2704 1535 2776 consignatum.
1559 2703 1593 2757 lit
1617 2716 1735 2756 rursum
1758 2713 1826 2753 cnm

1001 2796 1187 2853 Paulianiste
1206 2794 1284 2866 quod
1300 2794 1329 2848 in
1352 2793 1471 2848 nomine
1485 2788 1638 2847 Trinitatis
1657 2804 1714 2843 non
1731 2786 1826 2858 tinge·

1001 2888 1076 2955 rent,
1093 2884 1129 2940 ad
1143 2880 1302 2939 Ecclesiam
1317 2880 1466 2937 venientes
1486 2895 1589 2935 rursus
1612 2876 1825 2945 abluijnhean·

278 3004 375 3061 Xpffl¹
392 3004 464 3061 ydem
485 3004 610 3078 efflatu,
623 3020 659 3060 ex
672 3001 790 3060 pampo·
1000 2978 1066 3042 tur;
1080 2970 1152 3029 nulli
1163 2987 1230 3044 ergo
1250 2968 1431 3027 aliiheretici
1443 2974 1573 3040 temporo
1588 2966 1708 3022 Nicane
1719 2960 1825 3036 synodi

1000 3062 1136 3119 haeretica
1145 3060 1399 3118 lormaverhorum
1410 3057 1679 3114 contaminaverant
1684 3050 1825 3126 baptismi

154 3146 283 3203 Accedet
311 3144 448 3215 Basilius,
477 3147 563 3217 Epist·
588 3145 624 3201 ad
650 3144 786 3217 Alnpdil„
802 3162 827 3202 ο·
853 3146 878 3203 1.
894 3122 984 3246 illoc⁸
1003 3151 1187 3225 mysterium.
1204 3149 1256 3206 Cui
1271 3152 1445 3219 argumento
1464 3147 1554 3203 robur
1569 3140 1826 3202 accedetaSiricil

69 3304 76 3321 Ι
117 3234 267 3293 animetsi
282 3233 527 3291 consuetudinem
551 3234 751 3290 Romanorum
778 3233 945 3291 antistitum
1002 3240 1088 3313 epist.
1104 3241 1169 3307 l,o.
1192 3240 1218 3306 l,
1235 3238 1285 3311 qui
1315 3235 1459 3309 preterito
1485 3235 1573 3292 etiam
1602 3230 1824 3306 praedecessoris

117 3324 149 3379 in
164 3324 314 3396 baptismo
330 3323 431 3379 minus
453 3322 566 3395 prohat,
583 3337 642 3378 non
665 3322 756 3378 errori
771 3327 881 3391 tamen,
893 3324 944 3379 sed
999 3329 1046 3387 aui
1061 3327 1168 3384 hiberii
1184 3326 1298 3383 decreto
1315 3330 1447 3399 pugnat:
1464 3328 1545 3381 sNos
1560 3338 1628 3380 cum
1643 3320 1824 3389 Novatianie,

114 3414 285 3472 mconomin
326 3414 471 3486 assignat.
500 3414 590 3483 sique
633 3428 803 3485 quanquam
845 3413 945 3470 minus
999 3418 1122 3489 aliisque
1134 3415 1289 3483 haereticis,
1302 3414 1379 3470 sicut
1391 3418 1437 3470 est
1449 3413 1480 3469 in
1495 3413 1605 3486 synodo
1617 3410 1822 3477 constitutum,

113 3502 179 3577 ipse
194 3503 373 3571 subscribat,
390 3501 556 3558 oeconomias
574 3505 673 3557 tamen
688 3517 757 3573 ergo
773 3502 944 3573 assentitur,
998 3524 1050 3579 per
1062 3504 1274 3561 invocationem
1289 3502 1382 3559 solam
1402 3499 1583 3575 septiformis
1603 3498 1742 3572 Spiritus,
1758 3494 1823 3570 epi-

114 3596 150 3649 ut
177 3592 229 3663 qui
253 3590 350 3648 volent
378 3590 588 3647 adhaerescunt.
601 3591 637 3647 nt
662 3590 798 3663 Dionysio
826 3590 945 3663 quidem
998 3582 1823 3666 scopelimanusimpositione,Catholicorumconventui

112 3680 403 3752 Alexandrino,quod
416 3680 636 3751 Pepuzenornm
648 3679 826 3751 baptismum
839 3695 945 3751 appro·
998 3683 1147 3739 aoclamue
1161 3680 1292 3738 Arianos.
1309 3682 1390 3745 Quod
1406 3681 1494 3737 etiam
1509 3684 1588 3735 totus
1611 3678 1724 3744 Oriens,
1740 3674 1823 3731 Occi·

113 3770 197 3827 berit
210 3786 228 3827 a
243 3770 299 3826 lide
313 3768 483 3826 immaniter
496 3769 711 3837 abhorrentem,
728 3766 862 3825 nonnihil
877 3784 944 3824 suc·
998 3771 1130 3842 densque
1156 3769 1293 3827 eustodit.
1311 3791 1326 3819 »
1344 3768 1433 3825 Vides
1452 3784 1540 3840 quam
1570 3784 1627 3823 non
1649 3768 1765 3837 satagat
1787 3762 1824 3818 da

93 3864 228 3927 'ceant
242 3858 377 3932 Cypriani
393 3862 423 3914 et
436 3857 597 3914 Firmiliani
614 3874 672 3913 non
686 3856 751 3912 sine
772 3855 866 3928 elogio
880 3871 945 3913 me·
998 3858 1169 3915 discrimine
1184 3856 1387 3931 significanda.
1405 3859 1477 3913 ltem
1494 3856 1550 3911 Leo
1565 3859 1587 3923 l,
1603 3854 1733 3927 epistt-tt,
1749 3867 1775 3907 c.
1785 3854 1822 3905 2:

112 3948 216 4013 minis,
231 3964 248 4004 a
266 3947 412 4021 Stephano
426 3946 647 4019 perstringendo
663 3961 782 4017 prorsus
805 3945 943 4015 abstinet,
998 3970 1012 3997 α
1028 3947 1147 4011 Quodsi
1162 3948 1198 4002 ab
1209 3946 1352 4002 haereticis
1363 3946 1544 4018 baptizatum
1556 3939 1825 4016 quempiamiuisee

112 4036 167 4111 qui
184 4040 283 4093 tamen
298 4036 395 4108 siqua
414 4036 487 4091 fides
503 4040 580 4092 esset
602 4033 796 4107 Sycophantis
811 4033 942 4106 nuperis,
997 4035 1171 4102 constiterit,
1187 4050 1256 4107 erga
1271 4034 1349 4091 hunc
1364 4034 1532 4091 nullatenus
1547 4032 1762 4089 sacramentum
1778 4044 1824 4084 re·

110 4124 203 4199 longe
217 4125 323 4181 ioedius
341 4124 476 4197 Dionysio
491 4124 673 4195 cespitasset.
691 4144 705 4173 o
725 4124 942 4195 Pcpuzenorum
996 4123 1195 4198 generationis
1208 4123 1340 4180 iteretur.
1360 4146 1374 4173 »
1391 4124 1501 4195 Nempe
1516 4123 1695 4193 baptismum
1711 4134 1768 4173 non
1784 4116 1824 4171 si·

111 4213 284 4287 baptismus
300 4213 411 4269 nullam
430 4213 502 4269 mihi
519 4212 626 4269 hahere
645 4212 790 4268 rationem
816 4212 941 4281 videtur,
997 4213 1041 4270 nit
1053 4214 1161 4284 vocari,
1178 4212 1234 4268 nisi
1260 4212 1361 4268 dehita
1387 4212 1591 4269 observatione
1619 4209 1772 4265 tributum.
1789 4206 1825 4261 st

110 4306 144 4361 et
159 4302 286 4359 miratus
301 4319 367 4360 sum
383 4302 530 4374 quomodo
544 4301 600 4357 hoo
615 4317 755 4373 magnum
771 4300 941 4373 Dionysium
996 4303 1082 4374 epist.
1099 4302 1145 4372 79,
1158 4317 1184 4357 c.
1199 4302 1216 4354 7
1232 4318 1239 4357 :
1261 4301 1358 4356 «Nam
1374 4301 1403 4356 hi
1420 4301 1470 4372 qui
1484 4299 1665 4373 baptismum
1681 4299 1718 4353 ah
1732 4296 1823 4353 hare·

113 4392 169 4464 qui
184 4391 241 4447 luit
256 4392 416 4449 canonicus
430 4390 578 4463 preteriit.
592 4390 734 4445 »illinire
746 4407 755 4445 :
767 4412 781 4439 α
797 4391 942 4461 Pepuzeni
996 4390 1064 4447 ticio
1078 4394 1265 4463 acceperunt,
1280 4406 1347 4446 cum
1363 4390 1500 4462 baptizati
1516 4394 1601 4446 antea
1613 4404 1671 4443 non
1686 4386 1823 4455 luissent,

109 4478 145 4537 in
161 4484 298 4537 sanctum
322 4480 466 4551 Spiritum
492 4477 742 4550 blasphemarunt,
755 4478 892 4534 Montano
913 4482 942 4535 et
997 4479 1060 4536 sola
1069 4478 1251 4535 invocatione
1266 4478 1393 4551 Spiritus
1413 4479 1503 4534 sancti
1528 4494 1580 4551 per
1604 4474 1823 4548 impositionem

110 4567 255 4625 Priscillae
264 4568 397 4624 Parae-liti
409 4566 634 4638 appellationem
647 4566 756 4621 nelarie
766 4566 939 4622 tribuentes.
955 4548 979 4614 Ῑ)
994 4584 1138 4625 manuum
1153 4567 1347 4623 confirmandi
1362 4571 1450 4623 sunt:
1467 4568 1516 4639 qui
1551 4568 1676 4622 formam
1704 4568 1821 4622 tantum

111 4658 209 4725 Quam
225 4672 293 4729 ergo
309 4658 453 4713 rationem
464 4657 551 4711 hahet
567 4672 668 4710 verum
682 4671 783 4710 eorum
799 4654 943 4725 baptisma
995 4655 1136 4729 baptismi
1150 4656 1214 4712 siue
1226 4656 1469 4712 sanctificationis
1492 4656 1600 4712 virtute
1628 4670 1791 4727 sumpsere.
1808 4676 1824 4705 n

107 4743 251 4817 yudicari,
262 4746 312 4817 qui
329 4746 357 4800 in
382 4750 505 4812 Patrem,
522 4748 551 4799 et
565 4742 683 4811 Filium,
700 4746 729 4798 et
759 4744 940 4811 Montanum,
996 4746 1030 4800 Mt
1045 4745 1131 4817 epist.
1146 4746 1192 4812 92,
1208 4762 1235 4800 c.
1251 4746 1306 4801 lo:
1326 4768 1336 4793 ι
1355 4746 1388 4799 lli
1404 4750 1503 4801 antem
1528 4745 1579 4816 qui
1605 4761 1637 4801 se
1660 4744 1824 4817 baptizatos

112 4833 328 4905 Priscillanque
344 4833 516 4906 baptizant?
530 4832 593 4887 Non
608 4831 686 4888 enim
708 4832 846 4905 baptizati
861 4837 940 4898 sunt,
996 4834 1104 4897 sciunt.
1122 4834 1172 4889 sed
1191 4836 1277 4901 cujus
1294 4833 1357 4888 fidei
1375 4834 1483 4889 luerint
1498 4834 1547 4903 qui
1564 4851 1612 4889 cos
1628 4834 1821 4906 baptizavere,

111 4921 165 4994 qni
181 4938 239 4978 non
254 4922 283 4976 in
300 4922 386 4977 nobis
402 4921 509 4976 tradita
526 4920 665 4991 baptizati
684 4924 763 4975 sunt.
780 4922 874 4986 Quare
888 4920 942 4976 etsi
996 4922 1107 4978 nescire
1134 4938 1166 4977 se
1195 4926 1387 4994 prolitentur:
1420 4922 1552 4993 quolibet
1579 4924 1666 4978 modo
1697 4926 1821 4980 l'ormam

109 5010 169 5067 hoc
184 5026 324 5083 magnum
335 5010 505 5082 Dionysium
517 5008 700 5075 latuit‚nobis
715 5012 813 5065 tamen
829 5025 886 5064 non
898 5013 944 5064 est
998 5010 1183 5081 baptismatis
1203 5010 1378 5081 acceperint,
1401 5010 1597 5081 rebaptizandi
1620 5026 1677 5065 non
1701 5016 1780 5067 sunt.
1807 5036 1822 5063 e

110 5100 257 5156 servande
271 5098 378 5156 erroris
393 5098 528 5154 imitatio.
544 5118 558 5149 s
577 5096 630 5153 Ubi
647 5095 731 5153 iacile
747 5096 863 5153 subolet
885 5115 942 5169 quo
995 5099 1083 5154 Vides
1099 5115 1189 5170 quam
1205 5115 1261 5154 non
1277 5100 1308 5153 in
1324 5098 1510 5165 sententiam,
1527 5097 1577 5154 sed
1603 5097 1631 5152 id
1654 5098 1743 5155 verba
1756 5100 1822 5171 ipso

111 5204 175 5243 non
191 5192 252 5243 tarn
268 5186 425 5261 Dionysius
440 5204 529 5259 quam
559 5186 681 5242 Basilius
699 5184 811 5242 laboret
833 5202 941 5243 errore·
996 5187 1135 5259 Stephani
1163 5187 1341 5258 conspirent,
1355 5192 1384 5241 et
1407 5202 1510 5241 ornnes
1525 5186 1645 5257 quidem
1670 5186 1821 5243 haereticos

110 5276 187 5334 Nam
204 5277 307 5340 iidem,
325 5292 382 5331 non
411 5277 500 5331 verba
529 5274 667 5347 baptismi
697 5274 943 5346 interpolaverant
998 5273 1413 5346 prorniscuehubeant,etuh
1437 5274 1493 5346 ipsi
1520 5276 1682 5345 baptizatos
1701 5290 1819 5331 nonre-

108 5364 270 5435 l’epuzeni,
287 5364 384 5421 necin
399 5364 528 5420 Montani
543 5370 571 5419 et
589 5363 726 5419 Priscilla
742 5363 871 5433 nomina,
887 5364 939 5420 sed
995 5364 1144 5436 baptizent
1158 5362 1226 5431 ;sed
1243 5362 1271 5417 id
1289 5362 1428 5417 nimirum
1445 5363 1570 5418 innuant
1585 5362 1745 5435 baptizatos
1762 5380 1817 5421 non

109 5452 266 5511 inuomen
298 5453 426 5526 Spiritus
455 5454 547 5509 sancti
576 5452 773 5525 baptizabant,
789 5468 845 5523 quo
873 5468 940 5508 cum
995 5451 1063 5521 dici,
1081 5450 1816 5523 nisquisormambaptismatiahocest,invoca-

108 5542 321 5601 hionlanumet
330 5542 495 5598 Priscillam
506 5540 751 5613 intelligerent,in
768 5542 897 5597 Montani
910 5548 939 5599 et
993 5540 1104 5598 tionem
1118 5540 1271 5595 Trinitatis
1286 5556 1451 5612 suscepere.

108 5628 252 5685 Priscillae
267 5646 373 5687 nomen
389 5646 439 5687 eos
455 5630 575 5687 tinxisse
591 5644 696 5702 parum
710 5630 883 5687 commodus
898 5628 941 5685 in·
