3892 6104
937 112 970 173 4
1040 104 1045 111 .

911 172 991 217 nt·

137 312 194 372 m
210 326 214 331 ·
885 250 1093 371 therama
1797 309 1839 369 xx

137 443 295 500 testamur.
313 432 376 499 idos
394 438 458 500 arat
479 439 587 516 pariter
609 439 786 499 exorcismos
809 440 962 500 instituere
975 441 1003 509 Α
1017 456 1200 516 quecunque
1213 438 1280 498 illos
1295 436 1477 499 conversatio
1492 439 1613 511 exercet,
1630 429 1755 498 ironiam
1771 437 1840 497 Cru-

140 546 227 604 super
241 548 291 590 eos
306 532 357 605 qui
372 533 484 589 obsessi
499 536 614 589 arante
634 532 797 601 demoniis,
814 533 864 605 crui
878 534 962 604 adiu·
1017 531 1058 587 cis
1074 529 1224 603 signaculo
1240 531 1382 588 terebant.
1399 552 1414 582 a
1429 531 1537 587 Verum
1561 529 1662 586 subdit
1681 530 1838 603 episcopus

139 620 196 678 rati
210 620 241 676 in
267 622 385 678 nomine
399 622 457 678 veri
475 621 524 677 Dei
546 622 648 679 cedere
671 623 859 695 cogebantur,
882 626 912 680 et
926 624 962 680 da
1016 619 1081 688 iste,
1098 620 1148 692 qui
1163 619 1239 676 inter
1253 625 1452 677 protestantes
1476 621 1554 676 haud
1575 619 1713 676 ultimum
1736 619 1834 677 locum

138 707 200 767 illis
225 711 395 784 corporibus
419 710 506 766 exire.
532 731 546 763 a
580 711 614 767 Hi
638 715 736 768 tamen
760 712 886 782 adjurati
911 729 962 784 per
1015 708 1201 781 habet,quod
1218 708 1456 767 nondumculius
1470 708 1625 783 religiosus
1640 709 1836 781 prestabatur

140 803 233 856 Deum
248 817 349 856 verum
365 816 382 854 a
396 799 491 867 nobis,
505 822 519 850 »
535 800 631 872 inquit
645 802 674 857 S.
686 801 847 873 Cyprianus
862 802 890 856 in
908 818 961 857 suo
1015 797 1098 854 Cruci
1114 816 1121 853 :
1140 819 1153 849 ι(
1169 800 1289 854 Interim
1304 798 1403 856 cultus
1417 797 1572 870 religiosus
1586 798 1685 854 aberat
1701 813 1708 852 :
1724 820 1739 849 a
1751 798 1842 854 hanc·

137 892 262 946 tractatu
277 889 312 944 de
327 887 615 946 Vanitataldolorum
626 890 694 962 (46),
709 913 719 939 ι
733 890 831 946 statim
842 892 960 954 cedunt,
1016 902 1072 959 que
1087 886 1243 943 falsitatem
1259 893 1292 943 ut
1302 887 1640 959 comprobet,quemdam
1657 886 1767 959 profert
1777 892 1839 944 tex-

137 981 168 1036 et
182 978 217 1033 de
231 976 361 1034 obsessis
382 978 554 1049 corporibus
578 979 656 1053 erip
679 983 834 1050 coguntur.
855 979 960 1034 Videas
1015 980 1078 1032 tum
1093 976 1213 1032 Minucii
1238 977 1351 1045 Felicis,
1367 977 1397 1031 in
1421 993 1479 1048 qua
1498 975 1634 1033 Octavius
1649 976 1786 1032 observat
1810 978 1839 1031 et

134 1064 213 1133 ilios,
228 1085 244 1117 u
259 1066 416 1138 subJungit
430 1067 459 1122 S.
476 1066 591 1137 Doctor,
608 1088 623 1119 «
639 1072 739 1123 nostra
752 1083 831 1133 voce,
847 1072 876 1123 et
891 1084 958 1138 ope·
1014 1065 1120 1122 asserit
1133 1065 1313 1122 Christianos
1338 1082 1525 1138 nequaquam
1551 1065 1671 1122 adorare
1691 1065 1813 1121 Crucem
1830 1081 1837 1119 ε

133 1149 247 1208 ratione
269 1152 434 1223 majestatis
457 1152 581 1220 occulta,
598 1154 698 1227 ilagris
712 1154 882 1226 coedi,’‚igne
898 1160 960 1210 tor·
1014 1176 1028 1204 a
1046 1153 1152 1210 Cruces
1165 1171 1218 1210 nec
1237 1153 1371 1211 colimus.
1396 1177 1410 1205 »
1436 1157 1528 1220 Quem
1552 1170 1624 1210 sane
1647 1157 1760 1210 textum
1784 1170 1838 1209 suo

124 1239 191 1296 »reri
205 1264 213 1309 t
229 1239 409 1296 incremento
426 1258 517 1313 prena
542 1241 731 1314 propagantis
755 1243 880 1312 extendi,
896 1244 960 1314 eju·
1013 1242 1077 1299 looc
1093 1242 1200 1314 protuli
1215 1246 1244 1299 et
1267 1241 1418 1314 explicavi,
1439 1242 1556 1315 illicque
1576 1241 1714 1298 lectorem
1737 1241 1837 1298 remit·

133 1332 208 1397 tare,
223 1342 350 1399 gemere,
369 1330 517 1402 deprecari
531 1349 537 1398 ;
556 1332 633 1387 unde
655 1331 784 1398 veniant,
801 1333 960 1404 siquando
1012 1335 1043 1388 to
1057 1331 1123 1405 (52).
1139 1333 1233 1388 Unum
1251 1331 1437 1388 solummodo
1452 1331 1499 1388 hic
1514 1332 1632 1398 addam,
1653 1347 1741 1387 usum
1755 1332 1837 1386 vide·

135 1415 302 1488 discedunt,
322 1417 395 1490 ipsis
414 1418 513 1486 etiam,
530 1420 579 1491 qui
601 1436 631 1476 se
646 1419 746 1476 colunt
760 1420 957 1477 audientibus.
1013 1418 1082 1475 lieet
1096 1419 1222 1491 alicujus
1237 1420 1278 1475 rei
1295 1419 1324 1474 in
1341 1435 1515 1490 quocunque
1528 1418 1679 1491 religionis
1693 1423 1759 1474 actu
1774 1419 1834 1491 sig-

135 1505 286 1574 confiteri3
311 1510 340 1562 et
363 1506 408 1564 vel
433 1507 573 1564 exsiliunt
595 1507 707 1578 statim,
722 1509 765 1565 vel
780 1515 960 1566 evanescunt
1013 1525 1085 1564 num
1101 1525 1176 1579 esse,
1187 1524 1246 1580 quo
1262 1509 1359 1580 majus
1370 1524 1429 1564 non
1443 1509 1531 1563 datur
1541 1507 1619 1563 aliud
1631 1505 1760 1580 religiosi
1775 1507 1837 1563 cul-

136 1594 295 1668 gradatim,
311 1599 396 1667 prout
410 1596 483 1652 fides
497 1597 641 1668 patientes
656 1586 785 1673 aQruat,
801 1603 852 1654 aut
866 1598 960 1670 gratis
1013 1600 1063 1653 tus
1078 1614 1148 1670 erga
1168 1613 1230 1653 rem
1247 1596 1391 1653 eamdem.
1417 1597 1467 1652 llst
1482 1595 1654 1653 oxoniensis
1668 1595 1837 1671 episcopus,

134 1683 265 1740 curantis
298 1685 418 1756 aspirat.
449 1707 464 1734 »
498 1685 689 1742 Habebuntur
706 1684 804 1758 jgitur
832 1686 959 1759 duplicis
1013 1685 1183 1742 Tertulliani
1199 1682 1837 1757 auctoritatecoactus,iatetur,Christianos

134 1771 250 1844 generis
265 1772 419 1829 exorcismi
436 1789 442 1828 :
459 1773 490 1830 hi
505 1773 624 1846 quidem
645 1790 734 1847 super
753 1776 869 1847 eosqui
886 1792 997 1877 prm-B
1015 1774 1119 1847 primis
1141 1774 1275 1831 Ecclesia
1300 1773 1415 1830 seculis
1436 1773 1466 1828 id
1490 1772 1638 1845 peregisse
1663 1790 1670 1827 ε
1696 1770 1838 1828 Catholici

134 1860 315 1932 parabantur
328 1862 536 1935 liaptismo,iili
550 1879 616 1920 vero
631 1880 720 1936 super
733 1880 957 1934 energumenos.
1013 1879 1082 1936 ergo
1097 1863 1127 1918 in
1143 1863 1235 1935 cultu,
1251 1878 1338 1934 quem
1354 1866 1493 1935 prestant
1506 1861 1756 1930 Cruci,beatorum
1772 1859 1838 1916 ills·

131 1947 225 2005 Primi
247 1949 277 2004 in
302 1948 426 2007 ecclesia
447 1952 671 2026 peragebantur,
686 1969 784 2009 coram
800 1952 956 2022 fidelihus3
1012 1967 1079 2008 rum
1095 1955 1263 2024 temporum
1278 1950 1391 2024 praxim
1407 1950 1493 2008 hodie
1509 1953 1683 2023 sequuntur.

132 2034 239 2108 reliqui
256 2037 364 2095 ibidem
374 2041 571 2097 communiter
581 2059 639 2097 non
650 2042 956 2115 peragebanturquia,
1047 2040 1108 2096 v11.
1126 2040 1175 2097 Sul
1190 2042 1222 2096 in
1235 2056 1281 2097 cre
1294 2056 1390 2097 eorum
1401 2040 1449 2112 qui
1460 2039 1683 2109 inmisceamur.
1696 2069 1731 2080 —
1745 2039 1838 2095 Caere·

133 2128 169 2181 ut
181 2125 322 2195 vidimus,
337 2126 444 2184 ethnici
460 2130 635 2203 quandoque
650 2130 706 2203 ipsi
723 2131 853 2186 aderant.
870 2131 958 2187 Exor·
1012 2130 1178 2187 monianum
1191 2129 1333 2202 Baptismi
1345 2146 1404 2185 una
1414 2129 1523 2201 pariter
1538 2132 1593 2196 est,
1604 2127 1682 2201 quod
1699 2126 1741 2184 sal
1758 2127 1840 2200 poni·

134 2211 214 2271 cista
230 2214 484 2288 itaque,quoniam
501 2218 543 2274 sic
558 2235 632 2291 opus
647 2220 759 2289 scatsd
774 2216 840 2275 illos
851 2219 958 2292 migra·
1011 2219 1103 2273 turin
1121 2234 1180 2286 ore,
1196 2223 1249 2275 aut
1263 2235 1353 2291 super
1366 2217 1466 2289 lingua
1482 2216 1563 2273 illius
1579 2216 1629 2288 qui
1651 2216 1836 2289 baptizatur,

102 2297 105 2303 ’
133 2302 206 2359 bant
220 2302 271 2375 qui
287 2319 388 2361 eorum
406 2305 577 2379 indigebunt
591 2307 766 2367 ministerio.
1011 2309 1142 2381 dumque
1168 2307 1197 2363 id
1221 2306 1334 2381 peragit
1355 2306 1489 2363 minister
1512 2306 1573 2362 hec
1597 2305 1705 2378 proiert
1728 2305 1834 2373 verba;

168 2394 204 2448 V.
220 2393 438 2465 Sipnumcrccis
452 2398 481 2451 in
496 2398 956 2473 fronteeorunquiobluctantur.
1011 2417 1026 2447 «
1051 2396 1155 2470 Accipe
1180 2397 1223 2453 sal
1246 2396 1405 2468 sapientie,
1430 2399 1485 2452 etc.
1512 2418 1527 2446 »
1553 2396 1612 2468 Ego
1636 2399 1734 2450 autem
1760 2410 1856 2460 reor,-

134 2509 171 2523 -
184 2480 308 2554 Signum
323 2483 419 2540 crucis
434 2483 464 2539 in
474 2484 568 2541 ironte
578 2501 679 2541 eorum
690 2485 740 2558 qui
755 2486 955 2559 tingebantur,
1010 2485 1108 2557 inquit
1130 2484 1167 2542 ol.
1193 2486 1357 2542 bernardus
1379 2485 1525 2542 Marechal
1544 2487 1645 2541 noster
1669 2484 1736 2555 (53),
1758 2482 1835 2539 hano

134 2574 197 2626 erat
207 2569 265 2626 alia
274 2573 447 2629 ceremonia
456 2573 588 2630 adhibita
599 2574 628 2629 in
640 2573 793 2631 collatione
803 2574 955 2647 Baptismi.
1011 2574 1124 2647 praxim
1138 2575 1286 2647 designari
1296 2574 1327 2630 in
1342 2573 1530 2630 celeberrimo
1546 2572 1668 2630 concilio
1683 2571 1835 2644 Carthagi·

133 2656 237 2715 Dahae
247 2660 537 2732 praxitestimonium
547 2663 678 2734 perhibet
688 2662 955 2719 luculentissImum
1011 2663 1106 2734 nansi,
1124 2664 1159 2719 de
1174 2680 1232 2735 quo
1247 2662 1384 2735 superius
1397 2664 1486 2718 verba
1501 2663 1575 2732 ieci;
1591 2663 1622 2719 in
1636 2680 1670 2719 eo
1686 2661 1833 2733 siquidem

130 2751 259 2817 ,motus
278 2748 450 2821 Cyprianus.
468 2752 497 2806 1⁰
512 2751 541 2807 in
557 2768 610 2807 suo
631 2755 758 2809 tractatu
780 2752 816 2808 ds
830 2750 931 2823 Lapsis
948 2766 955 2806 :
1012 2749 1119 2807 Lucius
1131 2751 1167 2807 de
1181 2750 1416 2823 Castrogalba,ut
1426 2751 1530 2824 probet
1543 2751 1747 2808 schismaticos
1762 2749 1835 2822 legi·

133 2832 175 2890 ibi
189 2834 337 2980 siquiqqn
351 2838 387 2895 de
400 2837 459 2894 illis
472 2841 560 2897 verba
579 2841 689 2897 iaciens
711 2841 760 2913 qui
776 2841 804 2895 in
821 2855 956 2912 persecu·
1011 2838 1082 2896 time
1097 2856 1154 2895 non
1170 2840 1328 2911 baptizare,
1344 2856 1393 2897 eos
1408 2843 1530 2896 autnon
1551 2856 1637 2912 posse
1657 2841 1726 2894 dara
1742 2837 1834 2894 salem

131 2921 276 2981 tioneoon
291 2943 405 2984 asseres
415 2928 587 2984 exstiterant
596 2928 637 2985 ait
646 2930 756 2985 ironias
767 2927 957 3001 crucissigno
1011 2928 1162 3000 sapientiae
1186 2926 1349 3000 spiritualis
1376 2953 1383 2984 ι
1408 2951 1423 2979 «
1447 2927 1655 2984 schismaticos
1676 2944 1734 2983 non
1750 2943 1836 2998 posse

131 3018 327 3070 consecratas.
345 3038 359 3066 α
387 3016 479 3074 Frons
494 3034 561 3074 cum
576 3017 661 3090 signo
688 3017 736 3074 Dei
750 3033 836 3090 pura,
849 3017 957 3073 diaboli
1011 3017 1129 3073 condire
1145 3016 1291 3089 sapientia
1309 3015 1467 3088 spirituali,
1493 3033 1560 3079 oum
1575 3016 1632 3089 ipsi
1652 3017 1687 3072 ab
1707 3014 1837 3072 Ecclesia

133 3117 272 3158 coronam
286 3103 361 3160 ierne
373 3121 431 3161 non
446 3105 552 3176 potuit,
567 3123 679 3163 corona
694 3106 810 3162 Domini
824 3123 856 3162 se
868 3122 958 3163 reser-
1011 3106 1180 3163 recedentes
1193 3105 1436 3162 infatuati...iacti
1451 3105 1512 3162 sint
1526 3094 1593 3177 (54).
1609 3128 1624 3156 »
1639 3105 1751 3173 Quibus
1766 3121 1836 3161 sane

134 3188 214 3244 veuit
233 3191 300 3262 (47).
327 3213 341 3240 »
367 3194 398 3246 2⁰
422 3192 453 3248 ln
478 3198 602 3249 tractatu
628 3195 664 3250 de
684 3194 798 3251 unitate
821 3193 955 3250 Ecclesia
971 3175 994 3243 G
1012 3194 1107 3251 verbis
1125 3194 1287 3267 respexisse
1301 3194 1416 3249 videtur
1429 3197 1493 3249 tum
1508 3194 1711 3251 ceremoniam
1727 3194 1762 3248 de
1778 3208 1837 3264 qua

136 3276 285 3334 disserens
310 3279 344 3334 ds
369 3280 447 3348 Onia,
472 3281 523 3355 qui
547 3280 632 3354 lepra
655 3283 793 3339 varietata
816 3283 845 3338 in
865 3284 958 3339 fronte
1012 3298 1109 3340 sermo
1125 3282 1319 3348 est,tumhaeo
1334 3282 1439 3338 verba:
1452 3282 1581 3354 «Accipe
1595 3280 1638 3337 sal
1654 3281 1832 3354 sapientire.-

136 3366 302 3429 maculatus
316 3372 370 3437 est,
386 3370 476 3425 tradit
496 3370 572 3427 hanc
586 3387 650 3428 esse
664 3388 728 3428 eam
748 3372 876 3444 corporis
892 3388 957 3443 par·
1048 3371 1123 3427 viii.
1140 3373 1370 3440 interrogationes
1386 3371 1414 3426 in
1429 3371 1580 3439 baptisato.
1592 3400 1627 3410 -
1641 3373 1666 3423 Α
1682 3369 1836 3442 neophytis

134 3426 443 3528 tsaeublssnantur
457 3458 508 3530 qui
522 3459 665 3532 Baptismi
681 3477 757 3533 aqua
771 3458 956 3517 abluuntur:
1013 3459 1186 3533 priusquam
1212 3460 1242 3514 in
1259 3476 1336 3532 aqua
1355 3450 1608 3531 immergerentur,
1633 3457 1838 3528 inquirebatur

135 3566 151 3597 κ
165 3542 221 3599 Ubi
236 3543 401 3617 signantur,
415 3547 466 3618 qui
481 3548 638 3604 Dominum
654 3553 859 3620 premerentur
872 3550 958 3622 (48).»
1013 3549 1091 3605 inter
1111 3554 1224 3620 cratera,
1248 3564 1320 3604 num
1345 3549 1496 3604 crederent
1517 3547 1608 3602 vitam
1632 3550 1782 3613 aternam,
1809 3552 1838 3602 et

133 3632 165 3689 30
179 3631 211 3689 ln
234 3636 359 3690 tractatu
375 3634 515 3692 adversus
531 3636 750 3694 Demetrianum
775 3637 960 3710 apertissime
997 3636 1216 3694 ‘remissionem
1232 3641 1417 3710 peccatorum
1439 3653 1492 3708 per
1514 3639 1646 3692 sanctam
1667 3633 1836 3691 Ecclesiam.

136 3736 203 3777 cum
218 3721 367 3779 Ezechiels
381 3722 436 3796 (49)
453 3726 649 3796 asserit,quod
666 3749 680 3776 u
694 3726 713 3780 ii
725 3726 780 3783 soli
795 3726 960 3782 salvierant
1015 3725 1081 3799 lpse
1102 3726 1189 3782 divus
1211 3725 1371 3798 cyprianus
1396 3723 1664 3782 luculentissimum
1680 3724 1715 3779 de
1738 3721 1792 3778 hac
1807 3739 1837 3779 re

137 3809 189 3882 qui
203 3810 295 3866 renati
311 3815 340 3867 et
354 3812 438 3885 signo
452 3813 559 3871 Christi
574 3814 682 3886 signati
696 3815 821 3897 luerint,
826 3816 921 3889 (50).»
1015 3814 1218 3871 testimonium
1251 3814 1382 3886 perhibet
1414 3812 1544 3885 Epistola
1566 3830 1640 3884 ιω,
1671 3812 1837 3884 energicam

172 3897 221 3954 Vl.
236 3901 361 3957 Editoris
377 3902 540 3981 Occepiensis
554 3913 620 3960 noto
633 3903 684 3961 boc
706 3920 789 3976 super
808 3894 959 3976 raresciti-
1015 3903 1140 3976 prelatas
1156 3901 1395 3975 interrogationis
1409 3901 1469 3957 vim
1487 3901 1641 3973 adhibens,
1658 3905 1691 3957 ut
1705 3900 1839 3967 ostendat

138 3991 194 4048 tur.
206 4020 242 4029 —
252 3986 548 4063 Obsemavimnsjam
564 3992 594 4047 in
609 3991 810 4065 superioribus
823 3994 911 4049 bimis
926 4010 961 4049 ex
1014 3991 1272 4065 interrogationem
1288 3990 1363 4046 hanc
1379 4007 1435 4047 non
1455 4007 1543 4063 posse
1565 3991 1601 4046 ah
1625 3989 1683 4047 illis
1703 3988 1764 4046 irari
1786 3989 1838 4060 qui

137 4077 288 4134 nonnuliis
310 4080 455 4151 Patribus,
472 4080 617 4153 precipue
627 4098 702 4151 ⁸uero
712 4098 747 4139 ex
769 4081 959 4153 Tertulliano,
1017 4080 1053 4137 ab
1063 4079 1196 4136 Ecclesia
1207 4079 1414 4135 communione
1425 4078 1628 4151 suntseparati
1640 4097 1646 4136 :
1659 4101 1674 4131 a
1685 4079 1759 4135 Nam
1770 4094 1838 4134 cum

135 4175 253 4240 signum
275 4167 369 4224 erucis
384 4170 461 4241 apud
476 4173 588 4227 veteres
602 4169 703 4226 fideles
724 4171 960 4243 frequentissimo
1014 4167 1117 4225 dicunt
1132 4190 1146 4218 u
1164 4168 1204 4239 (S.
1221 4165 1357 4240 Cypriani
1373 4167 1523 4241 ipsissima
1537 4171 1608 4224 sunt
1620 4168 1719 4236 verba,
1737 4168 1787 4240 qui
1803 4167 1839 4224 de

133 4255 165 4314 in
191 4273 247 4315 usu
279 4257 379 4315 luisse.
414 4258 587 4316 Oxoniensis
614 4258 671 4314 divi
700 4259 835 4333 Cypriani
867 4260 962 4317 editor
1015 4255 1158 4313 hereticis
1173 4263 1202 4313 et
1217 4256 1413 4314 schismaticis
1427 4257 1612 4330 loquitur):«
1624 4258 1723 4316 Credis
1738 4257 1841 4314 remis·

13 4368 19 4375 ·
134 4344 265 4420 idipsum
280 4347 398 4417 latetur,
410 4353 439 4405 et
452 4347 544 4405 tradit
558 4348 587 4403 in
599 4348 726 4418 quadam
739 4351 807 4404 nota
822 4348 851 4404 in
868 4365 960 4404 unum
1015 4345 1128 4402 sionem
1143 4349 1329 4418 peccatorum
1346 4350 1374 4403 et
1387 4346 1626 4403 vitameternam
1641 4350 1839 4419 personatam

136 4448 277 4506 exsupra
290 4435 418 4492 recitatis
428 4435 457 4492 S.
475 4433 607 4493 Doctoris
622 4436 826 4493 testimonium
842 4454 849 4493 :
866 4461 881 4489 «
897 4438 960 4493 Non
1015 4433 1200 4491 Ecclesiam?
1214 4435 1400 4491 mentiuntur
1414 4435 1443 4490 iu
1459 4435 1695 4507 interrogatione,
1721 4434 1840 4506 quando

134 4523 252 4578 tantum
268 4525 336 4592 (51),
367 4525 443 4581 inter
467 4525 609 4598 Baptismi
633 4525 788 4593 solemnia,
811 4525 958 4584 irontibus
976 4539 1073 4608 synon
1088 4523 1217 4580 habeant
1230 4522 1389 4580 Ecclesiam
1406 4525 1473 4597 (55).
1487 4547 1497 4578 s
1515 4525 1608 4597 Hujus
1623 4523 1756 4597 ejusdem
1772 4540 1840 4581 con-

138 4609 235 4666 crucis
249 4611 367 4684 signum
386 4612 586 4685 inprimebant
602 4613 770 4685 Christiani,
782 4616 833 4672 sed
847 4615 884 4672 ad
898 4632 960 4672 om·
1016 4612 1184 4670 suetudinis
1199 4611 1270 4668 alibi
1284 4612 1419 4668 meminit
1443 4613 1523 4670 hisce
1544 4611 1641 4670 verbis
1658 4628 1666 4668 ε
1683 4635 1698 4664 «
1714 4612 1781 4686 lpse
1794 4628 1839 4667 rn-

140 4712 207 4754 nem
223 4715 412 4772 progressum
427 4705 515 4772 utque
531 4702 756 4779 promotum,ad
771 4721 887 4761 omnem
904 4703 962 4761 adi·
1017 4702 1173 4775 terrogatio
1193 4717 1258 4774 que
1283 4701 1316 4755 iit
1330 4701 1360 4757 in
1384 4701 1544 4774 Baptismo,
1570 4701 1654 4758 testis
1682 4705 1727 4757 est
1749 4701 1841 4772 hujus

139 4789 203 4843 tum
219 4792 249 4843 et
267 4789 388 4857 exitum,
404 4790 441 4845 ad
462 4789 612 4859 restitum,
638 4772 669 4851 et
679 4786 852 4863 calceatum,
868 4796 904 4849 ad
920 4793 961 4848 la·
1015 4790 1145 4847 veritatis
1161 4790 1247 4861 (quod
1264 4789 1327 4844 sola
1336 4788 1464 4847 Ecclesia
1478 4791 1603 4847 remittit
1614 4789 1759 4862 parentat:
1772 4806 1840 4846 nam

79 4872 91 4893 “
136 4892 233 4950 varra,
249 4877 286 4933 ad
300 4886 431 4973 mapsas,
447 4878 484 4934 ad
499 4877 652 4948 limina,ad
669 4879 832 4948 cubilia,ad
848 4883 960 4950 sedilia,
1016 4897 1085 4937 cum
1100 4879 1227 4936 dicimus
1244 4895 1250 4933 :
1268 4877 1368 4935 Credis
1381 4879 1412 4934 in
1426 4879 1516 4936 vitam
1532 4883 1682 4947 eternam,
1697 4884 1726 4937 et
1740 4878 1841 4936 remis-

229 4976 245 5027 ί
353 4968 389 4997 ,0

338 5004 361 5041 ··
609 5008 649 5049 a

173 5056 230 5129 (46)
247 5057 395 5132 Cypriam,
411 5057 462 5113 lib.
478 5057 511 5114 de
532 5058 648 5115 idolam*
661 5058 792 5128 Venitne,
816 5062 888 5118 tom.
916 5059 960 5130 iv,
1016 5075 1054 5132 pa
1077 5101 1083 5114 .
1102 5060 1163 5114 116.

140 5144 165 5184 o.
180 5130 234 5186 577
245 5149 275 5186 Α.
1052 5074 1109 5203 Fit)
1133 5130 1167 5186 it.
1194 5131 1330 5204 Lumper,
1355 5131 1483 5188 Historia
1505 5128 1601 5186 iliceto
1622 5170 1629 5185 .
1652 5129 1748 5186 Critir.
1765 5133 1841 5201 part.

188 5202 233 5273 47)
247 5200 268 5256 C
287 5200 396 5283 priam,
412 5199 465 5257 lib.
480 5199 636 5283 deIchsis,
652 5216 676 5256 c.
694 5200 746 5256 406
762 5219 787 5257 a.
1015 5218 1066 5268 vu,
1083 5207 1153 5258 sect.
1167 5205 1197 5269 2,
1214 5219 1277 5275 cap.
1292 5206 1320 5271 2,
1336 5206 1390 5259 art.
1403 5204 1431 5268 7,
1447 5216 1513 5274 pag.
1529 5146 1662 5257 183-l89.

188 5272 233 5341 48)
250 5218 340 5343 ilem,
356 5270 408 5327 hb.
424 5272 457 5327 de
472 5273 545 5328 linat.
561 5272 674 5342 Emtae,
688 5276 711 5326 t.
727 5272 774 5341 iV,
790 5289 815 5329 c.
830 5273 882 5329 514
896 5292 924 5330 Α.
1052 5273 1109 5356 (53)
1125 5272 1282 5340 Maccabei,
1299 5273 1428 5331 Concord.
1450 5273 1497 5329 SS.
1513 5278 1573 5330 ΡΡ.
1592 5277 1615 5328 4.
1641 5273 1677 5341 ll,
1694 5287 1761 5345 pag.
1779 5272 1842 5344 115,

187 5343 221 5397 40
244 5343 397 5411 Ezechiel,
413 5361 451 5413 ur,
467 5345 495 5398 6.
1016 5344 1086 5401 adit.
1104 5345 1166 5401 Lat.
1183 5344 1300 5402 Vernet.
1318 5347 1397 5401 1767.

185 5416 221 5470 50
247 5413 393 5486 Cyprium,
411 5418 526 5470 tractat.
541 5414 604 5471 adu.
619 5415 802 5486 Demetriou,
827 5421 848 5471 t.
866 5415 902 5471 lV
935 5432 959 5472 e.
1053 5417 1109 5489 (54)
1122 5416 1225 5473 Geumi.
1241 5416 1415 5490 Carthoqin„
1437 5433 1488 5488 vu,
1514 5431 1565 5472 seu
1592 5433 1632 5486 111,
1657 5414 1690 5472 de
1709 5416 1804 5490 Eapt„
1818 5420 1841 5472 4.

138 5484 193 5540 526
217 5502 254 5552 s;
277 5489 306 5541 et
327 5487 514 5544 Testimonior.
538 5485 589 5543 lib.
615 5503 648 5554 ιι,
678 5503 741 5560 cap.
766 5487 811 5553 33,
832 5492 853 5543 t.
872 5461 960 5561 lll,c.
1016 5487 1045 5559 11,
1077 5502 1105 5545 c.
1124 5486 1195 5545 1058
1209 5504 1236 5546 a.

138 5555 193 5613 716
207 5573 235 5611 s.
293 5626 298 5639 ’
1098 5558 1413 5635 >apamiarum

176 5627 234 5703 (51)
248 5626 323 5686 Edit.
339 5627 506 5691 Bremensis
527 5629 612 5690 ioan.
629 5628 701 5691 Eelli
714 5630 805 5691 Oxou.
821 5630 960 5706 episcopi,
1072 5686 1077 5695 .
