3892 6104
108 283 188 347 1449
582 277 681 344 PARS
704 280 743 344 11.
761 311 798 326 -
814 279 1096 344 RECENTIORUM
1120 282 1341 349 exabusus.
1735 290 1816 353 tlte

108 413 219 482 tulit,et
229 410 515 484 fateturipsePagius
527 410 934 486 firmilianioepalrenusffl),
950 414 978 480 Α
992 429 1139 485 usurpans
1153 421 1186 472 ut
1199 416 1272 473 nihil
1288 417 1454 490 discrepare
1468 419 1625 491 videretur,
1635 424 1701 492 etc,
1718 427 1750 477 ut
1766 440 1815 477 su-

109 503 159 578 qui
175 502 263 560 etiam
279 500 411 557 admittit
425 516 489 558 eam
504 500 534 556 in
551 500 665 575 Illyrico
680 506 709 558 at
722 501 842 558 Thracia
856 518 936 574 gras·
990 521 1052 578 pra.
1072 527 1085 554 >t

109 596 205 649 satam
222 590 323 648 fnisse.
333 591 376 646 An
392 589 524 646 dicemus
535 590 564 646 S.
578 589 782 646 firmilianum
794 591 852 646 hee
862 587 936 644 false
1028 594 1049 648 l.
1067 595 1129 650 flac
1146 597 1217 666 istic,
1229 598 1258 653 id
1270 602 1316 655 ast
1326 600 1509 672 Cappadocia
1519 604 1593 668 unte,
1604 601 1640 656 22
1655 601 1817 659 fercannus

107 698 143 740 ex
156 682 205 737 ira
219 680 332 752 impetu
348 679 501 746 effutiisse,
517 684 655 751 utsupra
673 696 756 736 num.
771 678 830 735 Sil
991 681 1149 756 contigisse
1164 686 1312 743 renuntiat
1323 687 1642 760 pseudol'irmiliauus
1652 689 1818 762 Cypriane:

136 773 241 830 18⁰8
250 770 562 828 lll.l)urusatacarbus
572 767 938 842 illetemperepersecnter
991 786 1044 827 eur
1059 787 1116 828 neu
1132 774 1191 830 ait:
1207 775 1261 845 tic,
1277 778 1355 846 apud
1375 793 1435 845 uec,
1458 795 1517 835 mee
1541 783 1662 851 tempere
1685 779 1813 852 eontige-

108 856 937 932 fuithlaaiminusimperater,subquoperantesSBasilii
992 860 1083 917 runt?
1106 861 1257 934 Siquidem
1287 865 1518 922 &firmilianus
1541 883 1628 923 anno.
1650 867 1713 936 235,
1731 869 1817 925 mede

108 951 206 1026 Magni
222 951 252 1006 iu
269 949 350 1007 silvis
366 948 493 1006 Ponticis
516 949 567 1004 diu
583 949 747 1015 latitarunt,
762 953 793 1004 ut
818 966 853 1005 ex
866 949 937 1005 Gre-
992 949 1088 1006 fuerat
1101 951 1258 1025 episcopus
1273 953 1303 1008 in
1318 956 1510 1027 Cappadocia.
1523 956 1606 1013 Ratio
1622 955 1705 1013 facile
1718 961 1816 1030 patet:

109 1043 191 1116 gorio
206 1040 295 1096 Naue.
312 1043 445 1107 constat;
461 1042 490 1096 et
511 1037 614 1095 nescio
630 1055 667 1095 an
688 1038 871 1111 Cappadocia
886 1054 938 1111 pre
992 1042 1094 1095 uester
1107 1039 1253 1097 fabulator
1276 1058 1334 1098 nen
1356 1042 1497 1099 habitavit
1517 1044 1548 1100 in
1571 1044 1752 1117 Cappadocia
1766 1063 1775 1112 ς
1791 1048 1820 1102 et

109 1135 180 1188 tunc
195 1129 333 1186 habuerit
347 1126 504 1201 specialem
528 1127 695 1201 praesidem,
714 1128 831 1185 nemine
845 1127 939 1184 Seria·
968 1200 973 1208 .
993 1125 1177 1200 impossibile
1187 1134 1232 1187 est
1247 1132 1418 1189 mendacem
1431 1131 1486 1189 sibi
1497 1148 1615 1206 semper
1629 1149 1693 1190 esso
1708 1150 1819 1191 mame·

111 1236 195 1277 num.
210 1217 330 1275 iuterim
346 1216 387 1287 id,
403 1216 450 1273 cui
470 1216 538 1274 nole
561 1216 723 1287 immorari,
739 1233 775 1274 ex
788 1216 938 1290 scriptori·
994 1230 1067 1273 rem.
1083 1217 1116 1273 V.
1134 1235 1163 1274 η.
1179 1219 1277 1286 34,11.

112 1309 169 1366 bus
182 1305 312 1381 profanis
327 1305 526 1379 colligendum
543 1306 626 1363 foret.
1030 1306 1065 1362 ll.
1083 1310 1127 1362 An
1142 1323 1209 1364 eum
1226 1308 1332 1366 mulier
1345 1309 1395 1366 illa
1411 1315 1478 1384 pest
1492 1311 1604 1382 tongum
1618 1319 1725 1384 tenipus
1740 1308 1821 1368 solli-

149 1395 193 1454 lv.
210 1397 283 1453 Cum
294 1393 613 1468 pseudo-firmilianus
625 1394 862 1467 supponatillam
880 1411 942 1468 per·
995 1394 1128 1451 citaverit
1144 1396 1368 1471 fraternitatem,
1388 1400 1491 1457 multos
1516 1399 1718 1473 baptizaverit,
1730 1400 1821 1473 pluri·

113 1484 293 1542 secutionem
316 1487 345 1539 S.
370 1483 514 1557 Cypriane
539 1483 630 1541 fuisse
659 1484 801 1558 ignotam,
825 1488 853 1541 et
876 1484 941 1541 idae
994 1483 1617 1560 menimesieputesdeceperit‚singulorum
1627 1487 1822 1544 mentessub-

113 1572 327 1630 huieeamdsm
342 1572 490 1629 renuntiet
504 1577 571 1646 pest
597 1573 633 1628 22
656 1589 759 1638 annes.
774 1573 941 1629 mirandum
996 1572 1097 1645 egerit,
1113 1577 1179 1646 ate,
1196 1573 1296 1632 nullus
1319 1578 1410 1632 tantia
1431 1575 1507 1632 cladi
1530 1575 1560 1633 ia
1586 1575 1770 1651 Cappadocia
1790 1592 1822 1633 se

113 1663 143 1718 1ο
155 1661 214 1718 Cur
225 1661 335 1719 nullius
346 1661 483 1734 martyris
493 1661 764 1732 nemenaddiderit,
775 1662 821 1719 vel
831 1661 943 1735 passie-
995 1661 1156 1734 opposuit?
1184 1663 1320 1720 Omnino.
1345 1663 1498 1737 Siquidem
1526 1668 1620 1723 statim
1646 1664 1695 1723 ille
1717 1666 1823 1722 1⁸⁰4

111 1751 160 1809 nis
176 1750 320 1808 medum?
333 1752 363 1805 2·
378 1749 435 1807 Cur
449 1749 571 1807 alterius
595 1750 826 1822 persecutionem
842 1767 943 1807 recen·
957 1787 981 1853 B
997 1750 1093 1808 malus
1107 1752 1229 1825 spiritus
1244 1753 1301 1810 fuit
1315 1753 1482 1824 revinctus;
1499 1771 1532 1811 ac
1552 1755 1756 1829 presbyterum
1779 1752 1823 1810 illi

111 1839 196 1897 tieris
211 1840 267 1896 sub
279 1839 364 1896 Decio
374 1839 404 1895 in
414 1837 646 1913 Cappadocia(9)
657 1839 693 1895 ab
705 1856 782 1897 anne
796 1840 849 1895 250
860 1855 941 1914 gras·
998 1838 1114 1897 mulieri
1132 1841 1222 1899 fuisse
1237 1842 1424 1917 permistum,
1439 1860 1497 1901 nen
1515 1843 1573 1901 nisi
1588 1860 1624 1902 ex
1638 1847 1704 1917 pest
1726 1843 1823 1901 detec-

112 1933 183 1987 sate
198 1945 257 1984 nen
274 1927 450 1984 meminerit.
997 1930 1061 1985 tum
1077 1929 1153 1999 fuit;
1170 1932 1317 2003 quomode
1333 1930 1404 2000 illud
1422 1931 1537 2004 feneum
1559 1937 1663 2007 tempus
1676 1932 1823 2006 explican-

150 2015 350 2085 Additaliam
380 2015 535 2072 historiam
561 2017 645 2073 valde
670 2018 846 2091 paradoxum
874 2017 944 2090 (10),
998 2017 1069 2074 dum
1085 2018 1134 2088 sit,
1149 2019 1277 2077 viderint
1290 2019 1350 2077 alii.

115 2123 222 2180 nempe
236 2106 398 2163 daemonem
419 2105 450 2161 in
474 2104 665 2179 Cappadocia,
682 2123 734 2163 seu
760 2106 912 2163 mulierem
928 2123 945 2163 a
1034 2129 1049 2158 a
1065 2108 1138 2165 Nam
1154 2109 1252 2166 subite
1261 2109 1396 2183 apparuit
1410 2109 1453 2167 illi
1464 2126 1543 2167 nnus
1558 2110 1594 2167 de
1603 2109 1755 2167 exorcistis
1769 2110 1825 2166 vir·

116 2194 249 2251 damone
274 2194 437 2263 obsessam,
463 2209 663 2264 consecrasse,
692 2194 858 2268 baptizasse
890 2197 944 2252 sub
999 2195 1159 2268 probatus;
1176 2197 1224 2269 qui
1240 2197 1440 2255 exhortatione
1455 2214 1570 2271 queque
1588 2200 1712 2256 fratrum
1727 2197 1823 2272 pluri·

120 2283 214 2340 forma
228 2282 375 2358 legitima;
1000 2285 1190 2358 merum.qui
1216 2290 1244 2343 et
1267 2286 1324 2358 ipsi
1348 2287 1448 2356 fortes,
1472 2291 1502 2344 et
1524 2286 1689 2345 laudabiles
1711 2287 1741 2344 iu
1766 2288 1823 2344 fida

159 2396 174 2424 «
190 2371 226 2428 Ut
249 2371 322 2428 nihil
338 2371 503 2445 discrepare
519 2372 555 2429 ab
578 2371 774 2431 aeclesiastica
788 2372 890 2446 regula
903 2373 945 2428 vi·
1000 2374 1133 2442 aderent,
1149 2375 1291 2432 excitatus
1305 2375 1396 2432 erexit
1409 2392 1442 2433 se
1465 2379 1567 2434 centra
1585 2376 1670 2433 illum
1685 2376 1823 2449 spiritum

122 2464 250 2521 daretur.
264 2463 338 2529 Quid
364 2463 454 2537 igitur
469 2463 504 2520 de
527 2463 618 2537 hujus
642 2463 788 2537 baptismo
802 2463 945 2530 dicemus,
1000 2479 1127 2535 nequam
1143 2461 1360 2521 revincendum.
1378 2486 1393 2516 n

122 2551 389 2626 quoneqnissimus
404 2553 517 2608 damen
532 2569 584 2624 par
598 2553 751 2609 mulierem
769 2551 948 2625 baptisavit?
1038 2553 1058 2608 l.
1085 2551 1180 2624 liujus
1207 2552 1355 2609 exorcistae
1370 2569 1486 2622 ‚nemen
1510 2553 1572 2625 (qui
1598 2553 1826 2610 dormitantibus

120 2642 260 2715 Nunquid
285 2645 314 2696 et
338 2639 392 2697 hec
420 2640 578 2713 baptisma,
594 2645 624 2698 et
646 2640 697 2714 qui
720 2641 763 2697 illi
779 2639 948 2714 (Stephane)
1000 2640 1157 2714 episcopis,
1182 2641 1360 2714 preshyteris
1383 2645 1412 2698 et
1435 2641 1608 2699 diaconibus
1631 2646 1691 2714 post
1714 2643 1828 2713 touqum

120 2731 321 2798 consentiunt,
337 2729 583 2803 comprobanti...
601 2730 698 2787 Potest
717 2730 796 2786 credi
812 2730 946 2787 remissie
1000 2738 1103 2802 tempus
1125 2728 1218 2787 subite
1242 2729 1380 2802 apparuit
1402 2729 1519 2787 mulieri
1544 2746 1610 2803 quta
1639 2730 1706 2787 istic
1729 2731 1827 2787 subite

120 2825 306 2894 peccaterum
322 2820 423 2876 data...
439 2819 491 2875 nbi
515 2819 624 2888 emnia,
641 2819 776 2891 quamvis
790 2819 826 2876 ad
842 2819 946 2892 imagi·
1001 2819 1171 2890 emerserat)
1189 2817 1311 2891 dignum
1336 2818 1441 2875 fuisset
1464 2823 1497 2875 ut
1519 2819 1549 2876 S.
1565 2818 1709 2891 Cypriane
1724 2817 1828 2874 fuisset

120 2926 188 2966 nem
204 2907 345 2975 veritatis,
355 2912 452 2964 tamen
465 2924 516 2981 per
530 2909 692 2964 demonem
708 2912 792 2981 gesta
806 2911 874 2964 sunt
890 2907 948 2964 nisi
1000 2907 1195 2980 perscriptum
1212 2906 1275 2965 lece
1286 2906 1397 2964 Rustici
1408 2908 1497 2980 (qued
1513 2912 1558 2964 cst
1568 2924 1674 2964 nemen
1690 2908 1824 2963 Latinum

119 3002 151 3055 et
174 2998 337 3054 demonem
352 2996 382 3051 in
398 2995 515 3053 neruine
530 2996 624 3053 Petris
647 3000 676 3053 et
699 2996 763 3052 Filii
776 3000 805 3052 et
819 2995 947 3069 Spiritus
1001 3011 1059 3052 nen
1074 2995 1216 3067 Granum)
1241 2996 1412 3070 presbyteri,
1428 2996 1479 3069 qni
1503 2995 1620 3052 mulieri
1643 2995 1827 3053 demoniacas

121 3088 215 3145 sancti
235 3086 359 3161 gratiam
383 3086 523 3159 baptismi
548 3086 664 3142 dedisse
687 3087 878 3155 centendunt,
895 3085 948 3158 qui
1004 3083 1165 3157 permistus
1181 3084 1416 3141 luissestudiese
1439 3085 1573 3141 refertur.
1586 3085 1642 3140 Sed
1659 3101 1755 3141 nonne
1776 3082 1828 3141 illa

120 3176 327 3233 hereticorum
337 3174 485 3247 baptisma
494 3174 689 3232 defendunt.»
704 3175 791 3232 Perre
807 3174 947 3232 narratio-
963 3150 985 3219 c
1005 3173 1150 3230 enarratio
1160 3173 1236 3229 cedit
1250 3173 1279 3228 in
1295 3174 1481 3230 manifestam
1492 3173 1522 3230 S.
1539 3171 1701 3230 firmiliani
1715 3175 1827 3246 episce-

122 3282 193 3323 nem
206 3263 316 3338 incepit
330 3263 377 3319 his
392 3263 507 3320 verbis:
1001 3263 1041 3336 pi,
1053 3262 1203 3334 totiusque
1216 3262 1320 3335 reliqui
1336 3261 1404 3318 cleri
1419 3260 1560 3319 Catholici
1574 3260 1727 3318 infamiam
1737 3261 1752 3317 f
1762 3265 1829 3317 Pra-

163 3353 316 3410 «ltmcrsit
331 3352 397 3409 istie
411 3352 511 3409 subite
527 3351 657 3425 (quando
672 3352 774 3409 fideles
788 3358 867 3410 metu
884 3368 948 3426 per·
1002 3351 1152 3424 sbytarum
1180 3353 1210 3407 et
1236 3351 1405 3419 diaconum,
1426 3367 1500 3423 ques
1527 3349 1642 3406 mulieri
1670 3350 1828 3423 permistos

123 3442 284 3502 secationis
307 3440 409 3498 localis
433 3440 645 3514 ecappadecia
665 3441 694 3497 in
719 3440 791 3498 alias
817 3440 950 3514 regiones
1003 3439 1094 3498 fuisse
1109 3438 1196 3513 paule
1218 3443 1284 3513 pest
1306 3441 1455 3497 detectum
1478 3443 1534 3510 est,
1550 3439 1712 3509 habemus;
1729 3437 1828 3495 nullus

124 3531 285 3604 fugiebant)
301 3530 433 3603 quadarn
450 3528 556 3586 mulier
569 3529 637 3602 (il),
653 3544 717 3601 quta
742 3529 949 3602 principalium
1004 3529 1054 3601 qni
1071 3545 1102 3585 se
1118 3528 1234 3586 mulieri
1246 3528 1442 3603 opposuisset,
1458 3545 1493 3585 ex
1506 3528 1663 3602 episeopis,
1676 3528 1829 3602 presbyte-

124 3619 336 3677 demoniorum
347 3618 458 3690 impetu
470 3617 627 3689 ferebatur,
640 3621 672 3674 ut
679 3633 730 3688 per
744 3615 864 3692 lengum
875 3623 951 3674 tem·
1004 3617 1056 3689 ris,
1076 3617 1120 3675 vel
1143 3617 1316 3675 diaconibus
1336 3622 1496 3692 comparet.
1512 3616 1595 3675 Unus
1618 3617 1829 3675 exorcistarum

124 3725 183 3782 pus
196 3706 376 3776 sollicitaret,
388 3711 417 3763 ct
431 3706 578 3779 deciperet
591 3704 802 3763 fraternitatem
812 3711 842 3763 et
857 3706 951 3763 facere
1005 3722 1169 3781 anonymus
1183 3722 1215 3763 se
1228 3705 1329 3764 erexit.
1345 3708 1405 3763 Ast.

124 3814 158 3855 se
178 3802 287 3854 terram
310 3794 419 3852 moveri
441 3792 635 3867 pelliceretur.
652 3794 764 3860 Quibus
789 3795 951 3853 mendaciis
1040 3797 1076 3852 ll.
1093 3795 1205 3853 Saeule
1221 3813 1253 3852 ιιι
1263 3796 1341 3868 apud
1356 3796 1470 3853 Grecos
1481 3796 1741 3853 nondumfuerunt
1750 3812 1830 3852 exer·

124 3886 241 3942 daemon
252 3883 408 3958 subegerat
418 3888 531 3940 mentes
541 3882 726 3955 singulorum
738 3887 769 3939 ut
780 3885 836 3941 sibi
850 3883 951 3940 obedi·
1004 3883 1083 3942 cistae
1097 3885 1165 3957 (12),
1186 3884 1236 3956 qui
1252 3883 1391 3958 spcialam
1402 3883 1478 3941 inter
1502 3883 1623 3942 clericos
1638 3885 1768 3941 minores
1782 3900 1828 3940 or·

124 3980 203 4045 rent,
219 3980 249 4032 et
261 3991 437 4047 quecunque
457 3973 624 4047 preciperet
647 3977 676 4029 at
699 3973 828 4041 duceret,
849 3988 951 4045 aeque·
1005 3973 1104 4031 dinem
1118 3973 1286 4030 habuerint.
1302 3972 1368 4028 Vid.
1389 3971 1544 4046 Singham,
1560 3970 1582 4028 1.
1598 3990 1640 4040 ιιι,
1654 3989 1678 4029 c.
1695 3974 1722 4043 4,
1737 3974 1752 4041 ἓ
1767 3974 1779 4029 1

126 4069 240 4121 rentur.
257 4063 370 4120 Diceret
380 4066 469 4120 etiam
485 4061 601 4133 mulier,
613 4077 645 4118 se
659 4061 689 4117 in
704 4062 835 4118 induem
850 4061 953 4119 athlie-
1004 4064 1031 4118 2.
1048 4061 1174 4128 Quilibet
1196 4061 1382 4118 Christianus
1397 4060 1447 4118 ille
1467 4065 1599 4135 tempore
1618 4061 1753 4133 ejiciebat
1771 4061 1829 4116 de-

125 4148 950 4225 reselymamfestinarctlngens‚tanquamindevenisset.
1006 4167 1108 4208 menas
1136 4151 1247 4221 obvies,
1263 4167 1321 4208 non
1346 4148 1492 4208 selumex
1517 4149 1697 4220 homiuibus,
1714 4150 1764 4206 sed
1793 4165 1829 4207 ex

126 4242 181 4298 llic
192 4245 323 4299 etunum
335 4241 370 4297 de
381 4239 561 4313 presbyterio
573 4239 812 4307 Rusticum‚itam
823 4239 952 4295 statium
1006 4239 1113 4309 brutis,
1127 4241 1156 4296 et
1171 4239 1242 4297 leals
1265 4236 1381 4296 diabole
1404 4238 1520 4307 dicatis,
1537 4244 1569 4295 ut
1591 4243 1715 4296 testatur
1729 4238 1829 4312 Orige-

127 4331 287 4387 diaconum
295 4329 544 4399 fefellit,uteidem
555 4328 672 4386 mulieri
681 4328 952 4398 commiscerentur,
1006 4346 1070 4396 nes,
1085 4328 1105 4385 l.
1121 4345 1160 4385 vn
1174 4331 1270 4385 centra
1292 4328 1410 4399 Celsum,
1427 4327 1503 4385 circa
1528 4345 1639 4385 aunum
1663 4328 1717 4385 243
1739 4328 1828 4386 edite.

127 4419 209 4492 qued
224 4416 389 4492 paulopost
402 4418 546 4475 dumetum
559 4422 691 4489 asturam
708 4416 806 4474 subite
818 4417 954 4489 apparuit
1007 4417 1155 4476 consentit
1178 4417 1213 4475 S.
1243 4416 1416 4490 Cyprianus,
1444 4415 1567 4490 epistola
1598 4418 1635 4475 ad
1671 4417 1829 4489 Donatum,

127 4524 209 4564 unus
223 4508 259 4565 de
280 4507 442 4565 exorcistis.
454 4507 533 4564 luter
556 4518 661 4564 cetera
681 4505 789 4580 quibus
810 4504 955 4579 plurimes
971 4517 994 4585 Ι)
1010 4524 1072 4581 que
1089 4511 1134 4564 est
1147 4505 1286 4580 genuina,
1298 4521 1324 4563 c.
1339 4508 1367 4562 d.

127 4597 293 4670 deceperat,
310 4594 398 4652 etiam
425 4594 480 4652 hoc
503 4594 670 4667 frequenter
693 4611 766 4653 ause
780 4598 835 4664 ast,
853 4600 885 4651 ut
899 4595 955 4652 liu·
1045 4600 1203 4668 Postquam
1232 4612 1266 4652 cx
1293 4593 1354 4651 illia
1381 4594 1464 4652 Pauli
1490 4595 1610 4653 verbis:
1641 4596 1774 4669 Quotquot
1802 4598 1833 4653 in

128 4684 302 4742 charistiem
312 4684 407 4741 facere
421 4683 586 4755 simularet,
597 4690 625 4741 et
640 4684 815 4741 sacrificium
831 4684 956 4742 Domino
1011 4685 1116 4742 Christe
1126 4686 1206 4742 tincti
1214 4686 1286 4753 satia
1296 4683 1438 4742 Christum
1448 4684 1588 4756 induistis,
1600 4688 1700 4742 centra
1710 4685 1832 4758 Stepha-

127 4774 195 4831 sine
209 4779 392 4831 sacramento
407 4772 499 4830 solite
523 4773 736 4845 predicationis
746 4773 870 4842 efferret,
883 4773 955 4847 bap·
1010 4792 1081 4832 num
1096 4776 1319 4846 argumentatus
1342 4773 1444 4845 fuerat,
1461 4773 1580 4831 subdit:
1597 4796 1612 4826 «
1639 4776 1831 4831 Decurramus

127 4861 232 4919 tinaret
255 4878 373 4936 queque
395 4860 505 4919 multos
531 4862 650 4933 usitata,
666 4866 696 4919 et
719 4860 848 4934 legitima
869 4861 956 4919 verba
1008 4880 1076 4922 vere
1105 4861 1230 4920 breviter
1257 4865 1286 4919 et
1306 4866 1421 4932 cetera,
1436 4879 1533 4935 quea
1559 4863 1642 4922 vebis
1670 4863 1785 4936 copiose
1803 4865 1834 4917 et

178 5181 197 5235 9
224 5180 357 5239 Cleurius
372 5183 459 5239 refert
482 5183 512 5240 iu
538 5182 591 5240 bac
617 5182 647 5240 S.
672 5180 846 5239 tfercnrium
860 5182 956 5240 virum
1046 5188 1103 5260 (11)
1117 5183 1323 5243 'tillemontius
1337 5185 1392 5243 fuit
1407 5187 1532 5246 miratus
1553 5187 1630 5244 hauc
1644 5183 1797 5244 historiam
1817 5197 1835 5243 a

130 5252 174 5309 mi
189 5253 290 5309 itarem
312 5253 448 5311 Cesarea
470 5254 501 5312 iu
527 5254 708 5328 Cappadocia
731 5254 888 5327 matyrium
904 5272 956 5313 su·
1011 5260 1041 5317 S.
1057 5257 1220 5341 Augustino
1249 5257 1340 5314 fuisse
1367 5257 1553 5330 ignoratam
1575 5275 1708 5333 egenen
1732 5256 1837 5323 mirer,

129 5324 234 5381 hiisse.
251 5323 271 5378 l.
287 5324 416 5407 rafim,
427 5326 472 5382 41.
732 5393 738 5407 ι
804 5394 811 5408 ,
1011 5347 1079 5388 ηηιη
1096 5335 1135 5386 art
1150 5328 1248 5385 fabula
1263 5333 1467 5401 postmortem
1483 5333 1512 5390 S.
1528 5329 1684 5404 Augustini
1701 5329 1835 5387 conficta.

167 5395 225 5467 (ld)
241 5400 301 5451 Hoc
320 5396 463 5470 singulari
489 5397 597 5453 factum
622 5413 682 5453 sue
706 5394 837 5453 Historia
864 5396 958 5455 eecle-
1047 5403 1101 5472 (12)
1117 5401 1200 5474 Apud
1216 5399 1335 5457 Latinos
1351 5401 1497 5461 Romanos
1521 5406 1620 5460 tamen
1636 5402 1731 5475 prima
1755 5416 1838 5457 exor-

128 5465 257 5525 siasticae
272 5466 461 5525 inseruerunt
475 5468 660 5525 recentiores.
676 5464 810 5523 Fleurius
824 5467 843 5524 l.
856 5484 893 5535 vr,
905 5470 957 5538 it.
1012 5472 1153 5530 cistarum
1170 5471 1281 5528 mentio
1295 5473 1421 5529 occurrit
1434 5474 1466 5530 in
1480 5475 1605 5548 epistola
1618 5471 1745 5531 Cornelii
1756 5488 1838 5602 Rape

167 5109 196 5307 {8
221 5108 328 5183 Pagius
342 5111 377 5167 ad
393 5127 504 5168 annum
518 5110 583 5178 253,
598 5127 628 5167 η.
641 5111 668 5169 3.
1009 5111 1336 5175 siasticiseliminanda.

128 5538 172 5597 Pa
195 5539 292 5596 'ucad
316 5555 427 5596 annum
451 5541 515 5612 255,
531 5539 673 5596 baronius
698 5539 734 5596 ad
758 5556 868 5595 annum
893 5541 957 5598 237.
1012 5547 1209 5602 circaannum
1223 5543 1754 5620 251‚scripta;atrelataupudlinsc

126 5612 167 5669 lli
193 5610 201 5665 i
217 5609 317 5668 fabula
331 5611 454 5680 videtur,
466 5612 495 5668 in
511 5617 660 5686 posterum
675 5627 710 5669 ex
726 5608 855 5674 historiis
869 5613 956 5672 eccle·
1013 5615 1033 5675 l.
1048 5632 1100 5691 vu,
1117 5631 1143 5688 c,
1158 5614 1202 5671 43.
1776 5559 1840 5607 mm

293 5740 428 5805 Parnon.
451 5741 505 5805 111.
1641 5751 1687 5815 aa
