3892 6104
78 267 121 328 {3
653 258 875 322 PERPETUAE
895 259 946 321 lla
968 258 1220 321 anticipatis.
1753 259 1791 318 lt

75 389 177 456 fuisse
190 398 315 454 testatur
328 394 378 468 (5).
394 393 450 450 Sed
465 393 592 464 tandein,
608 396 641 447 nt
658 409 715 447 uno
730 392 816 446 verim
831 408 892 446 rem
908 391 1072 456 conficiam,
1086 408 1144 462 qua
1159 391 1271 445 ratione
1293 388 1447 446 hereticus
1461 392 1490 446 et
1511 389 1640 446 lloutani
1654 395 1789 463 sectator,

77 489 117 544 ad
136 485 375 544 cummunionem
391 501 457 540 cuni
474 482 521 538 his
536 482 653 538 feminis
669 481 842 536 servandam
858 496 927 536 suos
951 481 1163 546 adhortaretur,
1180 495 1253 551 quas
1270 479 1298 533 in
1314 477 1523 534 catholicorum
1546 495 1620 551 quos
1635 478 1790 552 Psychicos

75 577 238 643 vocabant,
265 573 472 631 communione
497 571 604 628 obiisse
629 569 786 625 sciebant?
802 570 858 627 Nec
883 569 912 625 id
928 573 1062 641 poterant
1085 569 1218 640 ignorare
1233 567 1252 623 ii
1266 568 1301 622 ad
1324 583 1396 638 quos
1423 567 1484 623 haec
1506 573 1608 625 auctor
1632 569 1789 637 scribebat,
1891 600 1903 624 .

78 666 233 739 siquidem
249 662 364 734 eosqui
380 659 517 733 martyrio
532 664 690 732 presentes
705 659 830 725 fuerant,
845 657 1005 729 alloquitur
1020 674 1026 714 :
1044 682 1057 707 «
1075 656 1415 727 annuutiamusinquit,
1425 656 1518 727 vebis,
1534 657 1639 713 fratres
1653 661 1683 713 et
1696 656 1791 727 lilioli,

78 761 113 813 nt
129 760 159 811 et
173 770 225 810 vos
241 751 291 825 qui
306 749 492 816 interfuistis,
509 747 746 804 rememoremini
762 745 1002 819 gloriabamini,
1022 768 1032 795 ι
1049 752 1104 802 otc.
1122 746 1177 801 Sed
1194 746 1230 800 de
1245 744 1291 800 liis
1306 745 1388 801 satis.
1403 745 1469 804 Jaui
1486 746 1588 817 paucis
1602 747 1638 804 de
1652 745 1711 805 illis
1726 763 1790 820 qua
1835 798 1841 805 .

79 848 110 902 in
128 846 237 900 harum
254 845 415 913 martyrum
434 839 535 894 laudes
549 854 565 893 a
580 835 668 892 variis
681 836 851 891 auctoribus
867 835 1040 902 dictasunt,
1057 834 1203 906 agendum
1219 838 1264 890 est
1278 834 1326 906 (6).

116 930 325 989 Vlll.Celebris
342 944 458 1001 semper
474 926 530 982 fuit
544 925 574 980 in
590 923 894 996 Ecclesiapraasertim
910 924 1230 989 Africana,eanctarum
1245 927 1394 994 Perpetuus
1409 927 1438 978 et
1451 921 1610 982 Felicitatis
1625 925 1788 995 memoria,

78 1024 109 1079 in
127 1037 257 1095 quarum
272 1018 318 1074 dic
334 1017 423 1073 namli
439 1021 499 1071 tres
513 1018 656 1070 tractatae
671 1016 806 1068 sanctum
823 1012 1020 1085 augustinum
1036 1011 1174 1068 hahuisse
1189 1015 1316 1069 testatur
1329 1010 1479 1068 Possidius
1494 1012 1525 1067 in
1538 1012 1671 1082 lndioaile,
1692 1014 1744 1086 qui
1758 1013 1789 1070 in

79 1128 156 1168 nova
171 1109 301 1165 editione
325 1109 395 1162 sunt
409 1105 564 1160 Sermones
589 1117 840 1171 connumeremini
864 1105 893 1157 et
906 1117 1046 1157 cccxxxii.
1071 1101 1248 1171 aliquandiu
1264 1099 1337 1157 haesi
1351 1117 1387 1156 an
1412 1100 1466 1156 hos
1484 1116 1636 1158 sermones
1658 1102 1789 1175 integros

78 1200 139 1257 huc
154 1198 317 1273 proferrem
334 1211 340 1249 z
358 1196 397 1260 at,
422 1209 515 1265 quum
530 1191 560 1247 in
588 1191 721 1247 omnium
735 1191 794 1247 fera
816 1189 953 1246 manibus
968 1190 1133 1246 habeantur
1155 1189 1310 1262 Augustini
1325 1203 1423 1261 opera,
1436 1189 1535 1245 visum
1549 1193 1594 1246 aet
1614 1189 1687 1247 eatis
1701 1190 1738 1258 si,
1752 1190 1790 1248 iis

79 1287 213 1355 omissis,
230 1302 265 1342 ea
277 1300 341 1356 que
356 1282 392 1339 ad
411 1282 482 1337 Aeta
496 1279 675 1355 peculiarius
691 1279 866 1345 referuntur,
883 1279 912 1333 in
928 1277 1037 1334 notulis
1053 1279 1087 1333 ad
1105 1281 1214 1333 textum
1231 1278 1413 1334 adnotarem.
1428 1277 1566 1336 Pluribus
1591 1277 1659 1335 aliis
1672 1278 1703 1334 in
1717 1277 1789 1335 locis

79 1380 116 1435 de
131 1377 241 1433 iisdem
257 1371 437 1442 martyribus
461 1384 623 1440 earumque
638 1367 725 1425 sociis
740 1368 800 1440 agit
815 1367 893 1423 idem
919 1372 1039 1424 sanctas
1055 1367 1168 1423 Ductor.
1183 1389 1197 1417 «
1214 1367 1392 1423 Fortissimae
1406 1366 1555 1440 Perpetuoe
1569 1372 1598 1424 et
1612 1372 1790 1441 commarty-

80 1485 148 1523 rum
167 1492 178 1515 ·
199 1461 335 1521 meminit
349 1457 548 1517 Tertullianus
563 1457 614 1514 lib.
631 1457 664 1513 ite
677 1458 785 1523 Animo,
802 1473 865 1528 cap.
880 1457 927 1521 55,
942 1461 974 1511 at
985 1457 1048 1527 jam
1064 1456 1204 1512 diximus.
1220 1456 1326 1511 Omnia
1341 1455 1549 1529 martyrologia
1563 1472 1665 1513 earam
1679 1457 1788 1515 fastum

80 1557 118 1613 ad
133 1555 214 1610 diem
228 1568 268 1608 vii
282 1548 381 1607 martii
406 1546 545 1612 referunt,
564 1560 624 1617 qua
639 1545 686 1601 die
708 1543 850 1600 hactenus
865 1544 942 1616 apud
967 1561 1019 1599 nos
1035 1544 1206 1601 celebratur.
1240 1546 1287 1600 u
1300 1544 1502 1602 Memorantar
1528 1550 1668 1617 preiterea
1684 1561 1787 1605 aarum

82 1644 208 1701 nomina
222 1642 252 1697 in
267 1653 377 1695 canone
392 1637 485 1694 ltisse
500 1638 647 1701 lfomana,
665 1634 694 1688 in
708 1632 906 1688 vetustissimo
921 1633 1150 1689 sacramentario
1167 1631 1327 1700 Gallicano,
1343 1634 1422 1704 qaod
1436 1633 1530 1690 edidit
1544 1639 1644 1691 noster
1658 1634 1789 1693 ueniun-

83 1735 168 1789 nius.
184 1732 254 1787 Item
269 1729 298 1784 in
315 1742 426 1783 canone
450 1724 545 1781 Missae
560 1722 784 1779 Sacramentarii
810 1721 991 1794 Gregoriani,
1005 1721 1137 1792 quamvis
1150 1721 1256 1777 haram
1273 1727 1442 1778 marterum
1468 1722 1610 1779 festivitas
1622 1723 1701 1781 inter
1713 1724 1788 1782 alias

81 1823 126 1878 ibi
145 1824 258 1877 notatm
281 1833 340 1874 non
356 1812 509 1884 habeatur,
526 1812 605 1885 quod
630 1811 762 1867 fomassis
776 1826 811 1866 ea
826 1814 957 1883 tempore
982 1809 1217 1883 Quadragesima
1232 1811 1391 1880 contingat.
1407 1813 1496 1867 Anest
1518 1811 1607 1867 etiam
1622 1829 1639 1868 a
1653 1813 1789 1870 vetustis·

81 1911 160 1968 simo
175 1905 345 1964 kalendario
370 1901 575 1959 Mabilloniano
590 1898 726 1957 Ecclesia
749 1898 912 1955 africane:
929 1900 992 1969 sed,
1017 1914 1107 1971 quum
1122 1915 1158 1955 ex
1169 1897 1330 1972 Augustino
1345 1903 1456 1956 eertum
1472 1899 1512 1956 sit
1522 1914 1625 1957 aarum
1648 1900 1789 1959 festimta·

81 2006 140 2057 tem
157 1999 223 2070 ejus
238 2002 369 2066 tempore
384 1992 559 2049 celebratam
575 1990 677 2054 fuisse,
694 1989 850 2045 dicendum
865 1988 953 2059 quod,
969 1988 994 2043 si
1009 1988 1038 2043 in
1054 2004 1087 2045 eo
1103 1988 1357 2045 Tnbnrhitonoriim
1372 1989 1489 2045 nomine
1503 2005 1562 2045 non
1586 1989 1788 2063 designantur,

82 2085 288 2144 kalendarium
305 2082 384 2138 istud
398 2081 547 2152 integrum
564 2093 623 2133 non
639 2076 687 2139 sit,
704 2076 734 2130 in
749 2092 807 2147 qao
823 2091 923 2131 revera
937 2075 1076 2133 februarii
1091 2075 1153 2132 dies
1164 2075 1360 2132 duodecimae
1374 2075 1498 2133 martius
1512 2079 1541 2133 et
1556 2077 1655 2149 aprilis
1671 2093 1788 2135 menses

81 2176 187 2250 integri
219 2172 432 2229 desiderantur.
449 2169 531 2232 Quod
560 2169 658 2222 autem
674 2171 781 2220 earum·
806 2162 949 2220 festivitas
964 2163 1051 2220 etiam
1081 2165 1184 2236 primis
1199 2164 1381 2236 temporibus
1410 2164 1507 2221 Romae
1527 2165 1673 2222 celebrata
1687 2166 1788 2239 fuerit,

80 2270 160 2340 patet
174 2281 211 2320 ex
224 2259 339 2317 missali
354 2256 460 2314 Gelasii
476 2260 505 2312 et
519 2271 554 2311 ex
568 2255 689 2326 antiquo
705 2251 913 2326 martyrologio
928 2251 1120 2320 bucheriano,
1138 2252 1187 2309 abi
1203 2253 1264 2309 heae
1280 2253 1447 2310 habentur:
1466 2277 1477 2303 ι
1494 2253 1586 2310 Nonis
1610 2255 1709 2311 martii
1722 2259 1788 2311 Per·

78 2360 173 2429 petua
190 2358 220 2408 et
246 2348 406 2408 Felicitatis
420 2344 533 2402 Africa.
550 2367 560 2394 ι
580 2345 660 2400 tdem
684 2342 794 2399 babent
808 2347 911 2397 catera
925 2341 1142 2415 martyrologia,
1159 2358 1224 2397 cuin
1241 2347 1347 2411 vetera,
1363 2348 1425 2397 tam
1439 2344 1610 2401 maeaticra.
1632 2343 1788 2402 Celebran-

79 2451 213 2502 tnrcum
227 2439 317 2497 sociis
340 2438 370 2493 in
393 2434 555 2508 Menologie
574 2436 739 2490 Graecorum
763 2429 863 2486 Basilii
888 2429 1072 2503 imperatoris
1087 2431 1133 2487 die
1149 2447 1170 2486 ii
1197 2430 1345 2487 februarii.
1371 2432 1480 2488 llarum
1504 2431 1634 2505 reliquie
1655 2435 1788 2507 tempore

78 2531 249 2590 Vandalicas
273 2525 485 2601 persecutionis
500 2539 533 2579 es
556 2522 656 2579 Africa
669 2521 793 2576 Romam
819 2517 920 2575 delate
936 2519 1085 2589 dicuutur,
1110 2520 1388 2592 quaspostmodum
1412 2520 1515 2577 exinde
1537 2520 1681 2578 Rodullus
1704 2521 1789 2579 Bitn-

80 2621 246 2695 rigensium
273 2615 511 2687 archiepiscopus
526 2610 638 2682 accepit
659 2606 947 2681 ascalonemque
972 2608 1002 2663 in
1018 2608 1205 2665 monasteriis
1228 2607 1385 2665 Doverensi
1401 2613 1428 2666 el
1452 2608 1645 2681 bellilocensi,
1662 2611 1698 2669 ab
1723 2611 1788 2685 ipso

80 2710 220 2776 conditis,
245 2704 391 2781 deposuit.
406 2701 489 2758 Certe
514 2700 660 2770 hodieque
675 2697 811 2754 monachi
827 2696 1018 2762 Benedictini,
1043 2697 1104 2769 qui,
1121 2697 1268 2754 destructe
1290 2698 1410 2769 Davara,
1425 2698 1590 2756 Virsionem
1611 2700 1790 2774 migrarunt,

80 2818 110 2857 ae
125 2801 221 2856 beata
236 2797 386 2867 Perpetua
399 2789 539 2864 reliquias
554 2787 661 2845 habere
675 2784 848 2860 gloriantur.

113 2890 171 2946 Sed
184 2889 251 2960 jam
268 2885 332 2955 ipsa
346 2885 417 2938 Acta
432 2878 606 2952 proferenda
620 2881 691 2933 eunt
708 2891 714 2930 :
732 2892 796 2948 que
813 2877 956 2946 quantum
972 2892 1007 2930 ex
1019 2875 1127 2931 nostris
1152 2875 1303 2932 codicibus
1317 2875 1516 2933 emendatiora
1538 2877 1690 2950 prodeant,
1706 2877 1789 2950 quis.

80 2995 148 3053 que,
165 2977 192 3032 si
207 2991 242 3031 ea
258 2989 326 3028 oum
342 2969 428 3026 editis
443 2968 573 3024 conferre
587 2965 723 3031 voluerit,
739 2963 822 3020 facile
837 2963 1094 3019 animadvertet.ld
1110 2967 1186 3019 certe
1200 2963 1398 3035 spernendum
1414 2979 1472 3020 uon
1486 2965 1621 3037 estquod
1636 2964 1788 3024 Saturnini

80 3083 190 3124 nomen
206 3067 237 3120 et
252 3060 426 3133 martyrium
439 3071 540 3114 eorum
556 3071 610 3124 ope
626 3051 851 3110 restituerimus.
868 3051 1026 3125 Hucusque
1041 3049 1082 3106 cl.
1099 3053 1281 3110 Ruinnanius

10 3174 16 3203 i
114 3195 155 3265 (5,
170 3195 247 3264 Aug,
263 3191 353 3246 Sem
369 3184 433 3240 232,
1000 3178 1039 3251 (6)
1054 3176 1166 3249 Mania,
1182 3180 1253 3235 tom.
1271 3177 1364 3235 llius.
1378 3179 1441 3237 ltol.

78 3327 1789 3375 Μ

692 3482 1135 3654 Passio
1168 3469 1190 3581 ¹1

584 3729 938 3819 sinunnuuii
966 3727 1304 3818 iiiiiaiiuuii

327 3898 777 4032 PERPETUAE
822 3897 924 4025 ET
969 3877 1555 4035 FELlGllAllS‘⁷'.

75 4110 166 4182 (Acta
179 4105 254 4162 sina.
272 4101 391 4174 Martyr.
407 4099 441 4155 Ι).
455 4097 599 4166 Ruinear,
615 4112 644 4169 p.
659 4095 695 4148 77
711 4111 774 4167 sqq.
789 4090 1076 4239 Αῧὲἒδῗζχὶῖὓῦῧηῧ.
1092 4088 1177 4148 Man.
1194 4089 1244 4164 111,
1258 4091 1322 4149 633.
1337 4089 1471 4150 Gallautl.
1488 4091 1562 4151 bibl.
1578 4092 1712 4154 venre.
1726 4097 1792 4165 t.11,

781 4421 1099 4513 PRAEFATIO.

124 4577 160 4636 Si
174 4579 267 4634 vetera
289 4572 357 4631 fidei
381 4567 525 4643 exempla,
541 4572 571 4624 et
594 4563 646 4623 Dei
667 4563 792 4638 gratiam
816 4563 918 4622 testifi-
973 4560 1798 4640 cantiaetedittcationemhomiaisoperantia,propteraa

802 4697 904 4758 viriae
918 4696 1068 4759 lectiones
1082 4695 1095 4721 ·

129 4815 306 4875 ¹Passionis
334 4827 434 4870 nomen
460 4810 620 4876 retinemus,
637 4805 708 4879 qaod
735 4804 779 4861 hia
807 4805 874 4859 ncta
901 4806 1051 4875 competere
1077 4800 1173 4874 probat
1200 4800 1361 4858 llotetene'aa.
1376 4803 1409 4859 fn
1437 4803 1497 4860 ced.
1514 4804 1665 4879 Sotiatium.
1686 4805 1802 4865 additur

88 4896 123 4950 iia
138 4892 256 4948 civitate
270 4885 443 4945 Turbitana.
458 4881 516 4938 Sed
530 4881 561 4936 in
574 4895 605 4937 eo
618 4878 676 4935 coit.
692 4877 764 4934 decit
775 4875 915 4948 prefatio,
929 4877 1001 4932 sieut
1015 4877 1040 4930 et
1053 4874 1084 4929 in.
1098 4873 1316 4946 compendiensi.

812 4999 979 5064 variorum
997 5005 1092 5061 notas.

130 5121 172 5195 (7)
189 5119 284 5177 Persic
298 5116 346 5174 SS.
374 5117 406 5171 ln
432 5129 488 5169 ms.
510 5108 661 5167 Casiueusi
685 5106 785 5163 nullus
807 5109 929 5179 apparet
982 5109 1070 5178 prout
1083 5105 1147 5161 sine
1159 5104 1248 5161 dubio
1262 5105 1474 5163 tuncinfroute
1489 5104 1805 5182 multorumoxempla·

89 5195 226 5253 titulus:
257 5190 380 5271 ideoque
408 5184 552 5240 hactenus
570 5178 928 5261 oadesuslscratantium
984 5178 1061 5232 rium
1075 5176 1165 5246 hujus
1180 5175 1321 5259 opusculi
1336 5193 1400 5249 que
1415 5177 1525 5261 passim
1549 5179 1738 5248 exstabant,l
1774 5195 1806 5236 a·

92 5266 202 5326 oculos
216 5257 475 5334 elegantissimum
490 5255 545 5309 hae
562 5269 651 5309 sacrae
666 5255 851 5321 antiquitatis
866 5265 927 5305 mo·
983 5248 1071 5304 batur
1085 5252 1114 5304 et
1128 5247 1263 5304 solebant
1277 5247 1337 5306 illio
1358 5250 1467 5306 similia
1481 5249 1592 5322 scripta
1606 5250 1649 5306 sio
1671 5252 1762 5309 lusori
1783 5249 1806 5319 i,

94 5339 277 5397 numentum
293 5327 510 5400 subterfugisse
529 5324 672 5381 existimo.
690 5323 749 5394 Ego
774 5321 929 5393 Augustini
984 5323 1017 5375 ut
1032 5318 1223 5391 intelligimus
1247 5334 1281 5375 ex
1296 5322 1435 5390 martyrio
1458 5325 1486 5376 S.
1509 5320 1643 5394 Cypriani
1674 5322 1807 5381 al’outio

94 5406 277 5468 anctoritate
303 5403 467 5458 Passionem
494 5395 631 5468 inscripsi
659 5412 666 5462 ;
695 5394 737 5449 ita
763 5394 842 5448 euim
869 5391 931 5463 ipae
985 5391 1111 5446 Diacono
1126 5390 1219 5446 deseri
1225 5395 1283 5461 pto,
1299 5396 1328 5446 et
1343 5391 1408 5447 aliia
1422 5392 1452 5447 id
1467 5408 1571 5464 genus.
1584 5392 1615 5450 Si
1629 5394 1697 5466 quis
1711 5399 1809 5453 tamen

97 5485 185 5540 sucat
201 5478 274 5534 locis
289 5489 381 5546 supra
397 5470 499 5528 relatis
514 5469 544 5523 in
560 5466 636 5522 Peal.
650 5482 737 5532 xcvii,
755 5469 784 5520 et
798 5464 891 5519 Serm.
903 5463 931 5529 3,
986 5462 1084 5518 Gracc
1109 5461 1226 5517 nomine
1249 5462 1416 5534 lfurtyri'nm
1437 5462 1583 5536 appellare
1608 5464 1701 5535 malit,
1722 5466 1811 5523 habet

132 5627 144 5647 ·
160 5621 290 5671 teetienm
301 5620 383 5665 coms
396 5613 559 5661 desumunta
588 5606 698 5657 exedit.
715 5605 743 5655 D.
755 5604 887 5654 Ruinartil
902 5603 972 5653 inter
987 5601 1051 5650 iloto
1065 5602 1164 5673 sincero
1178 5605 1333 5673 martyram,
1358 5615 1418 5666 pag.
1433 5607 1462 5654 77
1478 5607 1505 5654 et
1529 5618 1603 5671 seqq.
1626 5607 1813 5659 denotationes

102 5699 168 5737 aare
180 5689 239 5734 tum
254 5693 287 5730 ex
299 5677 395 5728 eodem
411 5673 560 5730 ltuinartio,
576 5674 633 5719 tuin
648 5682 679 5717 ex
690 5667 843 5781 posthumis
859 5667 934 5715 tuere
949 5664 1076 5713 llolstenii
1091 5667 1162 5713 notia
1176 5676 1206 5711 ox
1222 5675 1281 5727 ejus
1295 5663 1456 5718 adversariis
1469 5669 1611 5736 excerptis,
1626 5672 1682 5720 tum
1703 5668 1811 5725 demant

105 5763 141 5805 ex
153 5742 328 5801 brevioribus
340 5740 370 5792 Ρ.
383 5735 487 5793 Possint
501 5747 516 5786 e
531 5744 586 5785 soc
600 5734 688 5787 tesaa
723 5729 830 5783 easdam
845 5731 923 5783 nome
937 5725 1154 5793 paralipomenis.
1169 5725 1232 5791 Epa.
