3900 6112
71 260 142 333 'eea
676 268 883 335 erraretis
903 230 1198 336 sirenosrrrrrn.
1729 280 1791 341 aro
1868 316 1871 321 -

77 402 310 463 doctrinam
326 404 477 476 amulam,
493 404 544 477 qni
560 408 641 462 extra
652 404 810 463 iiocleeiem
827 403 904 461 ordi·
920 405 946 471 A
961 403 1038 461 datii
1052 404 1148 475 (linc.
1164 407 1208 481 rr).
1220 410 1286 465 ecee
1300 408 1376 465 enirn
1394 404 1480 472 iudea
1501 406 1580 465 Su
1594 408 1790 481 antelmium

79 494 159 551 navit
172 494 365 552 Novatianum
376 494 428 564 (9),
439 498 466 550 et
479 493 508 550 in
519 496 614 551 Africa
629 494 824 551 Nicostratum
836 492 904 563 (10),
958 496 1064 551 assistit
1077 496 1181 567 (diacoi.
1200 498 1238 568 ν),
1254 513 1377 554 coronas
1398 497 1533 554 hilariter
1554 497 1728 571 promittens
1742 498 1791 557 his

77 588 221 657 utrosque
235 582 397 649 haereticos,
419 582 496 638 sicut
511 582 558 639 ille
573 588 645 639 eret.
671 583 724 639 Hic
738 599 805 639 vcro
818 599 904 639 cona·
959 583 1010 656 qui
1027 601 1078 656 pro
1093 600 1127 641 eo
1141 586 1328 658 passionibus
1349 587 1575 642 submittuntur.
1593 587 1789 656 0001131301-

75 674 159 729 tibus
174 672 282 745 quibus
307 676 475 743 potuerunt,
502 673 610 728 multos
630 690 647 728 a
671 677 748 728 recta
763 675 791 727 et
805 671 906 728 catho·
959 675 1077 728 traxerit
1091 690 1118 730 se
1140 675 1211 745 quis,
1238 690 1291 729 riori
1304 675 1426 746 placebit
1452 677 1552 731 anime
1568 690 1638 734 rneae
1655 677 1731 746 (1101.
1747 677 1791 749 x),

76 761 135 818 lica
150 762 206 818 ilde
220 761 377 817 suadentes
402 762 536 817 recedere
558 762 689 818 lecerunt
712 761 780 833 (11),
795 765 824 817 et
840 764 906 833 post
959 761 1010 816 sed
1026 763 1109 818 cadet
1123 763 1159 817 de
1176 762 1371 834 promissione
1392 768 1510 836 propter
1525 765 1720 838 negationem.
1736 766 1791 825 Nos

76 866 108 906 se
124 850 154 905 in
172 866 340 921 perversam
365 854 393 904 et
415 850 470 905 lieo
496 848 636 905 odibilem
661 850 823 905 doctrinam
839 866 904 905 cor·
958 858 1050 906 autern
1065 867 1120 907 non
1142 868 1237 907 sumtis
1260 852 1455 909 subtractionis
1470 852 1526 924 filii
1549 856 1579 910 in
1595 854 1788 931 perditionem,

76 954 162 995 ruere
177 943 395 1010 persuaserunt.
421 938 477 994 Sed
493 938 569 995 sicut
592 939 717 994 istorum
732 939 904 1010 tergiveraa·
958 938 1005 994 sed
1019 940 1085 1010 tidei
1099 943 1128 994 in
1140 942 1350 1012 acquisitionem
1364 943 1477 999 eninm.
1494 946 1610 1014 Propter
1623 942 1695 1015 quod
1708 960 1788 1002 aare

75 1027 207 1083 tionibus
235 1026 325 1081 nimis
355 1043 459 1083 ennius
488 1027 662 1094 contristati,
691 1031 719 1082 et
744 1027 780 1082 de
803 1043 904 1082 eorum
958 1028 1024 1081 erite
1037 1031 1214 1084 armaturam
1238 1029 1286 1083 ilci
1308 1027 1329 1097 ¹,
1357 1032 1387 1084 oi
1413 1032 1523 1101 prossitis
1545 1033 1674 1088 scrutere
1699 1032 1789 1091 iadis

75 1115 240 1187 perditione
257 1115 385 1182 contriti,
401 1116 443 1171 sic
467 1116 503 1171 dc
527 1116 649 1171 aliorum
675 1115 904 1182 conversatione,
958 1116 1041 1185 niolo,
1058 1116 1185 1172 aduersus
1206 1134 1299 1173 orienes
1324 1120 1449 1173 inieci-o:
1465 1120 1501 1169 ¹r
1526 1128 1596 1177 rictae
1618 1120 1747 1178 Ecclesia
1762 1130 1791 1179 et

75 1205 200 1261 Domino
217 1205 386 1271 auxiliante,
411 1222 516 1261 sumus
540 1203 688 1261 latiiicati.
714 1205 791 1260 Deus
806 1211 902 1261 autem
959 1212 1066 1273 uestros,
1082 1209 1108 1261 ri
1132 1207 1242 1261 induite
1265 1222 1310 1262 eos
1335 1208 1451 1263 torio-on
1479 1210 1505 1267 ,iu
1522 1211 1603 1278 litiae,
1628 1215 1657 1265 et
1672 1212 1791 1268 catccah'

74 1295 274 1366 omnipotens,
291 1294 340 1366 qni
357 1295 490 1351 tristibus
507 1295 611 1351 miscet
631 1295 704 1358 leta,
728 1294 904 1367 oppidanos
956 1292 1080 1364 poietin
1104 1297 1313 1366 preparatione
1336 1297 1479 1367 Erreriprtii
1497 1300 1584 1367 pacis,
1611 1299 1642 1353 in
1660 1300 1790 1357 ornatius

72 1381 243 1451 laetificarit,
259 1384 336 1455 quod
362 1383 482 1455 quidam
507 1385 699 1450 comessores,
715 1384 766 1454 qai
790 1383 902 1438 dudum
957 1391 1126 1439 assumentes
1153 1394 1261 1439 scritum
1296 1384 1370 1454 (istri,
1410 1388 1439 1440 in
1476 1402 1528 1457 qirrr
1556 1389 1666 1453 possitis
1693 1390 1789 1447 omnio

75 1471 196 1527 luerunt
211 1470 322 1536 fideles,
338 1488 356 1529 a
372 1472 455 1528 nohis
470 1478 499 1528 et
514 1490 529 1528 a
547 1476 624 1529 recia
644 1472 710 1541 lide,
727 1471 844 1527 diaholo
859 1471 902 1527 in·
957 1472 1048 1541 y'rrcrcto
1070 1475 1233 1544 nequissimi
1257 1474 1347 1544 territa
1371 1476 1393 1510 ¹¹
1416 1476 1600 1545 exstinquere.
1624 1478 1658 1533 Et
1677 1478 1788 1548 potem

74 1560 213 1632 stipante,
230 1576 261 1615 ee
276 1565 456 1632 separantes,
468 1579 534 1616 cnm
550 1563 674 1619 Maximo
687 1562 855 1635 presbytero
865 1561 901 1616 ad
956 1559 1057 1615 salutis
1064 1562 1197 1616 assumite
1206 1563 1227 1597 ¹¹
1241 1562 1398 1631 etpiadionr
1408 1561 1529 1632 Spiritus
1539 1565 1614 1633 quoa
1625 1572 1665 1619 est
1674 1564 1788 1621 acrium

74 1650 234 1705 Ecclesiam
250 1649 423 1705 catholicam
435 1656 463 1706 et
472 1652 559 1706 tidem
573 1655 682 1707 rectam
698 1655 768 1706 suni
782 1648 901 1717 reversi,
957 1648 1014 1717 oet,
1029 1665 1080 1721 per
1093 1664 1199 1705 omnem
1210 1652 1361 1706 orationem
1374 1654 1399 1704 et
1409 1652 1625 1707 obsecrationem
1640 1651 1719 1725 (Epi,
1734 1654 1787 1727 vi),

74 1741 103 1795 at
117 1739 225 1805 denuo,
240 1739 316 1795 sicut
333 1738 426 1811 prius,
443 1738 510 1795 isicii
525 1744 594 1795 suni
607 1740 618 1774 ¹
633 1740 815 1796 consessores
831 1739 900 1795 tide-
919 1774 942 1838 B
958 1738 1078 1793 radicati
1094 1743 1122 1794 et
1137 1738 1250 1795 fundati
1267 1739 1296 1794 in
1321 1737 1425 1794 solatio
1451 1739 1574 1794 iratrum
1600 1756 1651 1813 pro
1670 1741 1787 1799 Christo

74 1827 129 1884 les.
145 1827 335 1900 Quapropter,
360 1827 537 1895 charissimi,
564 1828 717 1884 hortamur
738 1844 787 1885 vos
808 1832 836 1883 ci
851 1826 902 1883 do·
955 1828 1026 1883 icen
1050 1827 1174 1883 Domino
1198 1832 1309 1883 nostro.
1335 1828 1439 1883 Sedet
1463 1844 1547 1899 nanc,
1574 1830 1687 1899 iratres,
1709 1847 1786 1887 com·

74 1932 294 1989 precamurper
308 1915 464 1971 Dominum
479 1922 612 1972 nostrum
628 1916 901 1986 assumendorum,
957 1917 1117 1973 rncnriumas
1140 1934 1186 1973 vos
1215 1918 1337 1983 Domino,
1365 1920 1390 1972 ei
1415 1933 1507 1974 omnes
1532 1918 1555 1954 ¹¹
1579 1919 1657 1975 aerio
1686 1922 1787 1991 orate

73 2005 228 2077 predictos
244 2004 393 2060 hereticos
417 2009 446 2060 et
460 2022 562 2061 ornnes
587 2022 661 2077 quos
676 2022 693 2060 a
708 2010 786 2060 rect-a
803 2005 858 2059 ilde
875 2008 903 2059 et
956 2008 1026 2077 ejus,
1042 2008 1093 2077 qni
1104 2010 1189 2077 potest
1211 2008 1349 2077 perticere,
1373 2011 1398 2062 et
1412 2007 1481 2062 ctare
1504 2006 1692 2064 trereditatem
1706 2008 1786 2065 nohis

73 2093 209 2151 doctrina
237 2096 401 2164 apostatare
426 2095 626 2164 cognoveritis,
652 2092 901 2149 exhortationihus
955 2110 1017 2151 cion
1046 2096 1176 2150 amitibus
1202 2097 1306 2150 sanctis
1335 2095 1402 2165 (ici.
1432 2100 1488 2163 xx).
1514 2096 1573 2163 lpse
1599 2101 1694 2153 ouiem
1716 2098 1787 2155 Deus

73 2187 103 2239 ai
132 2183 217 2239 honis
242 2181 347 2239 studiis
372 2183 474 2239 vestris
499 2185 535 2239 ad
564 2182 736 2239 catliolicem
761 2182 847 2237 tidem
873 2186 902 2238 et
953 2186 1071 2255 pacisci
1094 2183 1289 2240 consolationis
1305 2184 1326 2218 ¹¹
1348 2184 1481 2239 detectas
1505 2184 1625 2256 idipsum
1646 2188 1785 2250 saporata

73 2282 186 2327 rectam
216 2272 378 2328 doctrinam
408 2276 573 2327 convertere
609 2271 786 2340 contendite,
815 2275 844 2326 et
870 2270 900 2327 in
955 2274 1221 2345 alterutrorntltorn.
1239 2274 1295 2345 xv),
1313 2263 1576 2329 utvohisinricem
1593 2276 1783 2345 succurratis,

76 2362 125 2417 liei
156 2361 303 2417 uoluntate
333 2361 485 2433 persistere
514 2360 643 2417 suadete.
675 2362 710 2416 lit
730 2378 786 2416 non
804 2359 900 2415 solum
955 2368 985 2419 ot
1006 2380 1064 2418 non
1088 2362 1153 2418 sitis
1177 2362 1274 2427 divisi,
1298 2368 1330 2417 ui
1359 2363 1387 2416 in
1399 2365 1507 2428 urirncs,
1532 2379 1586 2419 uuo
1612 2378 1660 2419 ore
1681 2368 1708 2420 ct
1728 2380 1785 2422 uno

73 2450 142 2515 hos,
177 2450 226 2506 sed
265 2468 366 2506 orienes
407 2450 456 2522 qui
495 2452 625 2506 nondum
665 2450 752 2505 sidem
790 2454 900 2505 rectam
954 2452 1326 2521 cordationorificetiseirrn,
1349 2451 1378 2505 in
1395 2452 1581 2507 concordiam
1607 2453 1783 2511 etronsola·

73 2544 279 2613 perceperunt,
304 2540 339 2593 ad
362 2539 538 2595 catholicam
563 2540 650 2595 tidem
680 2540 836 2611 perducere
861 2538 901 2593 tc·
955 2544 1063 2598 tionem
1081 2542 1215 2603 tratrem,
1231 2544 1280 2611 qui
1293 2551 1376 2611 potest
1390 2543 1554 2611 roufinnare
1567 2557 1613 2597 vos
1632 2542 1784 2601 secundum

71 2628 191 2684 stinate.
222 2628 291 2696 tiaris
320 2643 406 2697 neqrrc
440 2644 512 2683 rnors
541 2628 607 2699 (12),
640 2644 729 2699 nelarie
758 2632 823 2697 uita,
851 2642 900 2683 ne·
954 2630 1137 2701 Erranoeiium
1151 2631 1219 2703 ejus,
1227 2631 1309 2701 juata
1324 2632 1519 2685 renotationem
1533 2634 1632 2686 aienti
1645 2634 1783 2704 mysterii,

69 2732 127 2789 quc
156 2718 257 2787 anpeti,
295 2734 380 2787 neqrrc
410 2718 593 2787 primipuius,
627 2733 714 2788 neque
751 2717 899 2785 instantio,
955 2722 1122 2791 terirporitrus
1150 2720 1255 2774 scilicet
1289 2722 1427 2791 perpetuis
1455 2720 1542 2789 (Ruina.
1577 2726 1644 2788 xii),
1673 2721 1784 2794 quihus

70 2823 160 2877 neore
196 2808 301 2875 (01100,
340 2822 426 2877 saepire
462 2808 604 2876 tiu-tilieto,
639 2823 725 2877 rreorrc
765 2806 898 2872 utilitato,
953 2808 1036 2864 veliis
1061 2809 1226 2862 futurorum
1251 2807 1425 2879 germiorum
1453 2806 1603 2879 largienda
1627 2814 1697 2865 suni
1717 2825 1782 2867 ma-

70 2912 159 2967 urone
184 2894 365 2966 palpandum,
394 2911 481 2967 neriae
509 2900 637 2951 creatura
664 2898 731 2961 atio,
760 2896 900 2967 Magistro
954 2914 1032 2953 nere.
1049 2896 1241 2966 Summoporr
1257 2896 1441 2949 considerare
1460 2896 1546 2951 etiam
1563 2897 1687 2964 dehetis,
1703 2900 1781 2971 quod

69 2984 211 3039 tieutiam
235 2984 366 3047 docente,
389 2985 490 3054 proterii
514 3000 562 3038 rios
582 3000 713 3055 seperare
735 2985 901 3040 ordiaritate
953 2986 994 3041 ilii
1011 2986 1060 3057 qrri
1077 2986 1216 3039 iratribus
1239 2984 1379 3049 invident,
1405 3001 1514 3055 coatrae
1541 2987 1681 3042 darnnara
1695 2992 1783 3059 atque

71 3074 185 3129 Dornr'ui
199 3075 285 3128 nostri
305 3078 371 3130 ‚iesu
397 3073 497 3128 christi
521 3076 610 3142 (dorii.
636 3076 707 3144 vrri),
734 3078 771 3140 et,
788 3090 852 3144 quse
868 3074 898 3130 in
953 3078 1073 3147 perdere
1088 3074 1220 3145 cupiunt,
1238 3090 1289 3146 per
1303 3089 1334 3128 se
1351 3076 1373 3109 ¹¹
1390 3090 1444 3129 sua
1461 3073 1599 3145 dogmata
1614 3074 1782 3133 destruunt.

70 3162 139 3235 ipso
153 3166 208 3231 est,
223 3178 240 3216 a
254 3168 332 3217 recta
347 3162 412 3217 tide.
429 3160 523 3217 Nolite
536 3162 635 3233 itaque
658 3162 792 3218 amittere
806 3164 896 3217 cond·
913 3141 935 3207 (ἶ
957 3165 1028 3219 llicit
1043 3162 1121 3219 enim
1146 3162 1307 3218 eominus:
1325 3161 1409 3217 Omne
1428 3176 1543 3233 reanum
1565 3163 1595 3218 in
1617 3178 1646 3218 sc
1662 3163 1784 3221 diuisum

71 3251 203 3307 dentiae
220 3258 357 3321 aristeum,
380 3267 444 3322 quie
465 3268 602 3323 irriguam
628 3251 715 3307 tretici
730 3268 896 3307 renumera·
954 3270 1008 3309 ison
1023 3254 1125 3314 studit,·
1141 3254 1170 3307 et
1192 3250 1288 3307 omnis
1315 3250 1437 3307 scientia
1461 3254 1490 3305 et
1509 3250 1555 3306 lex
1579 3251 1734 3309 adversum
1750 3268 1782 3311 se

70 3338 194 3395 tionem.
220 3338 365 3395 Patientia
392 3339 469 3395 enim
496 3339 580 3397 nobis
608 3341 770 3397 necessaria
794 3347 839 3397 est
862 3342 897 3397 ad
954 3342 1056 3401 divise.
1073 3358 1130 3397 non
1147 3340 1247 3397 stabit.
1265 3341 1390 3412 ideoque
1410 3354 1527 3397 necesse
1553 3344 1598 3396 est
1613 3345 1647 3396 nt
1660 3357 1780 3399 concor·
1865 3404 1869 3409 ,

70 3428 293 3483 collrictationrs
315 3428 558 3495 adversariorum,
584 3434 729 3500 quatenus
751 3430 898 3486 111101010-
953 3432 1071 3488 dialiter
1094 3430 1228 3487 salubres
1252 3428 1422 3500 srrscipiotis
1446 3428 1590 3500 hortatus,
1615 3428 1689 3485 nihil
1716 3446 1781 3503 per·

67 3520 244 3573 temeratam
261 3533 353 3587 usque
368 3518 396 3570 in
412 3520 499 3572 tinem
511 3523 726 3585 conservantes,
743 3518 897 3589 repromis·
953 3520 1168 3577 contentionem
1180 3521 1309 3591 agentes,
1325 3518 1375 3573 sed
1393 3518 1428 3573 ad
1444 3534 1530 3573 omne
1548 3519 1678 3574 studium
1694 3520 1781 3576 devo·

65 3606 180 3662 sionem
211 3604 418 3678 perpiciamus,
450 3622 538 3676 quom
573 3606 741 3678 repromisit
772 3606 818 3663 his
846 3606 897 3679 qai
952 3608 1040 3665 tionis
1055 3606 1332 3670 unaninree,diuinis
1345 3609 1374 3661 et
1385 3604 1553 3675 apostolicis
1564 3605 1781 3663 constitutioni·

65 3694 199 3767 legitime
222 3698 334 3750 certare
360 3700 524 3766 properant.
548 3695 641 3751 Aritiuc
665 3697 741 3751 enim
760 3696 898 3752 modicum
952 3698 1008 3753 hus
1024 3695 1159 3769 pareatis.
1177 3699 1249 3750 tiata
1263 3696 1389 3767 septimo
1405 3694 1427 3731 ¹¹
1440 3694 1507 3750 idus
1521 3694 1708 3767 septembris,
1724 3695 1781 3752 Do-

62 3786 282 3857 atiqauruiutum,
307 3786 357 3854 oui
376 3787 507 3839 rreruurur
528 3788 577 3852 est,
605 3786 704 3851 tientes,
725 3790 753 3840 ei
768 3802 825 3840 non
838 3790 895 3841 tar·
951 3786 995 3843 cio
1006 3786 1063 3858 (13)
1074 3791 1103 3840 01
1118 3784 1244 3841 Maximo
1260 3782 1330 3839 viris
1345 3782 1518 3839 clarissimis
1530 3782 1700 3839 consulibus
1712 3782 1780 3855 (11).

788 3892 891 3954 Variae
912 3892 1073 3955 lectiones.

97 3997 351 4053 ¹Fuerunttait¹
390 3998 470 4053 ¹tts.
499 3998 614 4067 Collepii
637 4000 727 4054 Poris.
750 3999 808 4053 Soc.
833 4001 897 4055 iesu
922 4002 988 4055 teste
1014 3999 1157 4055 tioniuino
1184 3998 1251 4066 lepis
1276 3998 1363 4051 :trare
1388 3998 1446 4052 illei.
1485 3992 1783 4052 ¹ldruaddrersn⁸

62 4068 212 4123 inimicos.
253 4072 275 4103 ¹⁰
299 4071 330 4124 lat
352 4086 401 4125 rns.
430 4071 525 4139 ignea.
566 4072 586 4105 ¹¹
612 4070 641 4124 ta
663 4087 715 4126 ries.
740 4070 878 4142 Accipite.
917 4072 988 4129 Η10
1016 4072 1108 4127 cotem
1132 4087 1185 4126 iris.
1209 4071 1422 4125 stertilianae.
1462 4066 1777 4125 1310008010110010·

63 4140 88 4177 ¹¹
100 4142 134 4196 ta
147 4156 199 4193 nis.
219 4144 273 4195 Pro
287 4158 328 4195 se.
369 4142 390 4175 ¹⁵
405 4140 511 4197 Octavo
528 4141 610 4197 inti,

780 4222 942 4283 Variorum
974 4228 1067 4283 notae.

60 4341 128 4381 esse
145 4326 351 4397 resp-uatissci.
371 4326 456 4381 Plura
473 4328 500 4381 ia
519 4328 594 4381 iretis
621 4328 821 4399 sequentihus.
839 4330 893 4383 lta·
949 4334 1027 4383 rrrnt.
1044 4330 1099 4383 lies
1115 4332 1197 4400 gesta
1216 4328 1425 4383 describitnra
1445 4326 1586 4397 cypriano
1611 4322 1698 4395 epist.
1713 4336 1780 4380 xiix

62 4396 178 4461 ronias,
196 4414 271 4452 anno
294 4400 356 4467 254,
383 4416 504 4453 nurnero
527 4399 572 4466 32,
599 4399 892 4470 ascalonitanam
950 4400 985 4455 ait
1012 4400 1178 4467 (latrantium,
1210 4404 1239 4454 nt
1267 4416 1303 4453 nri
1331 4398 1366 4451 ad
1395 4400 1589 4461 .·tn¹onianurn,
1617 4398 1781 4452 secundum

60 4484 189 4524 nurnero
204 4470 239 4524 5)
253 4475 282 4524 et
297 4469 475 4541 quihrrsdarn
491 4470 692 4541 sequentihus.
709 4472 810 4525 Seven.
829 4476 892 4526 llis.
950 4472 1108 4526 amionem
1129 4470 1250 4537 Pamel.,
1268 4477 1296 4523 et
1320 4473 1435 4523 constat
1455 4483 1490 4521 ex
1516 4466 1639 4539 epistola
1654 4466 1782 4523 (tornelli

96 4540 137 4611 (9)
162 4540 217 4609 Qui
239 4544 323 4595 cairus
352 4541 500 4596 driostunt
528 4540 666 4597 ordirraeit
694 4543 890 4597 Nouatiunuin.
950 4544 987 4597 art
1010 4543 1125 4596 t'atiiruu
1151 4541 1355 4606 :intinctionem
1382 4555 1470 4609 arram
1497 4553 1532 4593 en
1558 4540 1679 4593 ttuseliio
1702 4554 1780 4595 nune

58 4610 194 4666 Neritus
210 4612 259 4682 qrri
273 4610 362 4666 esemel
388 4611 416 4666 in
442 4613 537 4667 At'rica
553 4630 604 4684 por
628 4629 700 4668 suos
723 4613 892 4669 cathedram
950 4616 1077 4685 primurn
1096 4614 1125 4667 in
1142 4613 1196 4667 troc
1212 4617 1290 4667 torno
1305 4612 1494 4666 conciliorum
1518 4611 1648 4680 imprimi
1665 4609 1781 4666 curari-

59 4685 166 4737 rontra
192 4684 359 4738 cathedram
389 4684 452 4737 diro
482 4684 640 4739 schismate
669 4683 837 4752 collocarat,
861 4662 931 4739 utD
950 4702 1026 4739 nrrrs.
1044 4684 1147 4739 lieren.
1166 4683 1393 4754 prndietoanno
1417 4697 1538 4737 numero
1561 4683 1639 4737 6501
1655 4698 1781 4755 sequen·

59 4752 193 4809 intelicia
220 4755 352 4826 germina
384 4756 446 4826 ipse
475 4770 542 4810 cum
567 4754 745 4811 Felicissimo
775 4772 832 4810 rino
861 4772 894 4811 ae

60 4826 160 4897 [trimo
185 4830 225 4881 tot
249 4826 410 4881 infelicium
440 4843 562 4881 casarum
588 4832 714 4895 auriono,
739 4828 768 4883 in
798 4832 894 4883 traus-

61 4895 210 4951 marinam
236 4914 352 4969 quoqne
376 4896 533 4953 Ecclesiam
559 4904 740 4971 propagaret.
772 4899 893 4954 ltomam

61 4984 92 5021 st·
108 4966 244 5033 riirtulit,
260 4973 364 5025 nactus
390 4971 571 5024 niteasionem
594 4970 672 5026 sedis
688 4972 827 5040 vacantis,
845 4988 896 5042 per

61 5040 196 5095 trondem
216 5040 375 5096 mullorum
396 5041 510 5097 animos
530 5041 585 5095 sihi
608 5041 782 5113 conciliavit,
800 5048 832 5097 ut
847 5056 894 5097 eo·

60 5126 130 5167 rum
157 5112 262 5175 lavore,
289 5118 331 5166 rel
357 5113 429 5185 ipse,
456 5112 497 5167 rel
524 5111 627 5167 saltem
654 5113 760 5184 reliquis
784 5130 819 5168 cx
838 5113 895 5169 sibi

59 5182 230 5238 tarentinus
247 5184 275 5238 in
297 5184 365 5239 aede
387 5183 535 5254 prontitiria
558 5184 725 5246 crillocetur,
753 5189 839 5256 atque
856 5186 896 5241 ita

59 5253 155 5309 semel
181 5256 339 5310 condatum
366 5254 495 5311 schisma
521 5260 622 5310 eontra
648 5257 823 5327 (lyprianum
851 5274 894 5311 re·

59 5324 153 5380 citius
169 5326 319 5381 solidetur.
344 5326 398 5381 Sed
425 5343 503 5391 carm,
523 5331 577 5381 lieo
604 5326 726 5393 volente,
744 5326 895 5383 Cornelius

56 5397 199 5469 opinione
216 5398 301 5452 citius
320 5400 447 5469 pontifex
470 5404 628 5455 arear-etur.
647 5401 845 5469 partiendam
862 5417 895 5456 ac

56 5468 175 5535 dolum,
193 5472 331 5540 grissibus
354 5471 511 5525 calrrrnniis
528 5470 555 5523 iu
582 5472 749 5525 Cornelium
770 5472 894 5543 sparsis,

56 5544 167 5615 prater
192 5540 300 5596 rrrultos
324 5542 505 5597 corilessores
530 5542 622 5607 aleria
648 5542 813 5613 praeclaros,
836 5546 895 5599 tros

57 5611 218 5684 episcopos
234 5613 263 5668 in
279 5614 416 5669 eumdem
433 5612 598 5679 concitavit,
623 5613 672 5685 qui
699 5614 894 5671 Novatianum

55 5684 244 5741 clandestine
262 5684 431 5759 poniificem
451 5690 617 5743 Romanum
632 5684 760 5745 electum
776 5686 893 5746 ordina·

56 5758 146 5837 rent
161 5758 192 5819 et
204 5756 336 5839 pdniunr
351 5755 773 5827 schismassootesiattomana
787 5757 893 5827 conta·

950 4757 1039 4812 iilius.
1057 4761 1157 4809 Seven.
1176 4755 1237 4809 Bra.

985 4826 1041 4898 (10)
1058 4828 1249 4883 Nicostratum.
1266 4829 1305 4879 De
1324 4841 1358 4881 oo
1373 4827 1456 4898 Cypr.
1482 4825 1534 4897 Ep.
1560 4840 1646 4879 nram
1660 4830 1689 4879 et
1703 4838 1782 4879 xnrx.

953 4902 1037 4953 lanu.

986 4969 1041 5040 (ll)
1062 4969 1158 5022 ttrrttos
1174 4984 1190 5022 a
1206 4974 1278 5024 recto
1299 4968 1352 5041 (110
1371 4968 1499 5022 recedere
1521 4968 1655 5036 sacrarent.
1674 4966 1780 5019 Roma-

951 5057 1003 5095 nos
1020 5041 1140 5095 clericos
1156 5040 1184 5094 in
1200 5056 1296 5095 errore
1312 5038 1407 5094 adhuc
1423 5040 1554 5093 detentos
1572 5039 1669 5105 hirtaco,
1686 5036 1780 5091 Maxi·

950 5128 1044 5179 nmm,
1056 5109 1597 5177 Nicostratnm,Urbanum.Sidonium,
1607 5108 1779 5176 Macarium,

950 5182 1125 5251 (tolerinum,
1142 5187 1171 5238 et
1185 5182 1269 5251 alios,
1287 5199 1343 5238 uno
1360 5182 1440 5237 Mose
1464 5182 1631 5253 presbytero
1648 5184 1780 5250 excepto,

950 5255 979 5309 in
996 5272 1079 5311 eriam
1096 5256 1270 5311 sententiam
1291 5270 1343 5326 per
1366 5252 1449 5308 dolos
1465 5268 1498 5307 ac
1522 5254 1640 5306 t'randes
1654 5250 1780 5323 pellexe-

950 5332 1031 5387 rnnt,
1048 5331 1079 5382 ut
1095 5331 1171 5399 patet
1186 5343 1219 5381 eu
1236 5327 1374 5398 praedicta
1389 5322 1523 5395 eriistola.
1540 5323 1644 5377 Seven.
1661 5326 1724 5377 Bru.

985 5398 1041 5480 (12)
1067 5400 1136 5467 Ouio
1159 5414 1246 5469 ireque
1273 5414 1355 5451 rrrrrrs.
1382 5396 1446 5451 Hrec
1470 5399 1500 5449 et
1522 5393 1676 5463 sequentia
1704 5408 1780 5464 saepe

950 5470 1065 5541 repetiit
1081 5470 1223 5524 iterentur
1237 5470 1266 5523 iu
1283 5468 1371 5522 variis
1393 5466 1563 5539 pontitiourn
1581 5465 1781 5522 Romanorum

951 5560 965 5599 e
989 5540 1093 5595 isteli·=.
1113 5550 1195 5595 tarra.

968 5560 1044 5687 Ρ(13)
1062 5614 1152 5668 tlecio.
1168 5614 1248 5667 Anno
1261 5609 1316 5664 250
1332 5616 1388 5669 aut
1400 5624 1461 5681 seq.
1477 5608 1567 5665 huna.
1611 5679 1616 5689 Ι

990 5686 1046 5763 (11)
1059 5683 1231 5745 cornilius.
1252 5682 1317 5743 Noa
1341 5690 1417 5747 sunt
1437 5682 1467 5739 in
1480 5678 1618 5814 testim
1635 5675 1797 5745 conselati

1616 5764 1647 5811 tis
