3892 6104
99 330 138 390 8¹
516 332 594 393 PRO
616 331 671 393 SS.
695 329 917 400 saeratae,
941 324 1172 388 FELICITATE
1195 327 1245 386 CT
1267 326 1402 389 sotiis.
1426 272 1434 288 e
1772 337 1812 400 82

100 480 157 517 nes
171 467 201 518 et
217 463 385 536 prophetias
401 465 519 538 plurimi
538 465 691 534 faciebant,
711 461 930 538 amplecteban·
944 458 972 525 Α
987 458 1043 512 bus
1057 457 1300 514 Montanistarum
1315 457 1433 516 haeresis
1450 461 1635 532 potissimum
1655 471 1810 540 grassaba-

98 558 154 606 tur
168 557 198 608 et
210 553 403 622 honorabunt,
416 561 444 609 et
455 555 532 610 hanc
545 554 673 626 primum
685 570 743 608 sure
755 552 790 607 ab
803 546 931 606 Ecclesia
984 550 1045 615 tur,
1062 546 1090 601 in
1108 546 1280 601 deteriorem
1302 548 1392 603 ferrae
1408 556 1519 619 partem
1543 560 1696 626 acceptum
1713 562 1768 625 est,
1783 565 1812 617 et

98 642 263 697 secessiaai
278 641 405 700 colorem
422 647 647 715 prateruerunt,
663 643 741 697 undo
762 641 850 696 etiam
867 654 929 693 sce·
985 639 1018 690 ut
1034 634 1141 690 mentis
1156 634 1371 703 alienationem,
1386 637 1523 710 furorem,
1536 643 1756 718 amentiamque
1769 648 1810 706 si·

97 729 194 785 lerata
210 731 308 800 factio,
327 736 359 788 at
380 720 413 788 ex
428 732 584 804 Serapione
599 735 715 788 coastat
738 730 804 802 (35),
822 743 928 783 nornen
983 723 1112 796 gnificat.
1132 723 1213 778 Unde
1229 740 1295 779 cum
1310 741 1344 779 ea
1367 731 1539 798 tempestate
1555 730 1719 792 Catholicae
1735 737 1811 795 inter

97 818 226 891 accepit,
241 824 270 876 et
285 844 300 870 a
315 821 395 877 Nova
409 821 562 893 prophetia
578 821 728 876 nominata
743 824 797 874 est.
816 842 826 870 ι
846 817 927 882 Quod
983 816 1011 868 et
1026 812 1230 880 Montanistas,
1247 811 1426 870 Tertulliano
1441 819 1524 884 teste,
1543 819 1754 891 disputaretur,
1770 842 1808 884 aa

95 924 159 964 saae
174 909 257 981 ipsas
270 914 356 965 sectas
371 927 478 966 nomen
494 909 646 976 indidisse,
672 909 718 963 his
733 907 829 963 verbis
844 908 926 961 Aste-
983 918 1053 957 verae
1078 901 1236 974 prophetie
1263 902 1371 958 extasis
1402 906 1578 973 conveniret,
1609 910 1806 973 affirmantem

96 998 162 1053 rius
186 997 324 1054 Urbanas
348 998 468 1055 clareat
489 1004 588 1071 aperte
611 1001 736 1053 testatur
758 996 814 1068 (36)
828 1012 834 1050 :
860 1019 874 1044 a
890 995 927 1050 Et
981 991 1147 1064 opinionem
1164 990 1358 1062 Montanistae,
1375 998 1529 1065 negantem
1541 997 1680 1055 Catholici
1696 1018 1805 1075 propu-

95 1084 259 1142 Eaclesiam
283 1086 365 1142 illias
390 1087 445 1143 loci
476 1087 734 1160 deprehendissem
765 1101 838 1141 aava
864 1083 923 1154 illa,
981 1082 1119 1154 gaabaat.
1137 1104 1151 1131 a
1171 1080 1369 1148 Defendimus,
1387 1103 1401 1131 u
1417 1082 1512 1154 inquit
1523 1085 1720 1147 Tertullianus
1734 1092 1803 1167 (lt),

95 1191 156 1230 nan
171 1178 205 1230 at
220 1174 278 1248 ipsi
293 1175 404 1242 dicuat,
421 1175 583 1249 prophetia,
595 1180 649 1231 etc.
668 1197 681 1222 u
695 1174 789 1230 Novas
805 1173 926 1245 prophe·
983 1170 1039 1225 «ia
1054 1186 1141 1225 causa
1156 1185 1236 1225 aava
1258 1169 1429 1242 prophetiae,
1443 1172 1544 1244 gratim
1560 1175 1699 1246 exstasin,
1715 1177 1805 1238 idest

94 1264 164 1335 tias,
186 1267 344 1337 postquam
357 1265 393 1321 ad
408 1265 602 1321 Montanistas
616 1262 735 1336 defecit,
756 1262 867 1334 passim
880 1263 923 1332 ja·
980 1259 1138 1315 amentiam
1172 1260 1326 1314 convenire
1330 1300 1420 1316 ........
1445 1261 1481 1317 de
1506 1279 1563 1334 quo
1595 1263 1674 1321 inter
1696 1283 1748 1325 aas
1774 1272 1816 1327 et¹

94 1357 197 1408 etatet
207 1353 348 1425 praedicat
357 1354 566 1423 Tertullianus,
579 1353 654 1409 libro
666 1353 701 1408 de
711 1350 836 1422 iejuniis
847 1351 921 1423 (37):
978 1349 1133 1422 Psychicos
1146 1350 1269 1420 quaestio
1280 1352 1334 1405 est.
1352 1371 1366 1399 a
1383 1351 1455 1407 Hinc
1470 1352 1571 1425 scripti
1582 1352 1677 1410 eidem
1688 1356 1802 1414 Tertul-

94 1463 110 1491 ν
135 1441 259 1514 Propter
281 1441 337 1499 hac
359 1459 438 1499 aava
461 1442 618 1516 prophetie
644 1444 825 1498 recusantur.
852 1461 866 1490 ν
889 1440 924 1495 llt
977 1436 1056 1494 liano
1079 1454 1131 1509 pra
1147 1437 1333 1495 Montanistis
1356 1440 1496 1497 adversus
1521 1441 1692 1510 llcclesiam,
1711 1449 1744 1502 at
1758 1451 1803 1505 est

94 1530 165 1586 libr.
182 1548 217 1586 rn
232 1535 309 1587 cont.
323 1531 461 1588 Marcion.
477 1533 552 1605 (38):
571 1553 585 1583 ν
601 1531 656 1597 Qui
671 1530 747 1602 apud
764 1529 851 1585 tidem
867 1544 921 1583 no·
978 1527 1054 1599 apud
1070 1527 1277 1600 Hieronymum
1303 1529 1358 1598 (45)
1373 1527 1435 1602 περὶ
1460 1527 1607 1592 ἐκστάσεως
1629 1532 1715 1601 libri;
1732 1551 1801 1592 aon-

94 1624 194 1676 strem
215 1623 259 1676 est
282 1637 363 1678 aavae
385 1621 544 1694 prophetia
568 1636 664 1677 sermo
688 1622 822 1675 testatur.
850 1640 864 1667 a
887 1618 922 1674 llt
976 1619 1023 1672 tra
1037 1632 1103 1671 vero
1128 1615 1263 1682 Miltiadi,
1279 1620 1311 1672 ut
1326 1620 1371 1672 est
1394 1619 1470 1689 apud
1487 1619 1645 1677 Eusebium
1666 1622 1734 1695 (fd),
1749 1625 1801 1680 ed·

94 1708 150 1764 lib.
168 1726 198 1763 rv
217 1709 290 1780 f³⁹l³
309 1731 325 1761 a
350 1711 442 1775 Quam
464 1708 649 1766 defendimus
666 1709 696 1763 in
720 1725 826 1764 caussa
841 1723 920 1763 nove
975 1720 1078 1761 versus
1095 1705 1212 1760 eosdem
1228 1706 1421 1762 Montanistas
1437 1706 1598 1776 heatitulo,
1615 1708 1680 1782 Περὶ
1694 1713 1743 1764 τοῦ
1760 1712 1799 1785 μὴ

92 1797 268 1870 prophetia.
282 1799 340 1854 »Et
350 1797 403 1854 lib.
418 1799 452 1855 de
465 1801 618 1855 desumat.
634 1799 729 1855 carnis
743 1797 818 1869 (lolz
838 1818 852 1846 a
867 1797 959 1893 PerB
976 1790 1030 1848 δεῖν
1047 1795 1191 1870 προφήτην
1206 1791 1232 1848 ἐν
1243 1792 1363 1848 ἐκστάσει
1378 1791 1484 1863 λαλεῖν,
1504 1815 1515 1844 ι
1528 1798 1609 1864 Quod
1625 1814 1683 1854 aon
1699 1799 1800 1858 deceat

91 1901 202 1942 nomm
225 1886 411 1960 prophetiam
439 1888 474 1944 de
498 1886 646 1943 Paracleto
678 1886 879 1942 inundantem.
904 1906 920 1935 κ
975 1883 1147 1956 prophetam
1162 1883 1192 1938 ia
1208 1884 1315 1940 exstasi
1334 1882 1453 1956 loqui.»
1473 1886 1504 1938 ln
1521 1902 1609 1955 quem
1623 1887 1741 1944 llusebli
1758 1889 1798 1946 la·

92 1974 267 2031 l'irmiliana
283 1976 340 2049 (tl)
356 1976 554 2050 Cataphrvges
570 1980 649 2047 sunt,
660 1975 710 2047 qai
727 1998 740 2026 a
754 1991 842 2031 novas
857 1990 921 2047 pro·
975 1989 1040 2028 cum
1057 1973 1129 2028 scite
1142 1972 1277 2029 Valesius
1293 1974 1445 2029 observat:
1469 1973 1633 2032 Catholicae
1652 1976 1707 2034 hac
1720 1994 1796 2050 pre·

91 2063 210 2136 phetiae
228 2081 374 2137 usurpare
397 2069 549 2122 conantur.
567 2087 581 2114 ν
598 2066 638 2121 lla
661 2081 719 2137 quo
735 2064 821 2119 etiam
837 2061 920 2118 intel·
974 2062 1058 2133 cipue
1074 2061 1217 2132 obiecisse
1232 2062 1430 2131 Montauistis,
1446 2062 1497 2134 qui
1508 2079 1540 2119 se
1553 2065 1722 2137 prophetica
1738 2067 1798 2141 spi-

90 2152 226 2226 ligimus,
250 2171 334 2210 navos
356 2171 437 2211 eosa
461 2154 617 2212 Catholicis
637 2169 753 2227 quoque
773 2153 919 2226 prophetas
974 2151 1031 2207 ritu
1048 2150 1149 2224 plenos
1164 2168 1228 2207 esse
1234 2151 1396 2223 jactabant,
1413 2152 1532 2223 quadiu
1547 2153 1655 2210 exstasi
1670 2156 1796 2229 prophe·

90 2242 183 2299 fuisse
200 2242 374 2316 appellatos.
392 2246 459 2312 Quae
474 2261 542 2300 cum
557 2243 598 2299 ita
613 2242 681 2313 sint,
707 2243 918 2299 montanistam
973 2245 1087 2298 tarent:
1104 2257 1171 2297 curn
1196 2245 1304 2308 tamen,
1331 2256 1383 2296 aec
1407 2240 1437 2296 in
1461 2245 1540 2297 Nova
1565 2257 1617 2298 nee
1641 2243 1671 2299 in
1697 2247 1795 2303 lleteri

88 2333 195 2404 atique
210 2330 310 2404 palam
325 2349 356 2388 se
371 2333 467 2404 prodit
486 2336 515 2388 et
543 2332 726 2405 apertissime
754 2331 917 2404 profitetur,
974 2331 1173 2396 Testamenta,
1191 2328 1348 2402 prophetas
1362 2330 1392 2385 ia
1408 2331 1515 2387 exstasi
1532 2347 1662 2403 unquam
1674 2335 1797 2407 prophe·

89 2422 150 2494 qai,
167 2421 351 2477 ferventibus
364 2439 415 2494 per
425 2438 459 2478 ea
473 2426 606 2493 tempora
616 2422 651 2478 de
663 2422 743 2477 navis
754 2420 917 2477 visionibus
971 2422 1050 2475 tasse
1060 2417 1204 2491 legamus.
1217 2419 1416 2491 llcquisigitur
1426 2423 1486 2475 tam
1497 2420 1594 2477 obesis
1603 2422 1795 2496 naribuserit,

87 2512 115 2564 et
141 2511 193 2565 70
214 2510 379 2582 prophetiis
403 2510 566 2567 Catholicae
580 2512 657 2567 inter
671 2516 700 2565 et
723 2509 917 2567 Mantauistus
972 2509 1018 2563 cui
1034 2525 1090 2563 non
1109 2508 1320 2564 llontanismus
1335 2510 1366 2564 in
1381 2508 1541 2581 premissis
1552 2509 1688 2568 Auctoris
1702 2514 1795 2571 nostri

88 2597 233 2667 dissidiis,
251 2615 344 2656 novas
355 2616 386 2655 se
402 2598 526 2656 visiones
541 2604 570 2656 et
582 2600 750 2672 prophetias
761 2615 917 2671 agnoscere
973 2598 1070 2654 verbis
1086 2596 1243 2654 suboleat?
1258 2598 1400 2670 Equidem
1416 2614 1473 2653 non
1489 2614 1523 2655 ea
1542 2598 1614 2654 mihi
1631 2616 1715 2656 mens
1739 2591 1794 2670 est,

64 2734 68 2739 .
88 2692 116 2744 et
134 2687 285 2744 honorare
309 2688 407 2760 palam
432 2694 588 2762 aperteque
609 2692 744 2745 testatur.
765 2689 916 2744 Neminem
971 2686 1001 2741 in
1012 2704 1127 2743 omnem
1138 2687 1460 2760 scriptorem,exstases
1471 2688 1547 2744 inter
1556 2688 1606 2745 Dei
1617 2688 1796 2750 charismata

89 2782 165 2833 certe
194 2776 411 2834 catholicorum
435 2779 476 2833 ita
496 2794 560 2835 ease
584 2779 714 2834 locutum
738 2779 851 2835 ostendi
868 2795 917 2849 po·
971 2782 1181 2845 recensentem,
1198 2777 1338 2832 invidiam
1357 2777 1546 2834 Montaniami
1568 2780 1718 2848 conferre;
1736 2797 1793 2837 aon
1857 2810 1861 2815 ·
1927 2831 1935 2847 ,

90 2870 147 2922 test
157 2883 165 2920 :
177 2865 426 2923 Montanistarum
439 2865 637 2939 illaprafessia
653 2872 707 2935 est,
719 2869 763 2924 cui
776 2867 914 2937 similem,
971 2881 1018 2919 me
1032 2864 1113 2931 latet,
1129 2865 1184 2921 hac
1200 2882 1306 2921 nomen
1318 2867 1348 2920 in
1364 2867 1482 2935 bonam,
1495 2865 1584 2922 etiam
1599 2867 1635 2923 ab
1652 2867 1795 2934 antiquis·

91 2958 248 3027 postquam
265 2953 355 3026 hujus
366 2961 452 3012 secte
467 2957 604 3030 dogmata
613 2957 764 3029 amplexas
779 2961 832 3025 est,
849 2957 916 3011 Ter·
970 2953 1054 3009 simis
1069 2954 1216 3020 Patribus,
1233 2955 1284 3009 80
1300 2956 1477 3026 quandoque
1499 2958 1612 3026 partem
1628 2961 1791 3028 acceptam.

91 3042 235 3099 tullianas
250 3042 297 3100 bis
312 3045 409 3101 verbis
421 3045 513 3101 edidit
527 3046 601 3119 (ἰῆς
620 3070 633 3095 «
650 3046 721 3100 Nam
739 3046 808 3117 qaia
833 3045 915 3118 epiri·
970 3043 1075 3098 Praeter
1088 3043 1383 3112 nocturnasvisionis,
1394 3043 1792 3116 immissaseSpiritusanota

92 3130 160 3187 talia
174 3131 357 3189 charismata
371 3135 570 3208 agnoscimus,
582 3140 661 3191 etc.»
678 3137 719 3191 lta
734 3141 761 3190 at
776 3140 913 3191 Actorum
970 3149 1020 3204 per
1035 3133 1097 3190 dies
1113 3133 1320 3190 innocentibus
1335 3134 1434 3205 pueris
1456 3136 1570 3190 exisses
1588 3134 1731 3192 habemus
1744 3150 1792 3191 ex·

91 3221 202 3276 editor:
219 3243 235 3271 a
247 3222 383 3280 Visiones
395 3241 483 3280 novas
496 3229 524 3281 et
534 3225 702 3297 prophetias
714 3224 911 3297 agnoscimus,
929 3195 950 3263 c
970 3224 1122 3299 cypriana,
1139 3224 1169 3278 in
1189 3240 1273 3296 quem
1285 3223 1365 3278 nulla
1381 3223 1433 3278 hac
1444 3223 1480 3278 de
1494 3239 1525 3279 re
1534 3223 1687 3280 transferri
1696 3229 1793 3297 potest

91 3313 118 3364 et
131 3309 323 3367 honoramus.
346 3335 361 3362 ν
389 3314 486 3386 Atqui,
511 3315 674 3370 secundam
699 3313 913 3386 firmilianum,
969 3331 1062 3387 prava
1078 3312 1225 3386 opinionis
1242 3311 1369 3383 suspicio
1385 3311 1460 3383 (47):
1478 3333 1492 3362 «
1514 3312 1620 3368 Praeter
1634 3317 1792 3371 nocturnas

91 3398 266 3474 Kardppuqts
293 3399 336 3454 illi
353 3400 549 3474 appellantur,
575 3403 624 3474 qui
642 3419 731 3459 novas
746 3403 915 3476 prophetias
967 3404 1105 3469 visiones,
1123 3399 1516 3474 perdiesquoqaeimpletur
1528 3401 1605 3471 apud
1617 3417 1672 3458 aas
1682 3402 1792 3474 Spiritu

90 3503 234 3561 usurpare
263 3495 417 3546 canantur.
444 3497 582 3547 Actorum
608 3493 699 3564 igitur
726 3498 915 3548 concinnator
969 3496 1069 3549 sancto
1082 3506 1236 3563 puerorum
1248 3492 1387 3545 innocens
1399 3493 1479 3559 aetas,
1495 3505 1558 3562 quae
1568 3488 1598 3545 in
1614 3490 1705 3546 extasi
1714 3491 1792 3547 videt

90 3576 308 3650 cataphrygum
328 3594 379 3634 scu
405 3579 652 3637 Montanistorum
674 3581 804 3654 catalogo
826 3581 914 3638 eximi
969 3581 1156 3653 compilatore
1174 3580 1246 3635 ratio
1262 3583 1316 3647 est,
1333 3577 1383 3651 qui
1397 3595 1455 3634 aaa
1471 3582 1504 3634 ut
1517 3577 1679 3651 Cyprianus
1695 3582 1723 3635 et
1742 3579 1792 3636 alii

90 3664 171 3721 nulla
185 3666 300 3722 ratione
315 3672 419 3738 potest.
969 3671 1106 3742 deinceps
1121 3668 1233 3741 antiqui
1246 3669 1355 3736 Patres,
1368 3668 1477 3724 sedatis
1488 3668 1734 3725 Montanistaram
1747 3674 1791 3726 tu·

123 3749 912 3832 Tertium,etilludetiamgravissimumargumentum
969 3760 1122 3827 multibus,
1139 3759 1188 3815 sed
1214 3757 1406 3831 gliscentibus
1428 3757 1459 3813 in
1480 3757 1542 3814 dies
1566 3758 1742 3815 factionibus
1757 3776 1791 3816 aa

89 3843 212 3899 desumo
227 3861 263 3900 ex
277 3845 405 3917 quadam
420 3847 629 3916 observatione,
647 3865 735 3920 qaam
753 3850 883 3905 ductori
900 3880 912 3890 ·
968 3851 1134 3918 dsrordiis,
1146 3847 1265 3904 laudata
1279 3850 1469 3903 monumenta
1479 3846 1584 3903 litteris
1595 3848 1789 3921 consignavit,

89 3933 129 3987 cit
143 3933 195 3987 ubi
211 3939 311 3990 narrat
325 3936 470 4006 quomado
494 3937 636 4009 Perpetua
651 3938 685 3993 ad
700 3938 912 3995 ferocissimam
969 3943 1110 4014 quocerte
1117 3942 1258 4010 tempore,
1271 3937 1573 3994 autaominaexstasis
1581 3937 1788 3994 abstinendum

88 4038 207 4078 vaccam
223 4038 256 4078 se
271 4039 418 4096 pugnasse
433 4041 491 4080 non
506 4026 632 4083 senserit
647 4027 721 4100 (43);
739 4049 753 4079 «
770 4027 832 4083 Illic
844 4032 911 4084 Per·
967 4032 1038 4096 erat,
1055 4031 1105 4083 aut
1120 4026 1160 4082 ita
1176 4026 1330 4093 utendum,
1341 4028 1373 4079 ut
1387 4025 1483 4081 omnis
1499 4025 1535 4081 ab
1543 4041 1576 4081 eo
1591 4041 1685 4097 prava
1701 4024 1790 4099 signi-

88 4114 211 4182 petua...
228 4111 344 4182 quasia
368 4129 471 4169 somno
495 4114 642 4187 expergita
666 4117 759 4188 (adeo,
782 4140 792 4166 ν
818 4117 914 4189 inquit
967 4115 1111 4173 ficatianis
1126 4115 1244 4183 invidia,
1261 4118 1312 4170 aut
1325 4114 1453 4186 suspicio
1467 4117 1674 4171 removeretur.

87 4202 206 4269 Auctor,
229 4224 245 4251 «ι
268 4201 298 4257 in
322 4201 426 4274 spiritu
450 4209 479 4260 et
495 4204 522 4258 in
549 4204 639 4261 extasi
663 4206 768 4278 fuerat)
788 4207 912 4262 circum·

87 4290 303 4363 spicerecoepit
311 4296 340 4346 et
351 4293 744 4365 stupentibusomnibusait:
755 4319 769 4346 a
780 4296 913 4366 Quando,
1004 4297 1053 4353 lll.
1071 4296 1153 4354 Nunc
1168 4295 1241 4351 mihi
1258 4295 1435 4352 adoriendus
1447 4297 1492 4350 est
1508 4291 1682 4363 Dodwellas,
1693 4293 1789 4365 cujus,

86 4378 194 4451 iuquit,
209 4381 401 4452 producimur
415 4383 451 4438 ad
467 4399 584 4439 vaccam
600 4383 680 4439 illam
699 4385 805 4442 nescia.
820 4409 834 4437 ν
851 4390 912 4454 Quo
969 4392 1001 4443 ut
1012 4388 1076 4458 jam
1090 4386 1159 4452 dixi,
1175 4400 1209 4440 ea
1229 4385 1374 4441 sententie
1389 4387 1443 4454 est,
1466 4384 1604 4439 Actorum
1621 4381 1790 4455 compilato-

91 4468 172 4523 enim
186 4467 235 4525 illa
250 4469 415 4527 observatio
439 4473 574 4545 pertinet,
594 4494 606 4526 a
623 4473 694 4529 adeo
720 4475 749 4529 ia
765 4476 871 4547 spiritu
886 4481 915 4532 et
969 4493 1041 4544 rem,
1068 4492 1125 4530 naa
1141 4474 1226 4528 moda
1243 4471 1391 4528 catholicae
1408 4470 1637 4539 communionis,
1648 4475 1677 4528 et
1692 4469 1786 4529 aliena

88 4551 121 4612 in
137 4558 243 4613 exstasi
261 4559 365 4626 ftrerat,
392 4580 403 4608 r
422 4560 477 4615 nisi
498 4561 534 4616 ad
550 4561 754 4618 stabiliendam
770 4566 913 4621 Montani·
930 4566 952 4631 Ι)
968 4583 985 4621 a
999 4563 1186 4620 llantanistis
1210 4561 1300 4616 fuisse
1321 4560 1431 4629 animo,
1456 4560 1506 4616 sed
1522 4560 1615 4622 etiam¹
1640 4566 1788 4618 uteorum

90 4651 201 4702 staram
217 4646 253 4702 de
268 4648 375 4703 exstasi
387 4648 549 4704 doctrinam
560 4650 574 4703 ἱ)
587 4650 693 4706 Verum
705 4651 840 4724 equidem
856 4660 910 4726 est,
967 4670 1057 4710 navas
1070 4651 1237 4724 prophetias
1253 4649 1316 4705 falsi
1330 4648 1523 4720 convinceret,
1548 4649 1667 4708 laudata
1681 4666 1788 4707 manu-

89 4734 214 4791 exstasis
228 4752 336 4791 nomeu
361 4737 391 4791 in
415 4737 521 4794 bonam
538 4744 648 4810 partem
676 4741 805 4814 aliquam
822 4743 913 4802 fuisse
967 4746 1066 4799 menta
1081 4740 1231 4797 studuisse
1246 4739 1362 4813 publica
1377 4738 1441 4796 luce
1457 4741 1573 4798 donare.
1597 4741 1677 4798 Hanc
1690 4743 1788 4797 autem

90 4824 258 4881 aPatribus
271 4830 448 4898 usurpatum
463 4845 470 4896 3
486 4827 523 4882 iis
538 4832 635 4884 tamen
651 4830 833 4903 temporibus
848 4833 912 4905 qui·
967 4832 1054 4888 habet
1077 4831 1200 4904 hujusce
1215 4847 1275 4886 aaa
1286 4831 1367 4886 mirae
1391 4832 1524 4903 prolecto
1540 4830 1685 4905 opinionis
1705 4829 1791 4886 ratia-

124 5020 181 5092 (35)
209 5025 264 5090 Τῆς
299 5019 518 5095 ἐπικαλουμένης
546 5024 605 5085 vta<
643 5044 696 5098 προ
719 5027 821 5098 preter,
855 5035 910 5088 ete.
1002 5029 1048 5098 (40
1071 5028 1298 5101 Capiteultima.

88 5091 369 5235 ἓὲξθαῶιΰσήσκηκ
387 5101 414 5151 et
438 5097 591 5168 Ponticam,
604 5099 682 5171 apud
692 5046 810 5168 Cusab,
821 5099 873 5158 lib.
884 5120 911 5173 v,
1003 5102 1048 5240 (ἐξ
1073 5097 1437 5243 {lippstwiritvptrmtggppgnpg
1449 5099 1494 5154 75.

90 5236 181 5358 Ἔβὸ)
197 5234 246 5323 1(σῖ
262 5230 424 5325 κκτσλαὸξῖνν
451 5239 501 5325 :riv
528 5240 595 5327 κακὰ
622 5240 912 5333 πόντσκ(1(ἶᾳ.τόσ,τον)
1002 5244 1058 5314 (113)
1074 5249 1105 5325 fn
1124 5214 1308 5299 lctisnosst).
1370 5212 1381 5325 Ἰ
1539 5319 1544 5333 .

119 5304 252 5375 axiacae
284 5328 335 5361 uro
362 5329 412 5377 της
441 5330 501 5370 rear
521 5331 645 5392 ussurus,
676 5333 729 5388 ουχ
761 5335 798 5374 ως
837 5315 912 5370 roret
1004 5318 1060 5387 (la)
1076 5316 1137 5369 Lib.
1155 5333 1191 5396 iv,
1208 5319 1280 5369 corat.
1297 5314 1506 5395 lfrrrcrore.,cap
1521 5312 1566 5364 22.
1624 5381 1629 5392 .

145 5400 165 5445 ι,
194 5379 374 5463 apopqcalae,
404 5386 458 5437 etc.
497 5382 558 5437 Lib.
591 5402 609 5453 1,
649 5386 714 5445 ricta.
747 5387 911 5461 Cataprlryp.
1003 5389 1058 5458 (45)
1073 5388 1160 5442 t'utul.
1179 5404 1208 5441 rn
1224 5385 1407 5458 Appollonro,
1423 5389 1450 5438 et
1464 5399 1494 5466 tp
1509 5381 1699 5465 Tertulliano.

113 5451 175 5522 pud
189 5452 307 5522 Euseb,
323 5454 407 5520 laid,
423 5470 485 5526 cap.
504 5456 546 5510 16.
1005 5461 1061 5530 pili)
1078 5459 1138 5512 Lib.
1153 5475 1180 5526 v,
1196 5474 1258 5528 cap.
1278 5459 1308 5510 17
1329 5473 1363 5512 ex
1381 5458 1486 5511 Astera
1503 5453 1571 5511 Urb.
1599 5454 1649 5511 lib.
1665 5471 1708 5523 111,
1725 5456 1786 5513 uita.

124 5523 185 5739 (ἒξ
196 5524 267 5739 ἓξὲξ
282 5525 327 5723 ἐξ.
970 5531 1166 5673 &wirpire
1185 5600 1227 5669 aa,
1241 5598 1277 5654 aa.
1296 5599 1339 5653 10,
