3892 6104
135 274 192 388 ror
710 318 968 384 arsenararro
989 318 1262 384 arosoosrrca
1412 322 1417 329 ·
1778 325 1840 388 roe

135 459 233 515 omnia
247 459 283 514 ad
299 457 453 515 arbitrium
474 455 640 528 contingere
665 455 818 527 potnisset.
845 453 901 510 Res
925 452 955 508 in
969 455 997 523 Α
1012 453 1156 524 Perpetua
1180 457 1209 510 et
1232 453 1330 509 Saturi
1352 453 1493 527 visiones,
1508 454 1605 530 iisque
1625 455 1656 512 ln
1685 471 1735 514 ore
1751 458 1838 518 lamas

134 547 204 603 imis
219 547 344 604 carceris
358 544 489 612 latebris,
504 548 533 600 et
553 544 716 620 recessibus
731 546 818 617 gesta
834 559 955 599 narran·
1009 545 1080 597 tuuc
1094 542 1297 612 versabantur,
1309 542 1421 600 similes
1438 543 1537 616 aliqua
1551 561 1581 601 re
1595 544 1698 616 luisse,
1709 549 1760 604 sed
1776 565 1837 606 non

134 641 192 692 tur.
209 636 283 703 Ouid
297 636 355 693 Deo
370 650 437 690 oum
459 633 638 707 martyribus
662 636 760 691 actum
779 632 876 700 fuerit,
893 631 956 705 ipss
1009 630 1127 688 easdem
1142 630 1262 687 omnino
1278 632 1356 704 quod
1376 631 1441 704 ejus
1465 633 1699 692 emunctissimis
1713 636 1838 696 naribus

133 724 275 781 duntaxat
288 724 367 781 Deus
378 723 459 780 novit
473 726 502 779 et
517 727 667 796 martyres,
685 721 736 794 qui
744 722 807 794 jam
824 734 955 778 excesse-
1010 734 1074 790 qus
1089 719 1175 775 modo
1190 723 1315 792 exstant,
1340 720 1587 780 Montanistarum
1606 723 1758 782 redoleant
1771 724 1836 783 oili·

134 817 209 869 rant.
225 811 296 877 Quis
310 828 378 886 ergo
394 813 556 886 prestaret,
573 828 608 869 ea
629 828 692 883 que
713 809 858 883 Basnsgic
874 809 955 867 idon·
1009 806 1118 865 cinam.

133 899 304 957 tanistarum
338 900 470 958 redolent
498 899 659 971 cilicinam,
684 915 748 957 esse
778 897 955 971 martyribus
1044 894 1175 968 Denique
1192 895 1279 967 iuxta
1301 896 1498 970 hypothesim,
1518 915 1608 974 quam
1624 900 1654 957 in
1669 900 1725 958 hoc
1740 901 1837 977 capite

132 1004 235 1061 reapse
245 989 444 1058 tribuenda,et
455 1007 513 1048 non
526 989 621 1062 magis
631 987 812 1062 explodenda
821 989 855 1042 ut
868 985 955 1043 otiosi
1008 998 1179 1057 persequor,
1196 985 1275 1056 quod
1300 987 1533 1044 montanismum
1559 1005 1661 1062 reapse
1683 989 1836 1064 Perpetuos

131 1077 271 1149 hominis,
287 1078 513 1150 vanissimoque
528 1081 613 1136 secte
628 1077 737 1134 addicti
748 1073 955 1133 deliramenta?
1009 1074 1039 1128 et
1060 1071 1216 1130 Felicitatis
1239 1075 1312 1131 Acta
1340 1075 1498 1145 redoleant,
1523 1076 1596 1133 illud
1620 1077 1709 1135 etiam
1732 1078 1836 1154 largiri

132 1169 193 1233 Ouo
208 1167 238 1222 id
258 1167 417 1240 proclivius
432 1170 468 1226 de
483 1168 603 1225 homine
617 1167 797 1224 montanista
810 1165 840 1222 in
856 1165 955 1222 anime
1009 1160 1077 1232 quis
1092 1161 1177 1219 laoile
1193 1168 1302 1236 posset,
1319 1164 1491 1237 Perpetuam
1507 1171 1536 1221 et
1559 1167 1698 1224 Saturum
1717 1184 1789 1226 suas
1802 1168 1834 1225 in

131 1254 349 1328 induceremus,
360 1257 467 1314 laceret
482 1256 648 1329 exemplum
658 1254 786 1313 auctoris
800 1253 954 1311 donatista
1008 1264 1122 1307 carcere
1151 1251 1306 1325 scripsisse
1343 1253 1563 1326 revelationee;
1591 1256 1643 1312 sed
1667 1273 1734 1314 cum
1763 1274 1835 1316 casu

132 1344 182 1415 qui
198 1344 320 1402 Marculi
331 1347 450 1419 perdito
460 1346 549 1418 hujus
565 1349 594 1402 et
608 1343 802 1402 schismaticas
818 1340 954 1399 iectionis
1009 1339 1149 1412 quodam,
1160 1343 1318 1413 antequam
1333 1339 1566 1414 vulgarentur,in
1583 1343 1688 1402 manus
1703 1344 1836 1405 hominis

130 1431 382 1507 pseudomartyris
395 1436 467 1492 Acta
480 1433 643 1491 litterarum
658 1430 859 1490 monumentis
873 1448 955 1489 com·
1008 1425 1138 1483 Montani
1159 1429 1419 1501 superstitionibus
1439 1430 1582 1504 implicati
1603 1433 1764 1504 venissent,
1783 1451 1837 1495 eu

131 1523 291 1580 mandavit.
307 1524 446 1590 Quamvis
471 1523 551 1581 enim
575 1523 701 1592 scriptor
714 1525 743 1579 et
765 1521 828 1595 ipss
841 1536 954 1578 coaevus
1006 1513 1091 1571 illum
1106 1516 1144 1572 sd
1159 1516 1314 1575 arbitrium
1338 1518 1540 1592 interpolasse,
1565 1521 1789 1601 ettquibusdem
1802 1523 1835 1583 ln

130 1611 229 1682 suerit,
245 1616 357 1683 quanta
373 1615 443 1669 sunt
456 1615 556 1669 tamm
571 1627 637 1683 qua
652 1611 727 1668 mira
741 1609 860 1667 licentia
874 1623 953 1666 com·
1007 1603 1089 1676 locie,
1115 1608 1148 1661 ut
1164 1604 1259 1679 magis
1273 1605 1369 1679 libuit,
1394 1607 1543 1680 tigmentis
1566 1609 1710 1669 hereticis
1732 1611 1836 1686 inqui·

131 1704 248 1756 mantus
263 1704 350 1772 est,et
364 1700 457 1757 multo
472 1700 582 1772 maiore
596 1697 780 1772 impudentia
794 1695 954 1755 lectoribus
1007 1709 1104 1750 nasse
1128 1693 1160 1750 ln
1181 1693 1421 1768 interpolatorem
1445 1696 1577 1770 proinde,
1601 1715 1660 1755 non
1682 1703 1781 1758 summ
1802 1700 1834 1761 ln

130 1788 160 1843 in
175 1787 235 1846 illis
247 1789 324 1847 lictis
339 1789 489 1847 obtrudit!
503 1791 581 1856 Quas
600 1788 679 1845 enim
695 1787 782 1844 refert
796 1786 886 1858 hujus
900 1785 952 1859 hy·
1010 1784 1127 1838 sanctos
1143 1785 1297 1856 martyres,
1312 1799 1378 1841 esee
1392 1784 1575 1842 retundenda
1588 1802 1651 1859 qua
1667 1788 1833 1867 mosania

129 1877 246 1949 pocrite
263 1878 461 1950 revelationes,
477 1876 620 1935 catholico
636 1879 762 1949 martyre
776 1875 854 1932 baud
869 1891 951 1947 pror·
1007 1885 1088 1925 mum
1106 1869 1216 1928 criticis
1231 1870 1419 1943 peritioribus
1434 1877 1579 1947 saperent.

129 1982 181 2022 eus
195 1967 424 2040 indignas,quis,
435 1984 494 2024 non
509 1970 541 2023 ut
550 1964 741 2024 audacissimi
756 1963 859 2036 capitis
874 1978 952 2020 com-
1326 1978 1441 2036 cqpqq
1463 1979 1511 2037 lv,

130 2059 231 2112 menta
258 2055 414 2128 repudiet?
433 2058 494 2120 Quo
513 2070 582 2128 ergo
607 2053 741 2112 libertate
763 2052 875 2109 auctori
900 2053 951 2110 do·
1005 2064 1042 2120 De
1066 2066 1204 2121 visionem
1231 2066 1405 2139 aliorumque
1436 2069 1588 2127 cabaliam
1620 2071 1755 2130 donorum
1780 2091 1834 2148 per

129 2143 243 2200 natista
259 2144 289 2200 in
306 2144 352 2201 his
366 2161 430 2216 quae
456 2145 492 2201 de
513 2142 635 2200 Marculi
656 2141 819 2199 visionibus
840 2143 950 2214 narrat,
1039 2139 1137 2208 priora
1155 2135 1285 2197 aaeasiae
1307 2140 1420 2208 secata,
1445 2144 1527 2212 copia
1549 2148 1577 2196 et
1599 2142 1722 2202 rhome
1745 2145 1833 2205 disse·

128 2232 217 2288 fidem
232 2234 509 2306 abrogamus,qucd
524 2231 658 2289 haeret-ico
674 2230 786 2288 homini
802 2247 860 2287 non
881 2246 950 2287 con·
1040 2208 1126 2264 ’Μ
1156 2210 1258 2265 ΜΝ*
1286 2208 1471 2280 Clmll'a’wh
1494 2218 1523 2268 ⁶⁸
1544 2215 1669 2272 ⁰m⁷²²⁰⁸⁴m
1688 2218 1831 2288 ⁰Pi'250'10·

127 2320 257 2393 veniant,
273 2322 375 2379 eadem
391 2338 460 2396 erga
474 2321 646 2394 scriptorem
668 2319 891 2386 montanistam,
906 2319 950 2374 uti
1039 2279 1834 2427 ῗὲῗαῗῃηῖῥέπᾍἷῗέἕῖιῖθῖᾌᾶἱὶῗᾚέἳπὲ

128 2425 295 2480 possemus,
311 2411 336 2468 si
352 2428 426 2484 quas
442 2411 529 2468 relert
542 2411 690 2483 Perpetua
704 2413 733 2465 et
748 2409 846 2465 Saturi
860 2406 950 2465 visio·
1039 2421 1194 2490 samariam,
1204 2438 1266 2479 usos
1279 2425 1366 2495 [uisse
1380 2423 1593 2484 demiratur,
1610 2427 1631 2485 Ι,
1646 2429 1764 2486 Natam
1780 2446 1831 2490 so·

130 2515 181 2555 nce
196 2499 225 2555 in
240 2499 400 2559 catholicos
415 2503 557 2574 martyres
572 2516 630 2557 nou
646 2498 833 2573 quadrarent.
1040 2500 1159 2548 urorum
1171 2498 1325 2568 martyrum
1335 2495 1408 2552 Acta
1417 2512 1511 2623 reapse
1518 2513 1665 2557 occanere
1673 2501 1744 2574 qaod
1753 2507 1834 2561 llos·

163 2606 278 2663 Nollem
290 2607 428 2680 equidem
443 2623 560 2678 negare,
576 2607 715 2663 Saturum
730 2608 760 2661 et
775 2605 949 2677 Perpetuam
1039 2564 1101 2689 κζ’
1109 2564 1245 2708 ,mm
1264 2566 1420 2709 mm·
1432 2569 1495 2694 ἐφ’
1508 2567 1831 2703 *xxxma*

129 2693 296 2751 coelestihus
311 2695 485 2752 inclaruisse
500 2694 747 2751 revelationibus:
773 2693 825 2750 sed
840 2709 877 2750 an
892 2691 949 2749 illa
1042 2704 1116 2762 Unde
1140 2707 1283 2778 conficitur
1304 2724 1360 2765 raon
1392 2710 1496 2766 minori
1526 2729 1609 2784 quom
1635 2714 1699 2771 illos
1765 2687 1832 2774 acsi}

128 2783 206 2855 ipse'
223 2784 293 2853 sint,
318 2800 393 2856 quas
414 2783 539 2857 scriptor
554 2783 734 2840 montanista
753 2781 862 2856 publici
873 2781 950 2854 juris
1039 2776 1228 2848 propheticum
1252 2780 1383 2850 spiritam
1406 2797 1561 2853 marpprss.
1585 2783 1635 2841 ΙΙΙ.
1660 2788 1697 2842 ns
1721 2787 1831 2845 umas.

127 2872 205 2944 iecit,
221 2873 324 2930 merito
339 2873 497 2946 quispiam,
514 2872 539 2929 si
563 2888 637 2945 opus
664 2875 752 2943 esset,
777 2870 807 2927 in
833 2875 949 2928 contro·
1038 2850 1179 2904 mmm
1192 2851 1292 2937 mli*
1321 2851 1426 2938 smum
1452 2855 1697 2942 ‘Mummi'
1711 2861 1830 2945 ‘stim'

125 2960 251 3017 versiam
276 2966 401 3019 vocaret.
431 2961 557 3026 Quidam
597 2976 700 3017 eorum
729 2959 781 3032 qui
810 2960 950 3017 adversus
1038 2921 1553 3053 muffdmfflmmmsim
1564 2927 1705 3054 {mnu
1719 2928 1832 3060 Ἥ

125 3050 444 3123 lgnatienasepistolas
459 3049 606 3107 calamum
620 3047 950 3120 exseruerunt,aliquas
1039 3007 1121 3119 giem
1139 3067 1292 3121 ueremur.
1321 3065 1367 3123 IV.
1398 3010 1659 3127 bepctaramceor'r
1680 3016 1744 3144 raa
1773 3064 1832 3131 liora

125 3155 142 3194 a
171 3144 257 3195 santo
285 3142 411 3212 martyre
436 3138 617 3211 conscriptas
642 3136 734 3194 luisse
761 3136 875 3194 litteras
891 3152 950 3193 non
1040 3136 1165 3205 tempora
1179 3137 1311 3194 varietate
1334 3144 1361 3192 et
1386 3138 1464 3210 copia
1483 3140 1593 3209 insipere
1615 3143 1705 3199 suncti
1728 3143 1831 3202 lenes

124 3227 393 3293 inficiantur.0uin
408 3232 438 3284 et
461 3225 537 3283 ultro
561 3225 732 3296 admittant,
748 3241 798 3282 eas
823 3241 841 3283 a
864 3191 986 3298 Poly·C
1040 3206 1239 3264 ‘immitium-
1264 3207 1299 3265 V·
1329 3207 1417 3275 mam
1446 3218 1545 3280 limiti
1573 3213 1660 3278 laem
1684 3214 1832 3273 'combas

125 3331 212 3389 carpo
236 3316 327 3374 luisse
351 3315 488 3374 coliectas
511 3329 673 3388 earumque
703 3311 864 3388 συναγωγὴν
890 3327 950 3370 sna
1040 3275 1290 3418 gmffiirffi
1304 3279 1614 3421 smfffgmwffi·
1627 3284 1831 3433 mm&

125 3409 260 3461 sanctum
276 3405 445 3479 episcopum
461 3405 498 3461 ad
522 3403 723 3477 Philippenses
738 3401 868 3475 epistola
883 3399 951 3459 sub-
1040 3433 1095 3475 mm
1109 3420 1201 3476 mim
1211 3437 1293 3494 ,mm
1306 3421 1639 3494 pmeyuaemmmyiy,
1652 3427 1828 3500 ,mm

123 3493 276 3564 Juuxisse:
303 3495 354 3551 sed
369 3510 444 3566 quos
468 3493 554 3550 modo
569 3491 713 3549 habemus
726 3488 770 3548 vel
786 3491 822 3548 ab
836 3488 950 3563 ignatio
1040 3488 1100 3546 Vll.
1116 3491 1254 3560 Quantam
1269 3493 1407 3564 Cypriani
1420 3495 1478 3550 olto
1501 3496 1654 3553 obionitae
1667 3514 1700 3554 oc
1719 3500 1829 3561 recela-

126 3581 261 3653 scriptas,
277 3582 322 3639 vel
336 3599 353 3638 a
368 3582 525 3655 Polycarpo
551 3581 630 3638 104
659 3581 752 3636 editas
772 3578 873 3647 tuisse,
891 3594 949 3634 non
1040 3562 1160 3618 tibilim
1174 3563 1365 3631 “lammis
1380 3580 1415 3620 ⁶5⁶
1437 3565 1496 3636 elul
1519 3568 1652 3638 ‘5²2⁶‘le
1674 3572 1701 3626 ⁰2
1725 3572 1829 3629 Pontio

128 3668 381 3743 admittunt,quod
396 3669 489 3726 multa
503 3667 755 3742 ipsorumludioio
769 3667 948 3734 contineant,
1039 3632 1827 3786 fmssfflfsmaggljofflffiamffyfflmmm

130 3773 193 3829 que
218 3758 281 3816 fieri
304 3776 362 3815 non
386 3762 480 3832 potest
504 3761 536 3815 ut
561 3755 690 3831 epistola
704 3771 770 3813 vere
785 3755 822 3812 ab
837 3754 949 3828 ignatio
1037 3777 1211 3833 ,mmmm
1225 3780 1380 3850 martyrum
1399 3795 1455 3835 ,wo
1481 3778 1682 3839 ,mmmmm
1709 3785 1825 3857 som.

128 3845 242 3920 scripte
266 3847 431 3904 habuerint.
456 3847 515 3904 Hac
539 3845 728 3919 responsione
751 3843 877 3901 Dallaeus
891 3843 948 3917 (86)
1036 3850 1125 3919 mepte
1139 3865 1223 3920 quom
1238 3847 1355 3922 Cyprios·
1369 3851 1538 3922 temporibus
1552 3853 1715 3910 madores.

126 3935 326 4011 Polycarpiani
350 3936 511 3994 testimonii
534 3935 594 3993 vim
616 3936 728 3993 elevare
748 3937 880 4002 conatur,
896 3932 947 4006 qui
1037 3938 1060 3991 Ι.
1076 3937 1183 4007 Quum,
1208 3940 1241 3993 ut
1255 3938 1362 4012 sepius
1378 3937 1447 4010 dixi,
1464 3955 1527 4011 que
1543 3941 1637 4014 capite
1651 3943 1828 4015 precedenti

125 4025 214 4082 etiam
238 4027 274 4083 ab
296 4027 455 4100 impostore
479 4024 629 4092 confictae,
648 4022 786 4098 genuinis
801 4021 903 4096 ignatii
918 4025 948 4079 et
1000 4021 1031 4078 in
1046 4025 1174 4081 medium
1188 4025 1320 4099 produxi,
1351 4043 1409 4083 non
1437 4027 1467 4083 in
1497 4045 1562 4086 eam
1589 4036 1715 4088 mentem
1731 4032 1827 4109 accipi

103 4127 104 4130 ’
123 4114 305 4189 aPolycarpo
313 4114 441 4173 laudatis
448 4113 579 4188 epistolis
589 4112 701 4170 similes
709 4111 808 4184 aliqua
815 4128 846 4168 re
856 4111 946 4168 tuisse
999 4112 1098 4183 velim,
1114 4114 1199 4187 quasi
1213 4115 1349 4172 Actorum
1371 4113 1580 4191 γνησιότηταίιι
1595 4122 1827 4181 controversiam

122 4203 257 4277 largitur,
273 4203 447 4278 basnagius,
461 4202 513 4276 qui
526 4205 627 4260 saneto
643 4200 765 4275 ignatio,
781 4217 845 4274 qua
858 4200 945 4258 modo
999 4206 1165 4269 vocare,aut
1177 4205 1348 4261 earumdem
1365 4206 1590 4276 seditorem,etsi
1602 4209 1826 4283 montanistam,

122 4293 178 4350 suh
202 4295 266 4366 ejus
294 4294 413 4352 nomine
439 4291 684 4361 circuuieruntur,
712 4306 770 4346 non
799 4298 883 4346 secus
911 4305 945 4347 ac
999 4289 1029 4345 in
1045 4290 1157 4349 iraudis
1168 4293 1367 4366 suspicionem
1379 4295 1675 4368 adducere,inanimo
1686 4299 1825 4359 habeam:

46 4373 48 4377 ⁴
122 4382 258 4451 bsllaeus,
282 4383 442 4455 abjudicat,
465 4382 543 4455 quod
567 4379 661 4437 multa
688 4377 856 4435 contineant
879 4395 943 4450 qus
998 4376 1055 4434 alia
1072 4397 1150 4438 nunc
1165 4381 1250 4439 nobis
1264 4382 1321 4453 via,
1339 4385 1502 4457 Augustino
1517 4384 1605 4443 etiam
1620 4388 1706 4455 duce,
1722 4403 1825 4462 capes·

121 4469 183 4525 lieri
198 4488 257 4528 noa
272 4476 377 4544 potest,
391 4469 562 4544 utepistoia
576 4485 643 4525 vere
653 4468 690 4525 ab
701 4466 812 4541 ignatio
827 4465 944 4539 scriptas
997 4469 1089 4525 sende
1111 4470 1265 4543 dandaque
1281 4487 1369 4543 opera
1393 4476 1438 4529 est
1460 4476 1494 4529 ut
1509 4489 1627 4532 omnem
1642 4493 1659 4532 a
1675 4477 1825 4550 Perpetuis

120 4557 294 4616 habuerint:
310 4576 363 4616 cur
386 4577 444 4616 non
460 4559 565 4629 eidem,
583 4557 633 4614 ubi
650 4557 686 4613 de
699 4556 850 4628 Perpetuae
864 4571 944 4612 reve-
959 4559 983 4624 l)
998 4556 1172 4628 visionibus,
1187 4558 1276 4615 etiam
1293 4564 1380 4633 prout
1395 4561 1425 4615 in
1449 4562 1530 4619 Actis
1545 4565 1722 4638 referuntur,
1741 4583 1826 4624 mon·

118 4646 278 4705 lotionibus
303 4649 454 4722 agebatur,
479 4648 581 4704 orbitae
604 4644 735 4702 institit?
748 4646 790 4701 An
816 4661 874 4700 non
885 4643 942 4701 rni-
996 4645 1116 4701 tanismi
1132 4646 1328 4719 suspicionem
1341 4648 1568 4708 amoliamur.Ut
1580 4653 1658 4708 euin:
1674 4657 1747 4712 Acta
1758 4655 1827 4712 nul·

118 4738 199 4794 noris
221 4736 397 4794 temeritatis
413 4736 527 4806 luisset,
544 4735 698 4793 admittere
713 4734 833 4807 quidem
849 4733 942 4791 luisse
995 4730 1033 4788 iis
1048 4733 1292 4791 Montanistarum
1313 4738 1489 4795 commentis
1513 4739 1667 4812 inquinata
1682 4730 1758 4800 esee'
1770 4760 1823 4802 ne·

117 4826 292 4900 Perpetuam
305 4825 514 4883 coelestibusin
525 4840 640 4882 carcere
654 4822 818 4880 visionibus
833 4838 942 4880 recrea·
994 4838 1109 4895 gemus,
1125 4828 1155 4880 et
1173 4824 1321 4897 Perpetua
1346 4826 1538 4885 revelationes
1564 4828 1676 4904 aliquid
1701 4832 1823 4903 hahere,

115 4919 188 4983 tam,
218 4917 267 4973 sed
299 4915 414 4972 caedem
446 4931 510 4972 esse
543 4928 711 4987 pernegare,
741 4928 815 4984 quas
847 4912 941 4969 editor
995 4911 1072 4983 qnod
1086 4911 1216 4969 Montani
1232 4913 1363 4971 scholam
1380 4915 1589 4989 cilicinamque
1609 4918 1750 4990 redoleat,
1766 4921 1821 4978 blo·

116 5007 296 5064 montanista
319 5005 457 5080 vulgavit,
482 5004 561 5077 quod
586 5001 679 5060 multa
693 5001 860 5059 contineant
875 5018 939 5074 ques
995 4999 1089 5057 clesiae
1118 5002 1276 5059 auctoritas
1291 5003 1370 5076 iacit,
1387 5021 1520 5077 quianon
1549 5006 1824 5076 heri‚autnudins·

115 5095 177 5152 fleri
204 5113 261 5153 non
278 5099 372 5169 polest
389 5099 421 5150 ut
435 5093 575 5151 immisse
592 5090 743 5150 catholicis
759 5090 937 5165 martyribus
991 5089 1106 5162 tertius,
1132 5091 1183 5147 sed
1206 5091 1244 5148 ab
1265 5091 1395 5164 antiquie
1413 5094 1607 5168 temporibus,
1623 5099 1657 5153 ut
1671 5114 1706 5154 ex
1721 5099 1821 5173 hugu-

114 5185 305 5242 revelationes
321 5181 499 5241 habuerint?
515 5182 556 5254 ld,
570 5181 703 5255 inquam,
719 5197 817 5238 annon
840 5178 937 5236 mino·
991 5179 1068 5235 stino
1083 5183 1198 5236 constat
1220 5180 1287 5253 (87),
1312 5180 1459 5253 publicam
1476 5200 1577 5241 eorum
1593 5183 1750 5245 lectionem
1766 5204 1821 5263 ap·

113 5272 154 5328 ris
176 5274 350 5334 temeritatis
374 5273 488 5343 luisset,
514 5289 603 5347 quam
627 5269 818 5328 montanismi
834 5267 935 5325 catho-
989 5268 1133 5341 probavit.
1150 5267 1230 5324 Facit
1244 5269 1333 5326 etiam
1352 5271 1512 5329 auctoritas
1525 5277 1658 5347 Petrum,
1676 5275 1727 5347 qui
1742 5276 1820 5334 nihil

113 5360 185 5418 licos
213 5368 356 5438 martyres
385 5380 449 5422 reos
473 5360 582 5438 agere?
603 5358 715 5435 Largiri
739 5358 827 5416 etiam
850 5355 935 5414 iacile
989 5356 1818 5438 afidealleoum,nihilindecorum,nihildenique,quod

112 5449 264 5521 potuisset,
281 5468 355 5526 quas
369 5453 405 5511 ab
419 5453 579 5526 impostore
590 5448 731 5508 confictu
753 5444 935 5505 existimaret
987 5444 1231 5505 Montanistarum
1259 5447 1388 5508 redoleat
1414 5450 1576 5523 cilicinam,
1605 5451 1635 5509 in
1657 5450 1732 5527 ipsis
1747 5451 1817 5515 Per·

90 5624 93 5631 ’
143 5644 201 5729 (86)
216 5647 301 5722 Apud
316 5647 453 5710 Pearson.
470 5648 619 5710 lindowe.
634 5665 665 5723 p.
680 5648 708 5708 l.
724 5664 789 5724 cap.
803 5645 833 5708 5.
1021 5646 1078 5724 (83)
1093 5643 1193 5708 tinam
1206 5648 1237 5706 in
1251 5649 1297 5706 Pr.
1309 5663 1397 5722 xavrr,
