3900 6112
121 282 180 345 cer
885 269 1065 333 evonant
1514 242 1518 250 '
1765 230 1827 325 ¹aaa

156 408 323 475 Posthunc,
338 404 400 462 Heli
416 405 553 462 sacerdos
563 401 707 477 judicavit
720 417 814 459 annos
828 418 874 457 xx.
960 403 988 469 Α
1039 405 1108 459 Post
1122 401 1211 468 hunc,
1228 402 1332 474 regnat
1346 396 1491 470 Gotholia,
1508 398 1604 455 mater
1616 390 1759 467 Ochoala,
1775 410 1825 451 aa·

157 499 236 566 Post,
250 493 369 553 Samuel
385 494 526 568 propheta
548 492 632 550 unxit
654 490 721 549 Saul
746 491 775 548 in
791 506 900 565 regem,
915 493 945 547 et
1000 492 1048 548 nis
1064 508 1125 549 vua.
1145 494 1212 557 Quae
1239 506 1400 564 exsurgens
1433 486 1541 545 occidit
1570 490 1655 544 natos
1675 484 1730 542 lllii
1759 484 1824 545 sni:

133 605 185 659 pse
195 584 338 658 judicavit
352 582 494 656 populum
512 582 597 639 annis
612 600 678 638 xxx.
1000 581 1150 637 eratenim
1167 583 1203 636 de
1217 596 1323 653 genere
1333 579 1432 636 Achab
1451 578 1528 652 regis
1542 574 1652 634 lsrael:
1676 592 1761 635 soror
1775 593 1826 633 au·

160 680 230 733 Post
259 678 387 746 tempus,
408 689 475 729 cam
506 678 641 745 regnaret
658 670 759 744 David,
783 670 881 727 eduxit
898 686 947 726 ar·
1001 673 1061 727 tem
1077 669 1217 737 Ochozioe,
1245 667 1523 739 nomineZosnbaa,
1539 684 1608 725 cum
1623 665 1824 727 easettciada

122 781 188 823 curn
204 762 341 820 dedomo
365 761 543 830 aminadab,
573 766 602 817 et
629 761 746 817 divertit
774 758 948 827 vitulos3el
1001 759 1162 815 sacerdotis
1176 775 1257 829 uxor,
1275 760 1369 815 iurata
1384 763 1430 815 est
1459 758 1539 829 lons,
1561 756 1655 813 liliam
1683 754 1824 827 ochosia,

50 855 54 861 '
125 870 192 912 oum
207 847 946 924 revertereturopposuitmanuefiliushminadab,
1001 844 1825 920 cuiloiadasncerdosimposuitregimonium.Prophe·

126 942 310 1001 nomineOna
324 945 353 996 et
372 956 530 1013 percussus
552 943 606 1007 est,
630 941 659 994 et
673 938 775 994 timuit
804 937 903 1005 llavid,
920 940 949 992 et
1002 942 1045 994 tat
1060 942 1157 993 autem
1172 938 1228 993 sub
1242 937 1376 993 Gotbolia
1390 935 1514 993 llliseus.

138 1030 242 1089 aduxit
254 1029 336 1086 illam
351 1029 380 1085 in
396 1030 516 1085 domum
532 1028 698 1084 Abeddarat
711 1025 824 1093 Gethel,
839 1030 869 1082 et
882 1024 950 1083 lecit
1039 1030 1109 1085 Post
1122 1026 1207 1098 banc,
1228 1030 1331 1099 regnat
1357 1026 1427 1083 lons
1441 1025 1522 1082 lilius
1536 1023 1668 1082 Oeboaiea
1683 1024 1771 1081 annia
1783 1042 1824 1082 xa

140 1121 168 1177 bi
181 1134 296 1176 menses
310 1123 379 1190 tres,
1003 1116 1055 1171 Mic
1070 1115 1215 1172 interiecit
1229 1115 1399 1171 Zachariam
1418 1113 1513 1171 tilium
1526 1112 1635 1171 loiade
1659 1114 1824 1173 sacerdotia.

164 1208 306 1282 Regnavit
319 1211 417 1264 autem
432 1205 501 1263 Saul
522 1206 608 1262 annis
631 1222 695 1261 xxx.
712 1206 780 1261 Erat
795 1208 891 1261 nutem
908 1203 949 1261 illi
1039 1205 1108 1261 Post
1121 1206 1201 1273 toas,
1218 1208 1321 1278 regnat
1334 1203 1414 1259 lilius
1429 1204 1493 1275 ejus
1507 1204 1642 1261 Amasias
1668 1202 1759 1261 nanis
1771 1220 1824 1263 vua

128 1300 187 1355 dux
201 1297 307 1363 Abnar,
322 1295 401 1352 lilius
412 1296 478 1352 Ner.
504 1299 569 1367 lpse
595 1300 692 1350 nutem
719 1293 837 1351 Samuel
857 1278 951 1349 “unxit
1039 1294 1106 1349 Post
1121 1294 1283 1359 amasiam,
1300 1292 1431 1365 regnavit
1445 1291 1524 1349 lilius
1539 1293 1604 1365 elus
1632 1292 1721 1351 Ozias
1749 1294 1826 1351 annia

126 1386 217 1445 David
232 1386 262 1441 in
273 1401 382 1458 regem.
1004 1400 1052 1439 un.
1071 1384 1122 1438 llic
1138 1384 1286 1456 leprorsus
1297 1382 1353 1439 luit
1364 1399 1517 1455 usquequo
1527 1388 1702 1441 moreretur.
1717 1382 1825 1441 Judica·

163 1475 251 1532 Fiant
265 1474 356 1547 igitur
369 1474 406 1529 ab
420 1473 490 1530 lesu
515 1489 668 1545 usquequo
693 1486 853 1528 conversus
874 1470 951 1544 cepit
1007 1473 1056 1529 bat
1071 1476 1169 1529 autem
1189 1473 1244 1528 sub
1260 1488 1293 1529 eo
1308 1472 1443 1528 Joathnm
1459 1471 1539 1529 filius
1572 1473 1647 1544 ejus.
1671 1472 1826 1546 Propheta·

124 1564 214 1621 David
231 1579 354 1636 regnum
369 1562 400 1617 in
414 1561 493 1617 tribu
508 1562 596 1629 duda,
615 1561 817 1634 generationes
831 1566 870 1627 ix,
895 1577 950 1616 aa·
1004 1561 1077 1618 bant
1091 1561 1146 1618 sub
1161 1561 1239 1627 Ozin,
1257 1567 1345 1617 Amos
1360 1565 1389 1617 et
1407 1560 1507 1616 lissiae
1523 1560 1601 1617 lilius
1623 1561 1701 1632 ejus,
1719 1566 1751 1617 et
1764 1564 1824 1619 Ozoa

15 1694 18 1699 -
124 1652 372 1720 niccccnxxx;ab
384 1652 479 1707 Adam
496 1656 595 1707 autem
624 1649 827 1722 generationes
851 1666 948 1719 xxxiv,
1005 1650 1257 1723 illinsBcberi,et
1275 1647 1751 1707 Jonasnliusnmatuiexuofer.

124 1759 172 1800 an.
190 1760 218 1798 1v
234 1758 384 1798 ncccaxvv.
966 1772 990 1839 Β
1042 1740 1223 1810 PostOziam,
1240 1744 1343 1812 regnat
1359 1738 1510 1810 llliusejus
1528 1738 1657 1795 Joatban
1673 1739 1764 1797 annis
1776 1756 1826 1797 xva.

1005 1828 1065 1885 Sub
1080 1828 1135 1885 boo
1145 1828 1292 1901 propheta
1305 1827 1505 1898 llsnins,0sse,
1521 1827 1652 1886 Micheas
1665 1829 1828 1899 Moratbita,

443 1872 570 1930 SECTIO
579 1874 628 1930 XL
1006 1923 1034 1975 et
1047 1917 1110 1975 Joel
1125 1917 1204 1974 illins
1220 1916 1329 1975 Batuel.

160 2010 303 2082 Deinceps
317 2013 419 2081 regant
435 2006 524 2063 David
540 2007 625 2062 nanis
653 2023 689 2061 xc
712 2005 864 2062 mensibus
889 2021 948 2063 sex.
1040 2011 1109 2063 Post
1121 2006 1270 2077 Jcatham,
1285 2011 1388 2081 regnat
1403 2006 1483 2063 lilius
1498 2006 1562 2079 ejus
1576 2005 1676 2064 hohas
1687 2007 1775 2065 annia
1787 2024 1829 2077 xv,

161 2106 192 2157 ln
208 2100 303 2156 ldbron
320 2107 415 2155 aulem
430 2097 561 2169 regnavit
577 2096 872 2152 annisvrrmensibns
888 2112 949 2162 sex,
1005 2100 1033 2153 et
1051 2098 1106 2153 sub
1122 2095 1332 2169 hocpropheta
1351 2096 1464 2165 lissiae,
1479 2100 1551 2153 Osee
1578 2099 1608 2152 et
1635 2096 1775 2166 Micheas,
1790 2114 1831 2155 aa·

123 2194 153 2247 et
173 2190 204 2245 in
222 2186 386 2246 Jerusalem
406 2186 492 2243 annis
519 2192 617 2241 xxxin.
646 2184 706 2240 Sub
733 2184 787 2241 hoc
814 2186 950 2241 sacerdos
1005 2186 1107 2241 cerdos
1121 2187 1219 2240 autem
1236 2184 1329 2241 Urias.
1346 2184 1408 2241 Sub
1422 2184 1477 2241 boc
1492 2183 1699 2243 Salmanassar
1717 2189 1830 2244 reads·

123 2277 273 2345 abiathar,
291 2274 369 2331 itlius
392 2274 551 2345 abimelec,
573 2290 607 2330 ex
636 2289 741 2347 genere
765 2272 837 2343 Heli,
863 2279 892 2330 et
915 2288 949 2330 ex
1004 2274 1149 2347 syriorum
1164 2290 1214 2330 eos
1229 2273 1280 2345 qui
1295 2278 1378 2331 erant
1401 2274 1432 2330 in
1453 2274 1584 2331 Samaria
1612 2276 1832 2350 transmigravit

124 2364 184 2421 ulie
198 2362 294 2437 patria
307 2361 430 2419 Saddoc.
1001 2361 1032 2417 in
1045 2360 1170 2418 Mediam
1181 2366 1210 2418 et
1225 2362 1424 2436 Babyloniam.

157 2450 374 2525 Prophetnbant
389 2453 486 2507 autem
503 2450 686 2524 temporibus
702 2452 800 2521 David,
829 2454 890 2509 Gad
919 2456 948 2509 et
1039 2451 1107 2507 Post
1119 2451 1225 2523 Achae,
1239 2451 1370 2525 regnavit
1393 2452 1472 2509 illius
1487 2452 1550 2523 ejus
1578 2452 1719 2511 Ezechias
1746 2456 1865 2523 annis.

122 2540 448 2598 Nathanllrstautem
477 2540 533 2613 ipsi
560 2540 648 2596 llavid
675 2541 735 2596 dux
755 2541 840 2613 lond,
870 2540 949 2598 lilius
1003 2557 1068 2595 xxv.
1084 2540 1144 2595 Sub
1161 2542 1214 2597 hoc
1239 2540 1385 2613 propheta·
1407 2542 1519 2613 Esaias,
1535 2541 1677 2611 Micheas,
1705 2543 1821 2602 ctosee

120 2629 234 2699 Servis,
248 2629 356 2687 sororis
371 2629 395 2663 ²⁸
404 2627 507 2686 David.
521 2629 572 2685 Mic
589 2628 785 2686 dinumeravit
798 2629 947 2704 populum;
1039 2628 1107 2685 Post
1121 2629 1283 2697 Ezechiam,
1296 2629 1375 2686 lilius
1390 2632 1455 2702 ejus
1469 2634 1603 2689 Manasse
1614 2649 1686 2689 ann.
1702 2650 1751 2691 cv.

121 2728 151 2775 et
164 2721 388 2788 eratnumerus,
409 2733 484 2789 qnos
508 2717 673 2774 numeravit
701 2718 830 2775 illiorum
859 2718 947 2777 lsrael
1039 2718 1109 2775 Post
1122 2721 1265 2788 Manasse,
1278 2719 1543 2793 regantllliusejus
1555 2726 1648 2779 Amos
1663 2722 1865 2783 anniadum.

120 2806 229 2865 millies
244 2806 354 2863 centies
370 2804 482 2862 milleni
498 2823 504 2863 :
522 2806 575 2862 filii
600 2811 698 2863 cutem
719 2807 796 2863 Juda
811 2809 950 2881 quadrin-
1003 2807 1071 2864 bas.

122 2895 235 2969 gantiae
250 2895 360 2968 septies
374 2894 497 2951 milleni.
528 2894 595 2951 Levi
617 2899 715 2952 antam
742 2901 771 2953 et
798 2898 950 2969 benjamin
1041 2896 1110 2953 Post
1124 2898 1213 2954 Amos
1228 2902 1332 2971 regnat
1346 2897 1424 2955 lilius
1448 2899 1626 2971 ejuslosias
1648 2901 1739 2959 annis
1759 2918 1850 2969 xxxv

124 3003 181 3043 non
198 2983 403 3041 dinumeravit.
418 2983 565 3040 Numerus
577 2989 676 3042 nutem
704 3001 806 3043 eorum
829 2988 879 3059 qui
904 3004 950 3044 ce·
1006 2985 1058 3041 Hic
1073 2986 1151 3042 idola
1165 2992 1194 3043 ct
1208 2985 1346 3044 altarium
1362 2988 1500 3044 Samaria
1523 2988 1689 3063 dissipavit.
1706 2990 1768 3049 Sub
1781 2990 1844 3055 boe

125 3074 261 3131 ciderunt
273 3089 308 3129 ex
331 3072 431 3145 lsrael,
446 3089 499 3128 axx
513 3072 613 3128 millis.
1007 3074 1119 3131 Pascha
1131 3075 1308 3133 celebratum
1324 3081 1370 3133 est
1385 3094 1461 3133 anno
1486 3095 1556 3135 xv111
1571 3078 1656 3154 regni
1671 3078 1748 3152 ejus.
1763 3080 1832 3143 Nam

162 3162 239 3220 MSS
250 3166 321 3219 Post
348 3161 436 3219 David
460 3166 557 3219 autem
586 3166 689 3235 regnat
715 3162 852 3220 Salomon
875 3165 952 3223 lilius
972 3140 1043 3220 cex
1057 3181 1114 3236 quc
1130 3170 1263 3221 mortuus
1279 3172 1324 3222 est
1337 3166 1408 3222 lesu
1428 3167 1514 3237 Nave,
1540 3184 1598 3224 non
1626 3172 1673 3225 est
1686 3174 1823 3230 senatu·

127 3255 192 3324 ejus
202 3251 288 3309 annia
302 3268 347 3321 xc,
364 3254 393 3307 at
406 3250 462 3307 sub
477 3250 541 3323 ipso
565 3251 662 3306 adhuc
690 3250 805 3307 Nathan
830 3253 954 3325 propbe-
1009 3250 1120 3309 Pascha
1135 3252 1211 3309 sicut
1225 3257 1305 3310 tunc.
1320 3255 1380 3310 Sub
1392 3254 1445 3311 boc
1459 3253 1568 3312 Geloius
1596 3258 1734 3315 sacerdos
1754 3262 1818 3331 paler

126 3346 189 3398 tat:
206 3344 235 3398 et
248 3340 357 3397 Achias
372 3355 407 3396 ex
421 3339 518 3410 Solon,
534 3344 563 3395 et
577 3340 656 3396 inter
667 3356 716 3397 eos
727 3342 863 3399 sacerdos
879 3341 952 3398 Sad-
1006 3340 1140 3398 Jeremiae
1151 3342 1298 3414 prophete
1314 3343 1424 3399 invonit
1438 3344 1468 3399 in
1484 3344 1611 3401 sacrario
1626 3344 1737 3403 librum
1751 3346 1812 3421 laep'a

127 3432 190 3488 (100,
1008 3428 1117 3486 inxvnr
1133 3447 1210 3486 anno
1226 3432 1306 3503 regni
1331 3432 1426 3489 tosie.
1452 3433 1633 3506 prophetant
1659 3440 1756 3493 autern
1770 3434 1808 3491 aul

159 3520 229 3576 Post
258 3516 457 3585 Salomonem,
486 3521 589 3591 regnat
617 3519 747 3576 llobosm
781 3518 859 3576 lilius
889 3520 954 3592 eins
1007 3519 1315 3591 eoOlibnuxorStlt)
1331 3522 1431 3579 Sellirn
1461 3537 1479 3578 s
1505 3527 1585 3579 veste
1613 3523 1806 3593 sacerdotis,al

121 3624 215 3664 annos
229 3608 372 3663 xrv:sub
388 3606 442 3663 hoc
455 3606 586 3663 divisum
602 3614 647 3663 est
662 3624 786 3681 regnum
804 3614 833 3666 et
848 3624 952 3682 regna·
1006 3608 1139 3664 Solonius
1168 3613 1196 3665 et
1218 3610 1368 3678 ieremias,
1398 3611 1453 3667 aab
1491 3627 1549 3683 quo
1579 3611 1804 3687 pseudopropheta

131 3698 174 3753 vit
195 3695 227 3753 in
248 3696 382 3754 Samaria
407 3696 562 3753 Jerobonm
591 3713 692 3755 servus
719 3697 895 3767 Salomonis,
917 3699 953 3756 da
1005 3698 1144 3753 Ananias.

129 3786 196 3844 riba
212 3786 335 3857 Edrani,
360 3784 516 3858 prophetat
540 3790 649 3852 antem,
670 3790 700 3842 et
727 3786 951 3844 anblerobcam
1042 3786 1111 3842 Post
1137 3785 1257 3856 losiam,
1285 3791 1388 3861 regnat
1410 3788 1546 3846 Solonius
1578 3790 1665 3847 annis
1692 3790 1799 3864 quinam

126 3874 236 3932 achias
250 3872 402 3943 selonites,
418 3878 447 3931 et
460 3875 578 3930 Samene
589 3873 669 3931 filius
683 3874 804 3931 OElami.
1006 3875 1159 3933 mensibus
1174 3877 1320 3933 undecim.

152 3963 222 4021 Post
236 3963 379 4034 Roboam,
394 3966 499 4037 regnat
513 3963 603 4019 Abina
615 3962 694 4020 filius
709 3964 774 4035 ejus
783 3963 869 4021 annis
880 3982 950 4023 xvrr.
1041 3964 1109 4021 Poel
1120 3966 1277 4033 Solonium,
1290 3971 1392 4039 regnat
1405 3966 1532 4024 dosches
1546 3967 1626 4026 lilius
1639 3970 1704 4041 ejus
1713 3978 1797 4025 aaut!

153 4056 225 4110 Post
240 4050 357 4124 albiam,
374 4056 475 4123 regant
491 4051 568 4107 Asnb
592 4052 671 4108 lilius
696 4054 761 4123 ejus
785 4054 870 4109 annis
892 4071 949 4111 xm.
1005 4058 1142 4125 quatuor.
1159 4054 1242 4111 llunc
1252 4054 1353 4129 ligavit
1367 4056 1482 4113 Necbao
1492 4073 1543 4113 rex
1556 4053 1795 4131 AEgvpti,etaddn·

118 4142 172 4199 llic
185 4142 216 4198 in
231 4144 364 4214 tempore
374 4140 536 4197 senectutis
556 4141 645 4213 pedes
665 4140 770 4197 doluit.
787 4143 947 4215 Propheta·
1003 4143 1045 4198 xit
1059 4143 1266 4217 inAEgyptum,
1297 4145 1430 4203 ordinato
1446 4146 1477 4201 in
1502 4145 1564 4203 loco
1592 4150 1657 4219 ejus
1675 4142 1794 4205 alludia.

117 4232 169 4291 bnt
183 4236 287 4289 autem
304 4230 360 4289 snb
374 4246 407 4287 eo
419 4230 548 4286 azarias.
1003 4232 1051 4302 qui
1067 4233 1291 4305 cognominatus
1315 4239 1360 4290 est
1379 4234 1524 4304 Joachim,
1549 4241 1655 4309 regnat
1681 4234 1753 4295 annis
1765 4244 1793 4284 n·

155 4320 329 4389 Postdanb,
353 4321 457 4393 regnat
485 4317 565 4375 filius
597 4320 663 4391 ejus
691 4318 837 4393 Joeapbat
864 4320 949 4378 annis
1002 4321 1724 4397 Subhocprophetstleremias,etbuzi,etUriaa
1739 4318 1793 4378 filins
1861 4387 1865 4393 ,

117 4425 182 4467 xxv.
200 4408 260 4465 Sub
274 4408 330 4465 hoc
349 4408 493 4481 propheta
517 4407 626 4477 Helias,
652 4412 682 4464 et
709 4408 838 4466 Micheas
868 4409 948 4466 lilius
1001 4410 1119 4466 Sumere
1147 4427 1182 4466 ox
1209 4410 1423 4468 Corinthiarim.
1449 4412 1532 4470 Hunc
1558 4413 1794 4471 Nabuchodonosor
1860 4406 1865 4423 ¹

116 4494 645 4555 Jemblasetsbdinsflliusananiae.
669 4496 729 4553 Sub
758 4497 869 4553 Michen
894 4498 1469 4577 au·1)ligavitcatenisereisloncbim
1485 4504 1684 4577 regemlnda,
1704 4494 1794 4560 eldaxil
1863 4570 1865 4575 Ι

114 4588 176 4643 tem
190 4588 253 4642 erat
267 4584 520 4658 pseudopropheta
543 4585 677 4642 Sedecias
701 4585 780 4643 lilius
795 4585 940 4643 Cananei.
1000 4589 1030 4644 in
1046 4588 1213 4661 Bnbyloaia.
1861 4596 1865 4605 '

151 4673 219 4731 Post
231 4672 381 4745 iosaphat,
410 4680 512 4747 regnat
540 4675 617 4730 lilius
641 4676 704 4746 ejus
730 4673 829 4731 loram
855 4675 942 4733 annis
1030 4669 1794 4752 Postiouohim.aregnatliliusejusloachimannislri·
1859 4745 1865 4753 Ι

113 4778 160 4831 xx,
175 4766 204 4819 et
223 4762 278 4819 sab
302 4760 366 4832 ipso
395 4763 549 4835 prophetat
578 4762 686 4827 Helius,
711 4770 740 4819 et
768 4774 833 4835 post
862 4765 941 4821 huno
994 4765 1211 4835 bus3cthunc
1226 4767 1308 4823 ducit
1322 4770 1357 4824 nd
1369 4785 1437 4825 eum
1452 4770 1652 4843 compeditum
1667 4764 1793 4831 Nabualo·
1861 4770 1865 4777 “

112 4850 266 4925 prophetat
279 4849 412 4907 Heliseus
426 4851 481 4905 sub
507 4850 567 4906 lilio
595 4850 695 4906 lorum
724 4852 857 4925 Ochoziu,
884 4853 940 4910 sub
994 4855 1121 4912 donosor
1135 4872 1185 4911 rex
1199 4856 1366 4930 Rabylonis,
1381 4864 1410 4914 et
1423 4858 1495 4915 alios
1510 4876 1579 4916 curn
1590 4876 1634 4918 eo.

113 4958 172 5015 quo
185 4939 311 5016 populus
322 4940 352 4994 in
371 4938 504 4995 Samaria
520 4938 596 4995 tilios
611 4954 691 5005 suos,
707 4944 735 4996 et
764 4947 939 4999 stereusco·
1029 4948 1083 5000 Per
1096 4944 1194 5017 ipsum
1209 4944 1399 5002 constituitur
1413 4946 1442 5002 in
1457 4946 1520 5005 loco
1544 4948 1610 5020 ejus
1639 4948 1726 5005 trater
1743 4942 1793 5001 los·

112 5030 279 5089 luanbinum
295 5028 502 5095 manducabat,
524 5031 662 5100 regnante
684 5028 713 5085 in
743 5030 876 5087 Samaria
890 5032 939 5088 Jo·
991 5033 1080 5101 chim,
1097 5036 1464 5106 cujusnomenSedecias,
1481 5038 1568 5109 quiet
1583 5026 1799 5108 deosculamini

112 5136 189 5177 rnen.
992 5124 1222 5195 regnavitannis
1237 5142 1280 5181 xv.

146 5210 215 5265 Post
228 5206 328 5263 loram
344 5206 477 5279 regnavit
499 5205 578 5262 llllns
608 5207 825 5277 ejusOobozias
855 5227 931 5267 anno
1027 5218 1059 5268 ln
1075 5229 1152 5269 anno
1167 5213 1339 5269 duodecimo
1354 5214 1576 5289 transmigravit
1595 5214 1681 5275 illum
1697 5212 1805 5289 Babylo·

110 5310 169 5355 uno
186 5312 193 5354 :
218 5297 247 5353 et
260 5293 316 5353 sub
332 5292 386 5351 hoc
400 5294 556 5370 prophetat
570 5295 675 5354 Gotbol
690 5300 718 5355 et
733 5296 882 5356 habdone.
991 5302 1083 5375 niam,
1099 5302 1212 5359 effossis
1227 5300 1330 5372 oculis,
1350 5306 1380 5359 et
1402 5302 1544 5377 populum
1571 5305 1740 5363 transduxit
1752 5316 1811 5363 ca!

826 5470 929 5536 Varia
941 5472 1108 5541 lectiones.

145 5600 168 5645 '⁸
182 5600 307 5665 Sororis.
323 5600 411 5664 datie
425 5600 580 5679 becedam,
592 5602 710 5664 sororii.
