3892 6104
113 354 117 365 .
175 316 235 379 uo
694 310 853 374 rucuerr
875 312 927 372 ua
948 312 1005 373 ss.
1027 312 1176 375 sceler.
1198 310 1360 376 oauouu
1438 264 1445 287 ⁸
1821 308 1883 373 eae

176 449 247 505 dum
262 445 620 505 nulluminterealibrum
633 442 723 517 νόθον,
740 461 800 502 uno
823 445 947 501 fortasse
972 449 1101 517 excepto,
1116 444 1146 501 in
1172 461 1315 503 canonem
1338 443 1410 503 Nori
1424 444 1603 503 Testamenti
1618 441 1749 501 admisit.
1771 441 1812 500 De
1836 441 1882 501 al·

176 559 238 611 tero
255 570 333 610 nevo
352 552 402 610 illo
413 554 489 609 circa
499 551 656 608 basilidem
669 551 838 609 hereticum
853 551 929 621 apud
944 566 1012 608 eum
1029 551 1170 608 existente
1182 552 1243 622 jam
1254 550 1323 608 dixi.

213 640 386 713 Nuperrime
399 657 478 710 vero,
489 655 556 697 cum
569 638 709 695 dixissem
724 639 759 695 ad
771 654 838 712 pag.
852 655 898 694 ιιι
914 637 1091 710 prelationis
1114 639 1211 711 operis
1233 639 1300 712 mei,
1316 639 1370 697 boc
1384 639 1581 713 fragmentum
1595 639 1631 695 de
1659 652 1770 694 oenone
1785 637 1885 694 distu-

178 730 248 787 lisse
258 745 305 786 me
320 731 349 784 iu
366 728 495 786 medium
511 729 666 796 adducere,
682 731 836 801 propterea
850 727 928 800 quod
945 726 1106 784 novissima
1118 727 1251 798 ejusdem
1265 728 1355 785 editio
1369 729 1501 785 nondum
1518 727 1554 784 sd
1578 744 1685 784 manus
1700 725 1886 799 pervenisset

181 835 272 885 meas,
289 818 465 874 transmissa
478 834 513 874 en
525 816 765 874 Germaniemibi
783 818 828 873 est
841 814 936 889 opella
949 831 967 871 a
980 815 1042 874 viro
1056 814 1146 872 nobili
1165 831 1285 889 peregre
1306 823 1418 888 menta,
1448 833 1512 889 ques
1533 820 1600 873 ante
1622 815 1711 872 Lincii
1736 815 1887 889 prodierat

180 923 257 963 enno
273 907 351 978 1802,
367 923 433 964 oum
450 905 698 963 commentatione
712 904 858 962 lirenclsci
884 902 1070 973 freindaller,
1099 905 1232 961 canonici
1246 909 1276 962 et
1290 905 1378 962 theol.
1408 906 1581 979 professoris
1608 904 1690 978 publ.
1708 905 1736 961 le
1764 903 1886 977 quidem

181 995 293 1053 nullam
308 1012 433 1069 usquam
457 993 622 1052 Stoechiani
647 993 714 1051 libri
730 994 766 1050 de
788 995 904 1051 cauom
917 993 1224 1051 commemorationem
1249 994 1326 1063 lecit,
1355 999 1516 1066 contraque
1538 993 1605 1051 Caio
1633 994 1802 1066 presbytero
1828 993 1887 1049 fra·

181 1089 334 1159 gmentum
350 1084 558 1141 vindicandum
573 1100 637 1141 esse
650 1083 765 1151 statuit,
780 1081 830 1139 ubi
845 1087 943 1139 mmen
958 1081 1048 1154 in58,
1060 1082 1096 1138 ad
1114 1098 1181 1156 pag.
1196 1083 1239 1151 la,
1255 1083 1317 1140 une
1330 1082 1418 1140 hebet
1434 1099 1467 1140 :«
1479 1083 1529 1139 list
1544 1098 1609 1139 vero
1624 1081 1809 1138 simillimum
1822 1080 1888 1138 uol-

181 1173 319 1231 letionem
335 1173 393 1230 Ceti
408 1189 476 1230 cum
492 1170 592 1231 Proclo
614 1176 712 1230 Graece
740 1188 805 1229 esee
832 1171 963 1228 habitam
989 1171 1250 1244 conscriptumque.
1276 1171 1374 1229 Talem
1404 1171 1590 1245 quippenam
1605 1170 1700 1243 legere
1730 1169 1886 1243 Eusebius,

181 1261 313 1330 Photius‚
330 1262 582 1329 echeodoretus,
601 1260 651 1334 qni
667 1260 717 1317 lib.
737 1259 953 1318 retrebutorem
968 1260 1159 1317 lnreticonem
1186 1261 1320 1318 eamdem
1348 1258 1415 1314 soal
1443 1255 1584 1334 Ηάτρολον
1614 1258 1776 1332 inscripsit.
1801 1260 1887 1318 Addo

183 1352 260 1423 quod
275 1350 419 1418 Valesius,
434 1350 592 1407 momentis
608 1349 685 1407 haud
702 1347 886 1421 spernendis,
903 1347 1036 1405 Proetum
1051 1347 1130 1404 bunc
1143 1363 1158 1405 e
1173 1348 1298 1405 ducibus
1312 1351 1400 1405 sectae
1414 1348 1640 1418 Montenistioe,
1654 1351 1787 1405 Graecum
1806 1348 1892 1405 Asia·

183 1444 243 1494 tem
258 1440 348 1495 fuisse
362 1443 475 1512 arguat.
491 1443 587 1495 Graece
600 1438 699 1511 itaque
711 1453 778 1494 cum
793 1436 913 1494 homine
936 1436 1034 1493 Gracc
1060 1435 1148 1493 (laius
1172 1435 1338 1493 contulerit.
1367 1440 1503 1492 Attamen
1528 1437 1725 1509 fragmentum
1751 1440 1889 1495 nentrum

185 1527 290 1583 Latina
307 1528 404 1600 potius
419 1527 539 1599 originis
548 1527 658 1600 stylum
669 1526 759 1599 sepit.
774 1525 824 1582 Cui
837 1524 956 1598 quidem
966 1523 1131 1581 diflloulteti
1143 1540 1177 1582 ea
1186 1523 1371 1582 solummodo
1381 1525 1493 1581 ratione
1502 1525 1674 1596 occurreris,
1685 1525 1761 1582 m
1773 1525 1797 1581 si
1810 1524 1890 1581 Lati·

186 1615 275 1673 nilate
288 1615 367 1673 illico
378 1616 516 1673 donatam
528 1616 604 1672 hanc
613 1615 855 1688 disputationem,
866 1613 962 1671 autab
972 1612 1171 1686 ipsometCeio
1182 1614 1212 1669 in
1223 1614 1420 1670 Romanorum
1431 1613 1557 1686 gratiam
1570 1613 1668 1670 balina
1679 1614 1768 1671 simul
1779 1613 1890 1673 dixeris

185 1709 343 1762 exaratam.
357 1707 425 1772 Qun
440 1710 564 1778 utraque
582 1704 710 1778 profecto
737 1705 904 1777 conjectura
917 1718 936 1760 a
948 1702 1068 1759 vertute
1095 1702 1174 1759 haud
1199 1702 1310 1759 absona
1323 1706 1376 1759 est.
1392 1701 1441 1759 Sic
1468 1702 1546 1760 enim
1572 1701 1709 1775 pleneque
1732 1704 1761 1759 S.
1786 1702 1891 1760 irenei

187 1810 275 1868 opera
288 1795 319 1850 in
336 1795 434 1851 Latina
444 1793 577 1851 versione
590 1792 806 1865 antiquissime,
822 1808 876 1849 neo
885 1807 944 1849 non
953 1790 1012 1848 alia
1021 1790 1136 1864 generis
1151 1791 1239 1863 hujus
1248 1790 1467 1864 quamplurima
1481 1792 1517 1849 ad
1528 1806 1685 1864 nouusque
1696 1808 1889 1866 pervenere.»

189 1885 253 1940 linc
269 1881 456 1940 Freindaller.
473 1887 586 1939 Interea
598 1897 652 1955 ego
663 1897 698 1938 ex
711 1880 843 1955 vestigiis
858 1880 930 1938 satis
946 1878 1033 1936 claris
1053 1879 1279 1953 deprehendisse
1306 1880 1379 1936 mihi
1406 1881 1506 1938 videor
1535 1881 1695 1952 bominem,
1724 1881 1774 1954 qui
1793 1882 1893 1940 Graece

188 1971 347 2046 scripserit,
364 1972 502 2046 posthaec
518 1970 622 2027 Latine
634 1971 723 2028 verba
742 1970 892 2040 latentem,
911 1985 946 2026 eo
960 1968 1069 2026 indicio
1083 1970 1160 2043 quod
1184 1970 1285 2026 eadem
1299 1967 1340 2026 ita
1353 1968 1534 2042 graecissant,
1552 1974 1585 2027 ut
1598 1971 1686 2027 etiem
1706 1987 1741 2028 ex
1755 1969 1808 2029 illa
1833 1969 1893 2028 lin·

187 2077 419 2136 guaversaesse
434 2059 596 2117 videantur.
612 2058 709 2133 Pergit
731 2057 919 2130 Freindaller,
949 2058 985 2115 ad
1000 2060 1015 2128 fi
1031 2058 1074 2126 13,
1103 2058 1144 2114 ita
1171 2057 1308 2127 scribere,
1333 2063 1491 2132 postquem
1522 2061 1637 2116 monuit
1651 2059 1680 2116 in
1697 2059 1758 2135 §ll
1785 2059 1890 2118 &inm

187 2151 266 2207 hunc
280 2149 531 2207 consentientibus
545 2147 661 2206 veiseis
675 2151 705 2204 et
720 2147 871 2215 Bulnsrto,
885 2162 954 2204 eum
969 2162 1034 2204 esee
1048 2146 1085 2203 de
1109 2162 1167 2219 quo
1194 2147 1229 2203 ed
1254 2146 1363 2204 calcem
1392 2149 1522 2205 Actorum
1535 2149 1564 2203 S.
1594 2150 1746 2222 Polycarpa'
1763 2148 1892 2222 legitur:

187 2243 255 2296 Acte
276 2239 337 2296 liaec
352 2237 435 2294 Cotus
448 2238 619 2310 derotpsfte
638 2237 839 2308 manuscriptis
863 2237 974 2304 irenae,
1004 2236 1152 2310 Polycarpt
1165 2236 1307 2308 discipuli,
1322 2238 1486 2294 ouieuoecua
1500 2239 1578 2308 fuit:
1591 2242 1681 2310 etque
1694 2237 1802 2294 idcirco
1830 2253 1891 2294 non

187 2327 364 2385 credendum
379 2341 445 2383 esse
459 2340 559 2382 rerum
575 2341 642 2382 curn
659 2325 768 2383 lreneao
782 2324 833 2381 diu
844 2328 991 2381 versatum
1007 2323 1198 2398 Apocalypsin
1212 2325 1337 2382 Joennis
1362 2325 1485 2397 apostoli
1514 2327 1743 2399 contempsisse:
1768 2326 1850 2393 Quod
1866 2325 1892 2383 sl

187 2419 348 2482 momente,
364 2436 379 2466 u
395 2414 492 2487 inquit
505 2413 565 2484 ille,
578 2415 777 2486 suppeterent,
793 2414 870 2471 unde
885 2413 980 2471 securi
995 2411 1169 2478 videremur,
1186 2414 1330 2487 pertinere
1341 2416 1395 2471 linc
1406 2415 1601 2487 fragmentum
1617 2417 1653 2472 ad
1673 2415 1807 2472 eamdem
1823 2431 1892 2473 cum

188 2504 290 2561 Proclo
307 2503 536 2576 Disputationcm
547 2503 625 2559 unde
639 2518 727 2560 suum
750 2505 904 2559 mutuatus
918 2506 964 2558 est
977 2500 1131 2573 Eusebius,
1162 2502 1301 2575 quodque
1324 2501 1384 2558 Caii
1400 2516 1537 2560 essenon
1553 2503 1730 2576 disputetur,
1745 2506 1810 2560 tnm
1825 2519 1896 2575 pro·

78 2606 80 2611 ’
187 2595 261 2651 fecto
277 2593 319 2649 bae
335 2596 441 2649 nostrae
456 2606 508 2665 pro
520 2592 621 2648 eodem
637 2591 758 2648 vindica
774 2607 868 2663 usque
883 2591 920 2646 ad
935 2589 1118 2663 exploratam
1136 2591 1253 2663 penitus
1266 2594 1453 2664 assurgerent
1466 2592 1682 2648 certitudinem.
1714 2592 1895 2652 Memoretus

188 2682 308 2755 quidem
324 2682 448 2754 ipsemet
462 2680 526 2738 loco
541 2680 630 2739 citato
643 2681 818 2738 Muratorius
830 2681 975 2737 faventem
990 2680 1150 2753 quemdem
1170 2679 1238 2737 buio
1257 2681 1407 2738 senmntia
1432 2680 1573 2740 rationem
1583 2681 1647 2753 jam
1661 2680 1795 2754 protulit,
1818 2681 1892 2738 dum

189 2788 223 2829 ex
237 2771 402 2844 impudenti
418 2769 650 2827 adversariorum
664 2768 695 2826 in
706 2770 905 2844 supponendis
917 2767 1000 2827 noris
1014 2769 1168 2842 scripturis
1177 2770 1342 2826 temeritate
1352 2786 1453 2827 ansam
1464 2769 1624 2842 arripuisse
1639 2769 1752 2840 Gaium,
1763 2768 1892 2841 conjicit,

191 2860 227 2917 de
241 2860 383 2917 librorum
398 2860 433 2916 N.
446 2860 479 2916 T.
494 2874 616 2925 canone,
631 2859 755 2933 quodie
780 2859 942 2932 fragmento
954 2858 1003 2928 sit,
1019 2858 1135 2932 agendi.
1155 2858 1208 2915 Cui
1223 2858 1462 2916 commodissime
1476 2859 1506 2916 id
1531 2876 1646 2932 quoque
1673 2859 1760 2930 adjici
1776 2858 1892 2932 poterit,

94 3004 96 3009 .
188 2950 233 3007 vel
248 2951 279 3005 in
294 2948 531 3022 fragmentoipao
546 2949 693 3018 quoddam
708 2951 862 3006 cosmatus
877 2964 944 3004 cum
958 2947 1158 3020 disputatione
1172 2948 1299 3021 quadarn
1314 2947 1437 3004 indicari
1451 2948 1618 3020 vestigium,
1634 2950 1712 3021 quod
1727 2947 1894 3005 acutissimi

182 3040 262 3095 m
272 3037 325 3094 viri
334 3036 947 3110 effugisseocnlusprofectomirandumest.
957 3040 1067 3093 aucun
1075 3036 1216 3093 nimirum
1224 3036 1601 3109 factadeepistolePsnliad
1610 3037 1757 3094 Romanos
1769 3037 1895 3110 ejusque

182 3129 355 3200 argumento
370 3125 528 3193 mentione,
540 3126 628 3182 verbe
642 3125 703 3182 hac
717 3126 848 3182 subdidit
863 3143 870 3182 :
892 3125 926 3182 de
939 3126 1038 3199 quitur
1051 3126 1169 3197 stapulas
1179 3140 1287 3182 maesse
1301 3133 1340 3182 eat
1353 3126 1460 3182 euobis
1483 3126 1635 3197 disputari.
1660 3129 1734 3183 Cum
1754 3130 1896 3200 praterea

181 3215 285 3272 nullibi
301 3216 477 3287 ceteroquin
492 3214 522 3270 in
533 3215 688 3287 fragmenti
704 3216 793 3287 hujus
803 3215 1100 3287 integroergumento
1115 3213 1268 3287 quidpiam
1282 3219 1418 3272 occurret
1437 3214 1628 3287 disputetioni
1642 3214 1695 3272 tali
1725 3214 1895 3285 dissonum,

181 3304 243 3361 imo
261 3303 396 3361 universe
412 3303 510 3376 potius
521 3302 669 3360 conciliari
683 3303 779 3361 eidem
793 3318 883 3374 quam
899 3301 1010 3375 optime
1023 3300 1146 3370 caelant,
1172 3302 1244 3374 quid
1269 3318 1324 3359 nos
1352 3301 1429 3359 ultre
1453 3303 1627 3372 morabitur,
1653 3302 1815 3377 quominus
1839 3302 1895 3361 boc

183 3392 366 3449 veneratione
381 3389 590 3464 dignissimum
616 3389 799 3463 antiquitatis
818 3388 1019 3448 ecclesiastice
1045 3393 1268 3447 monumentum
1286 3389 1382 3446 denuo
1399 3390 1614 3449 revindicemus
1629 3391 1696 3448 Calo
1721 3390 1823 3459 veteri,
1846 3390 1895 3450 cul

187 3487 230 3538 tot
243 3480 315 3537 illud
332 3479 461 3537 rationes
474 3479 635 3549 vindicant,
652 3479 688 3537 iis
700 3496 762 3552 qua
777 3496 812 3536 cx
827 3479 947 3538 adverso
960 3482 1050 3548 stam,
1061 3478 1251 3546 sufficienter,
1263 3480 1339 3554 quod
1355 3479 1492 3549 arbitror,
1519 3479 1634 3538 solutis.
1662 3484 1729 3538 Hac
1749 3480 1799 3539 ille
1827 3480 1894 3554 qui·

187 3570 263 3625 dem.

220 3678 234 3707 «ι
247 3658 305 3726 Age
322 3672 387 3713 vcro
404 3677 419 3706 u
442 3655 484 3713 ait
504 3656 693 3726 Muratorius,
707 3657 796 3730 «jem
826 3656 1009 3730 proferemus
1035 3656 1233 3730 fragmentum
1263 3655 1362 3729 ipsum
1386 3657 1621 3716 eretustissimo
1645 3659 1745 3716 codice
1767 3658 1893 3716 llmbro·

184 3742 267 3802 siano
282 3745 463 3816 decerptum,
480 3748 568 3816 atque
582 3744 654 3801 illud
670 3745 851 3803 eruditorum
866 3744 999 3801 omnium
1014 3744 1142 3802 examini
1166 3745 1369 3817 subjiciamus,
1396 3746 1512 3803 nullum
1526 3748 1669 3805 demendo
1684 3764 1720 3805 ex
1742 3746 1893 3813 ermribus

185 3833 292 3907 quibus
308 3832 495 3890 librariorum
511 3833 658 3906 imperitia
672 3834 849 3908 scripturam
866 3833 1010 3891 saturavit
1023 3839 1111 3907 atque
1126 3833 1255 3903 foederit,
1270 3849 1439 3907 quenquam
1456 3834 1529 3891 nihil
1550 3835 1570 3892 ii
1583 3837 1700 3893 obstent
1728 3837 1892 3911 quominus

181 3922 309 3997 pretium
320 3923 361 3979 rei
376 3922 582 3995 intelligemus.
600 3945 615 3975 e
630 3922 734 3981 Sicilie
749 3949 757 3992 ς
772 3924 813 3981 ita
828 3931 855 3981 et
866 3922 903 3981 cl.
919 3921 1091 3981 Sthuscbiua
1104 3924 1300 4005 fragmentum
1313 3939 1380 3980 oum
1396 3925 1533 3982 omnibus
1558 3927 1673 3984 mendis
1698 3931 1787 3999 atque
1806 3942 1892 3985 erre·

182 4011 266 4068 ribus
278 4011 424 4080 exhibuit;
440 4009 527 4068 sicuti
542 4011 611 4069 fecit
626 4010 797 4069 Gellandius
811 4011 933 4069 intumo
949 4016 973 4067 11
988 4011 1166 4070 Bibliotheca
1180 4029 1240 4069 sua
1254 4013 1310 4069 Pl’.
1330 4012 1382 4069 ubi
1397 4013 1427 4070 in
1450 4015 1515 4071 (lcii
1537 4016 1709 4088 Frcqmcutfa
1736 4014 1809 4072 illud
1834 4014 1893 4073 col·

182 4098 296 4156 locavit.
314 4099 430 4159 Utinam
446 4099 610 4174 corrigendi
625 4100 754 4157 officium
769 4100 823 4157 viri
837 4099 945 4157 eruditi
960 4100 990 4157 in
1006 4116 1039 4159 se
1058 4100 1267 4174 suscepissent.
1284 4103 1354 4157 Cum
1371 4119 1437 4159 vero
1454 4103 1563 4161 lactum
1579 4104 1608 4160 id
1620 4121 1678 4161 non
1704 4103 1802 4173 fuerit,
1830 4103 1892 4162 nisi

184 4190 260 4261 quod
276 4188 306 4245 in
323 4188 472 4246 nonnullis
487 4187 570 4258 locis,
579 4205 705 4263 quorum
718 4188 831 4247 facilior
844 4194 890 4247 est
904 4188 1080 4260 emendatio,
1088 4189 1126 4247 cl.
1139 4188 1325 4258 Freindaller,
1341 4191 1535 4262 fragmentum
1549 4193 1734 4251 membratim
1747 4197 1891 4265 tractans,

182 4294 281 4336 veram
296 4278 471 4352 scripturam
487 4277 619 4351 reposuit
630 4296 637 4348 ;
650 4278 700 4348 τὴν
716 4278 835 4354 ratpero
851 4293 904 4350 ego
918 4278 1045 4353 adeptus
1059 4293 1137 4350 sum,
1153 4293 1242 4350 quam
1259 4277 1371 4350 priores
1385 4277 1427 4334 illi
1452 4280 1548 4337 adhuc
1570 4283 1734 4339 ornandam
1758 4282 1892 4356 reliqua-

182 4370 259 4423 rant.
275 4368 311 4423 llt
326 4366 393 4425 bonl
404 4367 475 4440 qnid
490 4382 523 4426 er
540 4366 587 4426 hle
602 4366 696 4426 literis
705 4370 767 4425 mm
781 4367 857 4426 loede
865 4366 1031 4426 immutatis
1041 4365 1183 4439 expiscari
1199 4365 1357 4440 potuerim,
1373 4365 1497 4425 eliorum
1508 4369 1655 4443 judicium
1670 4375 1743 4429 esto.
