3892 6104
120 295 178 358 tat
639 300 797 366 lncba'll
819 305 870 366 DE
892 308 948 367 SS.
972 306 1123 372 SCRIP'l'.
1144 303 1302 369 CANONE
1713 312 1718 321 “
1762 299 1823 366 188

119 427 228 484 mirum
253 428 277 484 si
308 429 436 488 Joannes
460 435 519 488 tam
548 435 713 490 constanter
740 434 797 507 (20)
826 433 1329 508 singulaAActaautemomnium
1352 432 1556 505 Apostolorum
1584 431 1640 488 sub
1657 448 1714 489 uno
1743 431 1821 490 libro

120 517 207 574 etiam
242 518 270 573 in
287 519 424 591 Epistolis
439 521 501 576 suis
514 522 652 593 proferat,
665 523 766 580 dicens
791 523 821 580 in
836 530 942 582 semet·
996 526 1107 598 scripta
1120 531 1199 582 sunt.
1223 525 1317 580 Lucas
1344 521 1454 594 optime
1474 521 1496 557 ¹⁸
1509 520 1670 592 Theophila
1686 521 1707 558 ¹⁶
1722 522 1783 591 (Art
1800 538 1821 590 1,

120 605 186 677 59⁸⁰
215 605 272 678 (2¹)
296 607 318 679 (¹
347 610 425 665 toan.
454 609 474 677 i,
505 609 531 676 1,
560 610 607 683 l):
624 611 701 668 18⁰
729 613 797 681 θυαε
824 613 943 670 vidimus
996 611 1488 687 t)oomprehendit,quia(thsub
1503 608 1819 682 prasentiaejussin·

119 696 222 752 accolis
236 697 340 752 nostris
355 700 381 752 ct
395 697 510 753 curtim
519 698 677 756 audivimas
688 710 713 757 et
727 718 828 758 manas
842 704 941 760 nostrae
995 701 1065 776 gula
1078 705 1253 776 gerebantur
1269 717 1276 768 ;
1292 700 1370 756 sicut
1382 703 1412 755 et
1426 701 1536 755 semote
1547 699 1568 734 ¹⁷
1589 697 1678 770 (ioan.
1693 715 1752 765 xm,
1768 699 1816 768 18,

119 782 313 857 palpaverant,
330 783 387 841 tac
409 788 577 859 scripsimus.
594 788 734 845 Sicanim
759 807 816 847 non
845 790 942 848 solum
998 792 1041 864 19)
1063 790 1229 864 passionem
1258 789 1331 846 181
1348 786 1426 845 Petri
1453 786 1602 843 evidenter
1625 785 1753 843 declarat
1782 787 1817 853 ¹⁸,

120 872 258 940 visorem,
274 874 324 929 sed
341 874 363 909 ¹⁸
377 875 540 932 auditorem
556 875 623 948 (22),
649 879 699 933 sed
713 882 741 934 et
768 879 941 952 scriptorem
995 880 1047 937 scd
1063 880 1086 917 ¹⁹
1112 880 1199 952 (Rom.
1223 895 1269 947 xv,
1290 878 1337 945 24,
1363 876 1408 948 28)
1433 874 1642 948 protectionem
1666 874 1749 930 Pauli
1770 874 1820 948 (25

121 961 253 1018 omnium
263 961 442 1020 mirabilium
458 963 574 1021 Domini
590 965 781 1038 perordinem
796 969 862 1040 (23),
878 985 944 1043 pro·
995 969 1032 1026 ab
1047 968 1118 1025 urbe
1133 969 1169 1024 ad
1184 967 1323 1039 Spaniam
1338 963 1559 1038 proficiscentis.

121 1049 231 1108 fliellff·
1030 1056 1192 1130 llpistolal⁰
1206 1059 1303 1111 autem
1330 1053 1422 1122 Pauli,
1447 1069 1554 1125 quma
1581 1068 1640 1125 quo
1667 1051 1742 1122 loco,
1776 1053 1823 1111 vel

832 1158 934 1219 Varie
950 1155 1111 1219 lectiones.

154 1247 177 1282 ¹⁴
192 1249 265 1303 Fert.
297 1262 328 1304 sc
351 1252 389 1304 ct.
415 1249 513 1306 lloatir.
529 1251 552 1285 ¹⁵
573 1251 688 1326 Scripta
715 1256 786 1310 sunt
808 1253 901 1311 Lucas
932 1253 993 1311 edd.
1009 1254 1184 1322 liminares,
1208 1255 1302 1321 torran
1327 1253 1417 1322 typos.
1433 1249 1509 1305 citio.
1534 1248 1602 1304 scd.
1627 1248 1649 1284 ¹⁶
1669 1251 1737 1305 Fort
1767 1266 1824 1321 op-

118 1316 190 1373 time
220 1335 255 1374 eu
282 1318 454 1392 Theophilo.
481 1320 578 1378 daath.
607 1323 629 1358 ¹⁷
660 1325 732 1382 Fort.
768 1331 890 1383 semota.
913 1325 1013 1384 Roatlr.
1039 1325 1061 1363 ¹⁸
1087 1326 1159 1382 Fert.
1197 1323 1348 1381 declarant
1368 1320 1466 1377 lloatlr.
1486 1320 1509 1356 ¹⁹
1536 1320 1591 1375 Sed
1619 1324 1663 1390 et,
1688 1321 1824 1394 reposuit·

117 1390 273 1446 Freindclt.
292 1390 316 1426 ²⁰
330 1389 477 1463 Epistola,
491 1392 646 1450 Freindatl.
1457 1396 1462 1401 ⁴

648 1484 740 1546 Mart.
756 1483 887 1567 iosephi
914 1483 1020 1550 Routh
1034 1483 1288 1548 commentarius.

159 1574 214 1647 (aa)
231 1575 294 1630 Tam
309 1578 476 1646 constanter,
491 1579 526 1632 Η.
540 1593 566 1633 ο.
582 1580 643 1634 tam
658 1577 791 1647 fidenter,
808 1584 837 1636 et
863 1597 944 1639 asse·
997 1581 1062 1652 ejus
1076 1596 1134 1636 non
1155 1579 1317 1645 nominato,
1333 1581 1365 1634 ut
1397 1592 1480 1632 sacer
1499 1578 1597 1632 tamen
1627 1576 1663 1631 ab
1687 1573 1823 1632 ecclesiis

120 1650 263 1702 verenter.
294 1644 378 1703 diosc.
416 1649 469 1704 oct.
504 1652 683 1720 constanter,
721 1648 854 1712 εὐσταθῶς
882 1651 945 1731 dap·
997 1651 1090 1724 Lugd,
1105 1649 1316 1716 stViennensi,
1332 1652 1420 1721 atque
1441 1646 1598 1720 Polycrate,
1614 1647 1686 1703 stab
1702 1651 1826 1704 auctore

121 1713 251 1794 poterae.
998 1722 1138 1779 adversus
1153 1721 1359 1794 cataphryges,
1374 1724 1404 1776 ct
1419 1717 1598 1786 Firmiliuno,
1614 1722 1644 1774 et
1666 1717 1823 1790 Cypriane,

157 1788 214 1860 (2l)
230 1789 329 1845 Dicens
348 1790 377 1847 in
390 1791 542 1863 semetipso.
560 1791 747 1864 conjeceram
775 1809 839 1866 ego,
868 1791 945 1850 sicut
998 1793 1158 1865 Pontioqua
1168 1792 1290 1849 diacono
1305 1792 1379 1863 ejus,
1391 1790 1468 1847 siout
1481 1790 1641 1845 abauotore
1652 1789 1825 1857 dompntidc

120 1857 307 1926 Freiudaller‚
323 1862 522 1932 reponendum
538 1863 649 1919 esseda
684 1880 715 1919 ro
731 1865 760 1918 in
774 1881 786 1927 ;
801 1868 832 1920 at
857 1865 946 1921 verba
998 1863 1116 1932 Pascha,
1133 1869 1162 1920 et
1175 1863 1335 1933 Victorino,
1350 1867 1379 1919 et
1394 1861 1543 1918 Lactantio
1569 1875 1696 1931 eumque
1711 1859 1737 1914 ἐν
1766 1859 1827 1921 τοὶς

120 1930 244 1988 fortasse
259 1935 366 1987 sonant
380 1932 457 1988 idem
478 1933 555 2004 quod
570 1932 622 1990 illa
671 1934 821 1991 ertultiani
842 1934 871 1990 in
892 1935 943 1991 lib.
961 1962 985 2028 B
1000 1932 1235 2010 ὁμολογουμένοις
1262 1934 1361 2007 posuit
1374 1932 1528 1989 Eusebius.

123 2001 155 2058 de
184 2002 335 2071 Pudicitia,
352 2018 416 2076 cap.
431 2002 626 2060 imitanter
648 2007 776 2061 etiamin
799 2022 850 2060 saa
877 2020 945 2078 per·
1035 2007 1092 2079 (25)
1115 2005 1193 2062 Sicut
1215 2009 1241 2062 ei
1272 2009 1373 2062 semote
1395 2004 1550 2076 passionem
1569 2002 1650 2057 Patri
1679 2002 1826 2058 evidenter

123 2088 192 2128 sona
223 2074 365 2144 Apostolos
394 2075 501 2129 statuit.
535 2075 685 2146 dirimam
705 2079 780 2132 enim
805 2076 946 2133 Christum
998 2076 1129 2143 declarat,
1144 2077 1189 2132 sed
1202 2078 1400 2150 perfectionem
1415 2076 1507 2143 Pauli,
1525 2077 1578 2129 etc.
1592 2074 1628 2127 st
1650 2089 1716 2129 vero
1745 2089 1833 2145 quo-.

123 2144 159 2200 ad
172 2144 220 2200 hoa
233 2145 353 2227 eruisse,
367 2154 398 2200 at
411 2147 562 2227 peccatores
580 2147 670 2203 salros
679 2151 800 2272 pacaret,
830 2163 946 2219 quoram
998 2148 1097 2214 modo,
1113 2164 1177 2219 qum
1192 2144 1523 2271 sequunturevestiffio,
1540 2143 1711 2216 explicanda
1725 2144 1825 2201 eunti

121 2217 229 2286 primas
243 2217 417 2286 apscsarssat,
433 2215 499 2287 qaid
512 2216 607 2299 adjicit
622 2218 665 2273 ‘la
700 2219 946 2276 misericordiam
998 2221 1030 2275 st
1044 2229 1143 2276 scnwtc
1153 2221 1309 2291 passionem
1327 2218 1406 2273 Petri
1419 2219 1462 2272 cui
1480 2219 1557 2271 enter
1588 2215 1721 2270 declarat.
1752 2215 1824 2271 Car·

122 2302 185 2342 snm
199 2293 366 2352 consecutas,
390 2288 520 2358 qnoniam
535 2304 666 2360 apparant
679 2290 734 2358 {cci
761 2291 792 2346 r'n
818 2290 944 2347 incrcda·
999 2306 1093 2346 ocrcm
1110 2290 1231 2347 forsitan
1251 2289 1336 2355 Petri,
1354 2288 1608 2360 prodigiosumque
1619 2285 1823 2343 liberationem

123 2356 202 2413 litata
221 2356 244 2427 (1
267 2357 335 2412 lim.
352 2357 382 2428 ι).
408 2358 546 2414 Conleras
565 2376 722 2432 anoymum
746 2364 894 2417 auctorem
913 2361 947 2417 dc
999 2361 1069 2433 (Act.
1085 2361 1147 2433 xa),
1164 2361 1210 2417 his
1226 2360 1321 2416 verbis
1336 2359 1483 2424 innuunt,
1503 2361 1636 2429 poterant
1659 2357 1737 2411 enim
1765 2358 1825 2414 ista

121 2428 332 2500 Redaptismate,
366 2458 400 2467 -
421 2445 453 2485 ac
469 2433 612 2512 propterea
633 2431 766 2503 discipali
784 2432 841 2495 cias
869 2434 944 2488 ardi-
1000 2432 1188 2501 omnimodis,
1217 2431 1400 2487 imminentis
1440 2430 1522 2486 Petro
1563 2427 1695 2501 martyrii
1730 2429 1820 2500 quasi

121 2501 242 2570 trantar,
258 2498 619 2570 quodnattoolrarationc
642 2505 871 2560 vitomaetcrnam
900 2503 946 2559 iris
1000 2502 1141 2576 preludia
1172 2503 1321 2559 estimari.
1340 2533 1374 2542 -
1398 2501 1450 2556 Sed
1472 2498 1690 2572 (verosimilius,
1715 2500 1824 2573 sedet)

119 2572 294 2644 prestiterat
317 2578 394 2637 essct,
405 2572 462 2626 nisi
473 2572 597 2643 primam
607 2575 664 2645 ipre
677 2576 763 2630 vitam
786 2574 857 2630 tanc
875 2577 945 2631 tem·
997 2576 1194 2648 prosectionem
1218 2574 1303 2629 Ponti
1323 2573 1358 2628 ab
1389 2574 1458 2628 arde
1482 2571 1517 2627 cd
1537 2570 1670 2642 Spaniam
1689 2571 1823 2696 ¹propsal-

121 2642 246 2716 poralcm
264 2657 326 2697 cam
341 2641 396 2697 itta
419 2651 527 2699 aeterna
546 2643 577 2700 in
601 2661 633 2700 sc
657 2644 720 2716 ipso
751 2647 945 2729 continuasset,
998 2648 1109 2703 reontio.
1125 2644 1223 2701 Altum
1239 2644 1357 2717 quidem
1373 2640 1724 2699 ltctainnostrisBiblris
1763 2640 1823 2698 auli

123 2713 159 2770 ad
176 2729 241 2785 pag.
257 2713 313 2768 359
328 2713 372 2768 ed.
391 2713 582 2770 Benedictinae
598 2731 719 2787 operum
748 2716 779 2773 S.
809 2716 946 2790 Cypriam
1002 2717 1056 2774 boc
1070 2717 1125 2773 iter
1139 2716 1278 2772 Romaad
1297 2715 1442 2787 Hispanos
1467 2711 1824 2769 reticentvmumtrun·

161 2785 217 2855 (22)
232 2783 284 2840 Sed
306 2783 473 2841 auditorem.
495 2785 572 2842 Fort.
589 2785 757 2860 legendum,
772 2803 803 2845 sc
817 2793 846 2845 ct
860 2788 945 2844 audi·
1000 2793 1084 2844 catus
1093 2786 1289 2860 proculdubio
1299 2785 1380 2842 locus
1392 2787 1466 2841 scire
1476 2801 1530 2841 nos
1541 2783 1664 2856 impedit
1678 2801 1713 2838 an
1730 2783 1824 2855 hujus

123 2859 228 2912 torem.
1000 2859 1111 2916 mentio
1127 2859 1235 2915 ibidem
1252 2859 1261 2913 i
1286 2859 1370 2927 ecta,
1386 2858 1422 2912 ad
1442 2860 1514 2913 Acta
1533 2854 1746 2927 apostolorum,
1783 2871 1825 2912 an

160 2926 216 2998 (23)
228 2930 281 2982 Per
303 2924 505 2983 auditoremfl.
519 2943 544 2984 e.
564 2928 676 2997 ordine,
688 2929 835 3003 quomodo
845 2926 947 2985 melio·
1021 2929 1145 2987 otiusad
1161 2929 1251 2986 alium
1292 2929 1389 2984 ibrum
1415 2926 1568 3001 pertineat.
1584 2928 1719 2982 Attamen
1748 2926 1825 2983 certi

123 2997 205 3054 ribus
220 2996 390 3053 auctoribus
405 3013 469 3054 mos
484 2998 621 3056 scribere.
636 3000 689 3057 sed
719 2999 827 3126 pariter
860 3004 948 3072 atque
1000 2946 1020 3057 B

1022 3001 1047 3058 is
1062 3001 1222 3062 reddimur.
1236 2999 1358 3056 Paulum
1374 2999 1410 3055 ab
1426 2998 1596 3055 urbeRoma
1610 2996 1639 3052 in
1652 2996 1825 3068 Hispaniam

123 3069 170 3125 hic
186 3074 287 3126 auctor
297 3066 454 3124 formulam
468 3070 514 3126 vir
531 3086 634 3127 sanam
651 3070 719 3127 arlhi
741 3072 795 3140 uit,
816 3071 857 3127 ita
880 3071 949 3127 lecit
1001 3072 1212 3144 commigrasse
1229 3088 1236 3127 :
1252 3071 1384 3138 indubie,
1400 3076 1554 3142 postquam
1570 3086 1587 3125 u
1601 3068 1713 3123 Nerone
1737 3067 1828 3124 abso·

124 3139 322 3196 Tertullianus
337 3138 369 3196 de
388 3139 493 3212 Specta.
519 3157 583 3214 cap.
613 3144 650 3210 5;
678 3143 884 3216 Hieronymus,
915 3141 948 3198 dc
1001 3142 1082 3200 lutus
1098 3143 1293 3215 estaprima
1304 3141 1601 3212 scilicetcaptivitate,
1612 3140 1648 3195 de
1661 3139 1825 3212 quaospite

126 3213 199 3269 Viris
212 3212 255 3267 ltl.
277 3227 310 3265 ca
334 3211 397 3278 ,93
427 3209 550 3282 Optatus
577 3212 610 3268 dc
634 3213 790 3270 Satismatc
811 3214 946 3270 Donatist.
1003 3213 1451 3285 ultimodctuumapostolorum
1466 3209 1826 3282 historialegitur.Utrnm

123 3281 176 3338 lib.
189 3300 231 3354 ιιι,
245 3300 272 3354 p.
289 3227 329 3362 62)
343 3286 372 3337 et
387 3298 415 3364 p.
430 3282 465 3337 6l
480 3283 577 3340 ed.Du
599 3284 652 3350 im,
662 3284 770 3355 aliique
778 3284 945 3356 scriptores.
1004 3285 1101 3342 lorsan
1111 3284 1200 3341 veluti
1210 3287 1320 3356 ecfacto
1331 3282 1830 3363 finirilibrumdetorum,quemad·

124 3358 275 3423 (laterum,
288 3358 328 3407 art
338 3353 525 3410 Fremdaller.
540 3376 555 3407 ιι
569 3301 650 3412 [Γαυά
675 3355 865 3412 destituimur
875 3354 948 3411 indi·
962 3331 984 3400 G
1003 3356 1123 3413 modam
1140 3356 1229 3412 ordiri
1238 3355 1331 3411 verbis
1344 3373 1350 3410 :
1368 3355 1474 3426 Optime
1485 3353 1635 3424 Theophila
1649 3352 1828 3424 designandi

127 3426 180 3482 ciis
195 3424 368 3497 posteriores
389 3441 453 3480 csse
464 3425 604 3498 epistolas
631 3427 754 3485 Joannis
780 3426 948 3500 Evangelio,
1006 3427 1211 3500 fragmentario
1222 3432 1321 3482 nostro
1331 3425 1456 3482 intentio
1473 3424 1554 3479 luitl
1570 3425 1781 3479 anmosnmra.
1794 3454 1830 3466 -

128 3502 335 3567 auctoremque
351 3495 443 3550 nostri
458 3497 624 3569 fragmenti,
640 3498 762 3570 antiqua
776 3499 897 3556 forsitan
907 3498 950 3553 in·
1004 3498 1139 3555 Fortasse
1154 3497 1321 3570 legendum,
1336 3513 1387 3567 pro
1401 3499 1511 3564 semote,
1523 3504 1637 3563 semota,
1654 3500 1685 3549 ut
1699 3493 1826 3566 accipia-

128 3571 273 3623 structum
289 3566 457 3634 traditione,
473 3567 606 3625 versibus
622 3571 670 3625 Μ
689 3569 819 3642 epistole
849 3569 951 3641 primm
1004 3574 1054 3626 tur
1067 3571 1189 3625 verbum
1203 3586 1254 3641 pro
1270 3567 1488 3625 narrationibus
1501 3582 1623 3623 seorsum
1638 3572 1667 3621 et
1678 3567 1829 3637 separatim

125 3638 161 3694 ad
187 3636 418 3693 confirmandam
442 3637 512 3694 dicti
545 3639 707 3713 Evangelici
735 3641 949 3712 auctoritatem,
1004 3641 1118 3714 positis,
1135 3641 1165 3696 h.
1181 3656 1206 3696 c.
1223 3639 1293 3697 alibi
1308 3657 1397 3712 quam
1413 3641 1441 3694 in
1455 3639 1563 3694 Actibus
1577 3637 1761 3709 apostoloram
1773 3654 1780 3704 ;
1792 3652 1827 3693 ao

125 3726 213 3765 usum
230 3713 361 3773 eatenus,
377 3712 522 3777 quatenus
537 3711 686 3781 apostolus
701 3710 765 3783 ipse
778 3711 824 3767 his
853 3710 950 3768 verbis
1004 3712 1126 3784 proinde
1140 3712 1222 3768 locus
1236 3712 1278 3766 ita
1293 3711 1475 3781 restituatur,
1486 3712 1589 3766 siaatet
1602 3717 1704 3764 semota
1720 3709 1828 3779 passio·

125 3780 161 3836 ad
177 3778 249 3835 illud
264 3796 280 3834 a
297 3777 483 3849 rescriptum
500 3783 669 3854 respexerit.
686 3783 716 3838 ld
733 3783 949 3854 quodprolecto
1003 3801 1066 3840 nem
1082 3786 1159 3840 Petri
1171 3783 1308 3840 evidenter
1329 3784 1472 3839 declarant
1498 3779 1625 3851 (scil.‚S.
1650 3781 1730 3836 ioan.
1759 3795 1827 3851 cap.

125 3852 166 3907 ita
178 3850 334 3922 contigisse
349 3853 480 3942 poterat;
496 3868 665 3926 quanquam
681 3854 743 3910 haec
757 3854 856 3923 verbu,
866 3856 950 3908 ταῦτα
1003 3856 1036 3910 21
1053 3871 1160 3911 comm.
1176 3855 1208 3910 18
1224 3858 1252 3911 ct
1273 3854 1328 3924 19),
1344 3855 1391 3910 sed
1410 3859 1438 3910 et
1461 3853 1660 3924 prosectionem
1678 3849 1761 3933 Panto
1790 3849 1826 3906 alr

125 3918 335 3998 ἀπαγγέλλομαι
352 3924 427 3992 υμῖν,
439 3922 634 3996 depraedicata
651 3924 805 3999 Evangelio
825 3924 949 3999 intelligi
1003 3926 1072 3982 arbe
1093 3926 1128 3982 ad
1152 3925 1283 3999 Spaniam
1304 3925 1508 3996 proficiscentis.
1535 3923 1575 3978 lle
1597 3922 1675 3994 quod
1704 3921 1829 3992 quidem

126 4009 207 4067 aque
223 3992 374 4066 possint.»
1003 3997 1106 4054 itinere
1121 4015 1175 4054 suo
1190 3994 1341 4069 apostolus
1360 3997 1389 4051 in
1409 3999 1464 4068 Ep.
1481 3994 1515 4050 ad
1530 3995 1674 4060 Romanos,
1696 4008 1730 4049 ca
1755 4034 1761 4046 .
1777 4009 1828 4060 xv,

162 4066 218 4138 (24)
234 4067 297 4121 dcta
323 4069 416 4121 antem
446 4067 570 4122 omnium
599 4066 793 4139 apostoloram
816 4067 866 4124 aad
893 4083 949 4124 ano
1003 4070 1170 4137 commtt,
1188 4069 1247 4124 hac
1263 4067 1389 4125 scribit:
1414 4065 1462 4131 ὡς,
1485 4063 1529 4118 ἐὰν
1545 4062 1705 4149 πορεύωμαι
1722 4009 1761 4124 eis
1775 4063 1828 4131 τὴν

128 4136 405 4209 litroscriptasant.
421 4137 624 4209 Laeasoptime
654 4138 802 4210 Tlrcopirr'le
825 4153 948 4211 compre·
1004 4137 1135 4209 Σπανίαν,
1179 4135 1326 4210 ἐλεύσομαι
1354 4135 1422 4212 πρὸς
1457 4136 1538 4208 ὑμᾶς.
1582 4142 1748 4207 iterumque
1790 4135 1828 4192 ad

127 4208 234 4276 tendit,
260 4209 336 4281 qnia,
365 4209 419 4262 etc.
445 4207 491 4263 ait
515 4208 747 4266 t'reindallerza
772 4209 950 4266 Numerosas
1004 4226 1111 4267 comm.
1135 4210 1181 4276 28,
1207 4211 1288 4263 τοῦτο
1317 4205 1363 4263 οὖν
1389 4205 1545 4268 ἐπιτελέσας
1585 4205 1630 4260 καὶ
1660 4205 1829 4280 τραγιοάμε-

127 4297 233 4337 sensus
247 4278 375 4360 corrupti
387 4278 508 4360 lpounas
536 4281 582 4336 uis
596 4280 651 4338 hoo
673 4280 735 4338 loco
747 4280 951 4337 nonvidot‘lAt
1003 4301 1048 4343 νος
1069 4278 1161 4342 αὐτοῖς
1182 4279 1228 4335 τὸν
1252 4278 1355 4356 καρπὸν
1376 4284 1484 4348 τοῦτον,
1499 4249 1684 4350 ἀπε)εόαομαι
1700 4272 1735 4331 δι’
1750 4275 1830 4359 ὑμῶν

147 4353 197 4409 uid
214 4351 337 4407 subsidii
353 4350 422 4405 huic
433 4296 533 4406 maloi
549 4351 636 4408 »Hac
648 4351 706 4408 ille.
722 4352 775 4408 Sed
786 4351 949 4420 forsan,vel
1005 4350 1044 4414 εὶς
1069 4351 1120 4420 τὴν
1143 4349 1273 4409 Σπανίαν.
1312 4353 1374 4408 Ηυο
1398 4357 1496 4408 autem
1530 4351 1654 4422 pertinet
1682 4348 1829 4405 scholium

127 4369 216 4479 galeri
231 4426 344 4494 oportet
358 4420 478 4478 verbum
491 4427 568 4488 rant,
596 4421 640 4479 vel
656 4422 790 4479 interseri
802 4439 900 4479 vocem
916 4439 950 4479 ea
1005 4424 1152 4497 quoddam
1173 4441 1190 4480 a
1213 4423 1248 4480 cl.
1279 4423 1406 4480 Mattbai
1434 4423 1469 4478 ad
1491 4437 1525 4477 oa
1548 4464 1554 4478 .
1582 4420 1635 4477 ult.
1655 4421 1711 4475 Act.
1734 4420 1830 4491 Apost.

148 4498 195 4549 ost
208 4495 321 4575 pptirne,
345 4492 415 4549 item
444 4493 534 4550 scribi
558 4492 609 4550 Tire
644 4493 700 4551 tito
724 4510 776 4567 pro
795 4493 948 4566 lteopln'tc.
1004 4495 1073 4552 edit.
1099 4512 1159 4551 suc
1188 4494 1343 4566 prolatum.
1368 4493 1442 4549 Μετὰ
1454 4496 1504 4560 τὴν
1520 4439 1619 4547 gerim
1636 4492 1756 4563 (comm.
1779 4491 1827 4560 30,

127 4511 378 4620 Eonsrmrlmrstis
406 4564 443 4620 do
467 4565 544 4621 Luca
571 4571 617 4623 tra
638 4565 688 4623 itis
707 4565 950 4638 Hieronymusdc
1004 4565 1278 4639 commemoratum)
1321 4562 1359 4625 εἲς
1397 4561 1514 4619 Σπανίαν
1551 4561 1676 4618 ἀπελθὼν
1711 4559 1828 4652 ἐκήρυξε

130 4636 206 4692 Viris
220 4632 267 4689 ltt.
284 4651 309 4687 c.
324 4635 352 4701 7,
368 4640 434 4707 post
458 4634 616 4692 llusebiam
644 4637 742 4700 habet,
771 4637 950 4708 dvanpcliam
1004 4637 1135 4710 (Paulus)
1159 4636 1204 4691 καὶ
1238 4635 1407 4728 ὑποστρὲνρας
1440 4635 1477 4697 εἷς
1518 4634 1627 4707 Ῥώμην
1671 4631 1829 4707 ὲμαρτυρη-

129 4706 481 4777 simtaadierctscn'psit:
498 4707 641 4764 Actavero
667 4707 857 4792 apostolarum
879 4693 1057 4765 stcatDeev.
1084 4706 1170 4768 Αὐτὸς
1192 4703 1337 4778 Ῥωμαίοις
1363 4709 1486 4783 εγραψεν·
1511 4704 1560 4768 Εἷς
1582 4701 1700 4758 Σπανίαν
1717 4700 1828 4777 ἐπείγο-

129 4775 573 4846 viderctromposait.0oeterum,
590 4779 780 4836 oumlrbrum
796 4779 875 4837 huno
903 4796 951 4836 sa·
1006 4799 1067 4853 μαι,
1103 4777 1149 4833 καὶ
1183 4775 1286 4847 ἐλπίζω
1315 4775 1542 4853 διαπορευόμενος
1569 4775 1711 4831 θεάσασθαι
1740 4773 1823 4846 ὑμᾶς·

130 4864 213 4905 crum
224 4845 345 4902 totidem
360 4847 457 4904 verbis
470 4847 606 4904 excitavit
618 4849 649 4905 in
663 4849 795 4923 Epistola
804 4849 951 4924 susPoly·
1004 4849 1049 4906 nal
1073 4850 1141 4927 πρὸς
1166 4847 1309 4923 Σιμόθεον·
1336 4849 1379 4907 Ἐν
1398 4853 1433 4924 τῇ
1448 4847 1544 4925 πρώτη
1560 4867 1612 4920 μου
1627 4843 1765 4920 ἀπολογία
1780 4843 1828 4899 cd-

131 4935 248 4992 oarpus,
264 4919 386 4975 Jounnia
402 4917 529 4991 apostoli
545 4918 720 4993 discipulus,
735 4921 750 4996 ἕ
767 4929 790 4990 t,
807 4923 906 4978 conler
924 4924 953 4979 et
1005 4917 1059 4984 aa<
1081 4940 1128 4994 μοι
1151 4920 1376 4997 αομπαρεγένετο.
1401 4919 1498 4978 'lactor
1537 4919 1551 4973 ὶ
1571 4917 1612 4974 ὅτι
1630 4913 1712 4993 μέχρι
1727 4914 1828 4971 τούτου

129 4992 184 5063 56,
200 4998 262 5046 tum
279 5006 345 5045 eum
375 4989 713 5062 admiserantbucsequc
741 4993 950 5064 ascripserunt,
1006 4991 1106 5068 tampsi
1133 4996 1239 5054 Λουκᾶς
1266 4993 1300 5047 τὰ
1326 4991 1389 5067 περὶ
1412 4992 1457 5047 τὸν
1489 4989 1621 5065 μακάριον
1659 4984 1767 5043 Παῦλον
1800 4986 1828 5043 ἐν

130 5067 226 5120 antes
248 5061 357 5118 nodum
373 5062 532 5133 Niosaam,
548 5062 684 5134 lrsnaus,
709 5062 842 5121 Clemens
856 5063 951 5132 Alea..
1003 5069 1064 5125 ταῖς
1085 5062 1197 5138 liptinas
1223 5066 1277 5118 τῶν
1302 5062 1475 5134 ἀπαστολῶν,
1496 5066 1553 5116 κατ’
1577 5059 1662 5116 ἐκεῖνο
1684 5062 1782 5133 καιροῦ
1796 5058 1829 5115 τὸ

128 5079 337 5216 Tertuliiunus,
361 5133 499 5215 Origenes
523 5149 613 5202 ue;e
638 5133 746 5206 quibus
766 5135 890 5217 irenaeus
918 5151 953 5218 cx
1007 5128 1114 5211 βίὸλιον
1140 5134 1376 5210 συγγραψάμενος,
1400 5133 1443 5190 nai
1481 5131 1708 5215 καθεῆςῆαιατα
1739 5131 1830 5204 γινώ-

128 5205 183 5263 hoc
198 5205 356 5287 librosolo,
372 5222 438 5278 quse
453 5149 781 5288 sitipostolorummur
798 5207 873 5262 dvan
896 5205 952 5263 alra
1005 5225 1096 5261 σκων·
1122 5201 1184 5260 οὐδὲ
1206 5205 1238 5260 τὸ
1263 5206 1409 5282 μαρτύριον
1434 5208 1515 5260 τοῦτο
1540 5211 1549 5268 (
1574 5202 1644 5274 aulr)
1667 5201 1829 5276 ἐγκατέθετο
1860 5223 1864 5230 ·

130 5222 950 5406 emanarant⁶t⁰l³¹¹¹⁸rf⁰l⁸t⁰f¹ratie
1004 5271 1174 5403 illio·
1200 5275 1392 5419 vitas
1415 5276 1465 5353 r.
1480 5272 1830 5404 altaspata

131 5364 182 5502 ριν(
192 5389 248 5472 ιιοο
261 5364 618 5502 τααιγνῗααῗρξιαοιεὸἶῗὲιῗὲ
627 5365 806 5477 {insapiens
824 5366 952 5489 ρεαῖαπιῗ
1003 5368 1101 5480 igniac.
1124 5367 1350 5504 sivgtoslgirorlciuni
1365 5367 1511 5504 'officim
1534 5392 1631 5501 ³1crtor
1667 5411 1696 5469 a
1714 5435 1741 5469 ιι.
1754 5436 1782 5474 τ.
1799 5412 1828 5473 λ.

134 5505 180 5561 qm
205 5487 317 5544 recedam
350 5489 483 5560 Spiritum
520 5496 645 5548 sarratam
672 5492 779 5563 possint
804 5507 951 5563 apnosccrc
1005 5492 1133 5547 exhiberi
1156 5492 1192 5546 ab
1216 5492 1392 5549 OEcumenro
1415 5506 1531 5564 quoquc
1567 5505 1597 5544 ια
1622 5488 1764 5544 Commeat
1791 5488 1829 5544 ad

135 5561 181 5616 dis
199 5560 454 5628 catiliusassatur:¹
481 5563 525 5616 red
552 5579 600 5618 nec
625 5565 772 5619 Ecclesiam
795 5563 949 5634 detondere,
1006 5580 1071 5635 pag.
1088 5563 1150 5630 497,
1167 5563 1244 5618 idem
1264 5564 1312 5633 ¹vir
1334 5564 1438 5620 doctus
1460 5561 1605 5639 momuit.¹
1619 5560 1831 5640 Verumtamen

153 5633 183 5689 ai
209 5633 330 5702 qnando,
354 5635 381 5686 rt
405 5633 503 5702 qailna
537 5635 713 5690 incumbatis
740 5636 898 5690 institutam
913 5636 951 5690 cst
1006 5638 1155 5690 merentur
1176 5633 1300 5690 conterri
1324 5635 1359 5691 de
1373 5635 1402 5691 S.
1417 5631 1499 5691 Pauli
1514 5631 1545 5687 in
1573 5629 1744 5703 Hrspamam
1762 5644 1830 5701 pro·

111 5702 951 5852 pertractarant.tamma
1005 5704 1390 5854 attentabat
1405 5703 1537 5766 a...
1560 5700 1831 5773 mmm.

168 5809 175 5823 ⁶
233 5811 241 5827 '
346 5811 359 5842 Ι
649 5817 660 5853 ρ
1115 5819 1122 5838 s
1192 5807 1204 5821 ¹
1261 5818 1269 5839 s

462 5870 509 5915 -ᾕ
