3892 6104
1410 130 1454 179 h

554 234 613 279 ib..

176 327 263 383 xxm
545 280 638 413 33²*ss
819 358 893 413 ,gh
919 302 1129 373 emulum
1782 322 1883 377 mm

211 450 283 508 Xlll.
299 448 481 509 Eucharists'c
503 418 698 520 infantibuut
718 412 892 525 martyribus
906 441 998 500 ubms'-
1011 451 1040 519 Α
1090 441 1187 500 XXIV.
1201 436 1414 535 &smmum
1429 414 1598 516 sucrificbir
1610 442 1815 502 mauruntus
1834 446 1880 519 ct·

139 604 142 609 ,
175 544 306 613 uistrctc,
335 545 390 596 etc.
411 571 446 582 -
472 537 571 594 Pueris
597 530 912 679 vmembaristiam
941 549 998 615 nep
1052 533 1212 604 serebatur:
1226 550 1378 607 purumque
1402 549 1483 605 cquae
1504 533 1706 604 infundebatur
1724 535 1755 590 iu
1780 535 1877 592 calice.

88 574 138 717 ἃ
177 648 262 688 secus
278 646 312 687 ac
321 625 611 686 adultisadministra
621 628 671 680 am
686 614 778 679 luisse
792 640 827 679 ex
842 608 1003 713 supraffl
1053 621 1317 679 —Sacrosanctum
1330 620 1715 683 sacrificiumincaueribus
1724 628 1877 696 peractum

109 722 113 727 '
177 720 274 777 allatis
288 719 347 775 divi
360 715 495 790 Cypriani
510 712 583 770 locis
597 714 721 769 constat.
739 710 880 783 Martyres
901 714 1000 784 prute-
1053 711 1146 768 luisse
1160 716 1386 787 tunctempcrie
1401 715 1543 772 discimus
1558 730 1593 771 ex
1607 713 1877 805 Epistolaquadam

177 809 272 867 ctione
287 801 608 878 corporisetsanguinis
624 799 737 857 Domini
749 798 999 877 muniendgsceu·
1053 800 1084 856 S.
1137 802 1243 875 priapi,
1259 804 1288 859 in
1304 821 1364 877 qua
1377 805 1412 860 ad
1430 821 1519 860 suum
1541 803 1664 875 clerum,
1681 803 1796 862 furente
1810 819 1877 877 per·

177 897 236 954 suit
261 898 290 951 S.
306 888 466 969 (lystrae
487 891 555 971 (φ).
573 890 642 946 lude
666 887 808 960 conjicere
831 887 900 945 licet
919 872 996 961 guod
1146 907 1212 958 one,
1238 892 1369 949 scribens
1384 892 1426 949 ait
1449 893 1505 966 (93)
1522 909 1529 949 2
1546 915 1561 943 «
1580 891 1730 948 Consulite
1756 908 1824 965 ergo
1850 895 1880 949 et

176 1001 210 1041 ec
225 989 355 1056 tempore
370 980 499 1053 sumptio
515 996 604 1036 sacras
619 976 818 1048 Eucharistiae,
832 992 900 1055 quus
911 974 998 1031 viati·
1052 978 1200 1048 providete
1224 966 1430 1054 utpresbytu'ci
1445 978 1701 1061 quoquequipfflic
1721 980 1762 1050 (in
1777 997 1877 1039 carce·
1915 1030 1918 1035 .

175 1089 242 1129 cum
257 1071 346 1130 etiam
369 1070 531 1138 dicebatur,
548 1069 578 1123 in
592 1067 695 1124 mortis
710 1058 836 1149 arthdlb
853 1062 934 1121 velut
948 1079 998 1120 ne·
1052 1065 1146 1136 ribus)
1161 1069 1239 1140 apud
1255 1070 1435 1127 confessores
1448 1070 1585 1138 offerunt,
1601 1066 1710 1143 singuli
1726 1087 1792 1126 cum
1813 1070 1898 1126 sin·.
1930 1100 1938 1121 .

175 1162 303 1219 cessaria
317 1159 452 1216 fidelibus
469 1156 703 1214 existimabatur.
773 1152 820 1201 *ι’-
1051 1154 1129 1228 gulis
1152 1155 1284 1215 diaccnls
1309 1159 1461 1231 pervices
1485 1158 1627 1215 alternent
1641 1176 1648 1227 ;
1664 1181 1679 1210 a
1700 1173 1738 1217 u
1764 1158 1877 1217 scilicet
1913 1176 1938 1237 q

208 1250 291 1305 XXll.
314 1251 446 1331 &estatio
460 1252 487 1303 et
499 1262 592 1318 preces
618 1246 716 1302 llissae.
733 1241 997 1337 -Divjffipriani
1052 1244 1137 1302 lcile
1161 1246 1383 1320 dignoscantur.
1411 1247 1570 1304 Perductus
1595 1248 1759 1304 Bernartius
1781 1251 1877 1305 Mare-

174 1342 258 1395 aetate
281 1336 415 1394 solebant
429 1334 557 1408 episcopi
574 1333 603 1388 in
628 1332 822 1389 celebratione
834 1330 930 1407 picti
950 1347 997 1386 sa·
1118 1333 1199 1406 lt9⁶l
1215 1337 1361 1392 existimat
1375 1335 1430 1392 huc
1451 1336 1481 1391 in
1498 1337 1527 1392 S.
1543 1336 1680 1409 Cypriani
1694 1337 1758 1393 luco
1772 1337 1875 1393 adver·

174 1427 276 1484 crificii
286 1423 722 1499 premissapralaticneparnre
732 1419 997 1485 menteslldelium,
1052 1439 1103 1478 sns
1119 1425 1295 1481 recentiores
1310 1425 1513 1498 sectarios,qui
1528 1426 1656 1498 privatae
1671 1425 1778 1484 Missas
1793 1426 1878 1482 dam·

175 1519 209 1571 ut
233 1531 351 1571 sursum
376 1514 464 1569 corda
487 1511 629 1567 baberent
653 1511 688 1567 ad
715 1509 882 1565 Dominum.
899 1530 913 1557 α
930 1508 997 1562 ldco
1051 1516 1135 1581 nant,
1160 1511 1276 1583 privata
1298 1511 1391 1570 Missa
1415 1513 1588 1587 exemplati.
1602 1514 1746 1587 reperirc;
1764 1516 1815 1571 sed
1830 1514 1876 1570 vi·

176 1605 313 1661 sacerdos
328 1606 394 1659 ante
409 1601 581 1671 oraticnem,
597 1622 611 1650 a
628 1599 726 1689 inqyrit
746 1599 773 1655 S.
789 1598 951 1670 Cyprianus
967 1595 998 1651 in
1052 1599 1138 1654 detur
1152 1599 1225 1655 mibi
1239 1601 1429 1658 doctissimus
1443 1603 1489 1658 vir
1509 1602 1676 1661 baudastis
1690 1609 1821 1660 exactam
1837 1604 1877 1661 de

173 1696 301 1751 tractatu
323 1693 358 1748 de
381 1690 516 1747 Oratione
540 1688 693 1744 Dominica
717 1687 784 1759 (91),
800 1708 815 1737 «
830 1684 998 1758 prelatione
1052 1686 1142 1744 Missa
1157 1689 1269 1760 privata
1290 1690 1385 1747 ideam
1401 1691 1457 1747 sibi
1482 1691 1663 1748 etlcrmasse.
1680 1691 1771 1749 Missa
1791 1691 1873 1748 euim

174 1782 336 1855 premissa,
353 1783 437 1853 parat
460 1778 584 1834 fratrum
600 1779 714 1833 mentes
729 1775 862 1842 dicendo,
879 1773 997 1830 Sursum
1052 1777 1163 1848 privata
1187 1776 1238 1834 illa
1259 1780 1402 1836 duntaxat
1423 1779 1541 1848 dicitur,
1558 1780 1609 1836 nbi
1625 1778 1706 1837 solus
1734 1780 1905 1853 sacerdus*

172 1871 279 1932 cerda:
295 1874 328 1925 ut
350 1868 421 1924 dum
445 1867 603 1939 respondet
625 1865 720 1938 plebs,
736 1865 871 1922 Habemus
895 1862 932 1919 ud
946 1865 997 1919 Dc·
1051 1864 1265 1923 Eucharistiam
1293 1848 1394 1937 cumb,
1424 1867 1525 1926 nullus
1553 1883 1588 1925 ex
1616 1850 1780 1925 astanbbus
1805 1884 1874 1927 veru

171 1962 292 2027 minum,
307 1963 363 2015 etc.
381 1979 395 2009 »
412 1955 529 2014 Falsum
554 1955 645 2027 igitur
660 1954 792 2026 apprime
806 1957 861 2021 est,
878 1952 907 2007 in
934 1950 996 2023 pri·
1050 1955 1368 2012 communicat.Parum
1384 1973 1464 2028 aqua
1475 1954 1542 2014 vino
1557 1957 1720 2014 admistum
1731 1957 1822 2014 luisse
1842 1958 1873 2014 iu

172 2049 273 2105 mitiva
287 2046 414 2104 Ecclesia
437 2045 586 2117 liturgiam
601 2043 820 2116 scripturarum
844 2041 931 2098 uerba
946 2057 996 2097 sc·
1050 2043 1193 2101 sacrificio
1209 2044 1277 2102 alibi
1287 2045 1352 2118 Jam
1368 2046 1572 2103 annotavimus
1585 2046 1652 2119 (97).

173 2136 325 2194 lummcdc
339 2133 676 2207 comprehendisse‚cum
693 2134 805 2188 constet
818 2148 853 2188 ex
867 2129 996 2187 recitatis
1187 2186 1220 2237 lv
1315 2186 1398 2236 ''li
1524 2187 1541 2237 d
1574 2180 1629 2238 ὡ,
1789 2150 1817 2189 ι

173 2227 203 2283 8.
219 2224 385 2297 cyprianis
405 2223 476 2293 rbis,
494 2237 593 2295 preces
618 2221 706 2277 etiam
722 2220 804 2277 lusus
819 2235 883 2277 esse
900 2241 910 2267 ι
929 2221 996 2274 ante
1053 2286 1069 2315 ·
1163 2195 1174 2244 5
1222 2186 1380 2297 ‘qums'
1400 2199 1436 2237 ¹¹⁰
1451 2200 1572 2251 ‘lump
1621 2188 1754 2238 mmm·

174 2314 370 2381 Orationem»
385 2239 578 2385 §lpruemissa
589 2309 758 2383 praelatione
770 2310 807 2364 ad
824 2308 877 2364 bas
894 2322 995 2380 preces
1084 2308 1317 2382 Xllvssequenti
1341 2315 1431 2380 tomo,
1445 2311 1518 2377 duce
1544 2311 1716 2369 doctissimo
1741 2312 1872 2381 Marsua,

174 2402 305 2458 lldclium
321 2406 435 2458 mentes
449 2400 544 2471 parari
569 2397 755 2456 consuevisse
772 2415 778 2454 :
796 2414 859 2470 quse
875 2396 994 2469 quidem
1050 2398 1239 2455 ostendemus
1255 2415 1289 2455 ex
1304 2398 1472 2473 S.Cypriani
1480 2399 1656 2457 testimoniis
1671 2400 1903 2479 paenitentiamy,

171 2491 302 2564 praelatio
317 2491 420 2548 eadem
435 2489 598 2545 intentione
613 2487 855 2559 premittebatur,
871 2502 930 2558 qua
941 2485 994 2541 hu·
1049 2485 1128 2543 inter
1143 2487 1463 2579 sacramenmJelatam
1476 2488 1578 2557 luisse,
1593 2490 1726 2561 utquam
1742 2492 1885 2549 necessat*

171 2580 218 2636 die
233 2580 311 2652 apud
327 2595 380 2635 nos
396 2577 644 2665 premittitur,‚pt
659 2576 771 2632 scilicet
785 2597 799 2624 u
816 2575 994 2631 admonean·
1050 2574 1127 2631 rium
1141 2575 1220 2633 idem
1231 2579 1350 2633 sanctus
1364 2577 1464 2634 doctor
1477 2576 1533 2634 hoc
1548 2582 1766 2635 sacramentum
1781 2578 1874 2636 tideli-

171 2673 221 2725 tur
233 2667 344 2740 fideles,
362 2665 440 2749 niu
450 2648 680 2741 aliutsssespuum
695 2665 854 2721 Dominum
868 2663 995 2735 cogitare
1049 2665 1105 2720 bus
1117 2665 1304 2737 judicaven't,
1321 2681 1470 2740 quamque
1483 2670 1585 2723 sancte
1605 2666 1808 2724 administrari
1819 2646 1872 2725 νο.-

173 2758 288 2814 debere.
304 2778 318 2808 a
534 2772 549 2801 ο
559 2780 595 2837 3·
616 2754 642 2807 .·“
1049 2752 1145 2811 luerit.
1162 2754 1274 2811 Ibidem
1297 2752 1386 2811 etiam
1401 2754 1598 2812 discussimus
1621 2755 1727 2829 primo,
1751 2773 1823 2813 num
1839 2756 1871 2813 in

207 2846 305 2902 xx111.
333 2847 365 2903 lu
395 2845 484 2903 blissae
510 2844 645 2916 sacrificiu
672 2844 855 2916 efferebantur
881 2843 995 2898 uomica
1048 2843 1145 2900 Africa
1159 2848 1225 2900 ante
1248 2848 1385 2900 sanctum
1400 2844 1480 2900 bunc
1494 2845 1665 2918 episcopum
1686 2844 1872 2919 gravissimis
1892 2836 1913 2903 ¹.

171 2935 311 3008 fidelium.
327 2967 361 2977 -
377 2935 408 2990 lu
424 2933 520 2990 Missa
536 2932 678 2990 sacrificio
694 2930 866 2988 nominatim
886 2929 994 3002 allega·
1049 2930 1223 2989 criminibus
1238 2936 1343 3006 negata
1357 2933 1444 2989 suerit
1457 2934 1708 3033 commuuiopust
1727 2933 1872 3007 poeniten·
1892 2910 1911 2971 ·‘

102 3022 107 3031 ’
171 3024 279 3081 bantur
292 3023 364 3081 uerti
378 3023 478 3080 tldeles
495 3024 551 3079 beo
561 3036 614 3096 per
628 3020 995 3094 sacerdotes,quemadme-
1048 3021 1120 3078 tiam
1134 3040 1141 3092 ;
1157 3023 1236 3092 dein,
1248 3026 1347 3079 utrum
1360 3039 1436 3079 nova
1449 3023 1503 3080 sub
1519 3024 1623 3095 eudem
1636 3026 1737 3081 sancto
1753 3023 1873 3081 doctore

171 3114 243 3170 dum
266 3113 353 3169 hodie
378 3111 475 3168 adbuc
491 3113 581 3169 moris
607 3116 651 3167 est
671 3111 701 3165 in
725 3110 852 3178 Canoue,
868 3109 919 3166 ubi
934 3131 948 3159 «
963 3108 993 3164 in
1031 3110 1171 3167 ''inducta
1185 3111 1225 3167 sit
1240 3109 1441 3184 disciplina,ac
1455 3112 1579 3184 pristina
1593 3111 1732 3169 severitas
1748 3112 1776 3167 iu
1793 3112 1886 3181 solon

171 3201 327 3268 Memento,
335 3199 468 3267 Domine,
481 3174 658 3261 lamfflorum
674 3197 912 3269 famularumque
925 3200 992 3254 tua·
1008 3178 1031 3246 G
1049 3203 1197 3272 apostatas
1212 3203 1242 3256 et
1251 3199 1414 3257 desertores
1429 3204 1560 3269 retenta3
1574 3199 1671 3267 tertio,
1688 3216 1757 3256 num
1775 3201 1805 3256 S.
1815 3192 1889 3274 (ty-¹

171 3306 261 3346 rum»
272 3290 380 3346 mentio
395 3292 540 3345 certarum
558 3303 749 3360 personarum
765 3285 939 3342 nominatim
951 3286 993 3341 tlt.
1049 3288 1170 3361 prianus
1184 3287 1277 3361 lapsis
1292 3288 1321 3344 iu
1337 3290 1462 3347 decursu
1486 3287 1660 3361 paenitentia
1675 3288 1871 3345 morientibus

171 3379 291 3436 uuabus
306 3395 340 3434 ex
354 3375 493 3449 Epistolis
508 3377 537 3433 S.
554 3375 688 3449 Cypriani
710 3376 739 3431 id
756 3375 910 3433 manifesto
925 3392 994 3431 ccu-
1049 3393 1151 3450 pacem
1166 3378 1323 3451 negaverit,
1340 3378 1386 3434 his
1399 3380 1514 3437 tantum
1528 3376 1665 3450 exceptis
1680 3376 1732 3448 qui
1755 3375 1873 3435 libellos

172 3471 241 3525 stat.
257 3469 289 3524 la
313 3483 438 3539 quarum
454 3466 560 3539 prima,
576 3482 640 3537 que
662 3469 707 3521 est
721 3465 758 3521 ad
773 3464 882 3520 clerum
906 3481 994 3521 suum
1049 3483 1066 3523 a
1082 3466 1260 3539 martyribus
1273 3471 1453 3539 acceperant,
1471 3466 1602 3523 Tandem
1616 3466 1870 3539 investigavimus,

172 3555 240 3627 (92),
255 3554 341 3626 dolet,
358 3554 433 3627 quod
458 3569 559 3609 eorum
575 3553 695 3609 nominc
719 3553 878 3609 oderantur
891 3554 942 3624 qui
964 3552 994 3608 in
1050 3559 1149 3611 utrum
1164 3554 1321 3613 concilium
1331 3552 1765 3629 Carthaginensepoenitentiam
1776 3555 1873 3627 iisqui

171 3642 373 3715 persecutione
413 3640 489 3715 lapsi
522 3646 621 3709 erant,
655 3642 824 3712 offeruntur,
860 3642 993 3714 iuquam,
1049 3644 1285 3701 sacrificaverant
1299 3661 1351 3717 per
1365 3649 1460 3702 totum
1476 3643 1541 3701 vita
1554 3632 1902 3718 tempusimpusueritlss·

170 3731 340 3806 penitentia
363 3735 438 3804 ncta,
453 3731 585 3787 nundum
600 3730 794 3803 exomologesi
815 3730 901 3799 lactc,
918 3748 993 3788 uon·
1084 3733 1179 3790 XXVI.
1193 3734 1258 3803 Qua
1270 3740 1381 3806 peccato
1392 3736 1563 3807 panniculis
1577 3735 1719 3792 aaronica
1736 3733 1870 3805 subjecta.

169 3821 241 3876 dum
265 3837 355 3877 mauu
380 3820 423 3876 eis
447 3819 644 3893 abepiscopo
668 3824 697 3876 et
720 3818 797 3876 clerc
821 3820 960 3892 imposita
985 3835 992 3875 :
1048 3823 1120 3878 Num
1134 3825 1525 3897 etiamsecruprapeccaa.
1541 3852 1576 3865 —
1591 3823 1697 3880 Verum
1713 3825 1875 3895 supersunt

168 3933 183 3962 «
200 3909 337 3977 offertur,
356 3931 371 3960 u
394 3909 492 3980 inquit
515 3912 635 3965 sanctus
659 3910 770 3975 doctor,
785 3929 800 3959 α
816 3925 922 3965 nomeu
946 3924 993 3965 eo·
1049 3909 1146 3967 adhue
1161 3910 1225 3968 aliae
1239 3913 1317 3968 circa
1326 3910 1501 3985 penitentie
1516 3908 1706 3984 disciplinam
1715 3911 1873 3968 enodanda

168 4015 247 4055 rum.
263 4018 278 4050 s
293 3997 326 4055 ln
343 3998 437 4054 altera
459 3999 496 4054 ad
511 3998 654 4054 Numidas
669 3997 715 4070 epi
766 3999 904 4071 postlata
923 3997 993 4055 scri-
1049 4000 1332 4073 questioneslltque
1346 4001 1376 4056 in
1390 3999 1494 4074 primis
1509 4000 1721 4074 inquirendum
1736 4016 1872 4073 quanam

170 4086 214 4143 bit
229 4088 287 4159 (93)
304 4104 311 4142 :
329 4109 343 4137 n
358 4086 480 4142 subdidi
496 4085 615 4167 numina
630 4085 748 4159 singulo
764 4084 826 4154 um,
842 4091 874 4142 ut
890 4087 994 4143 tratres
1038 4094 1168 4164 peccata
1182 4090 1358 4163 poenitentiae
1369 4092 1517 4148 canonica
1532 4092 1664 4163 subjecta
1678 4090 1787 4146 luerint
1801 4095 1874 4145 tem·

169 4173 281 4231 scilicet
308 4179 481 4243 nostrum
504 4166 628 4265 effes,
645 4176 693 4248 qui
718 4176 754 4231 ad
770 4175 914 4247 hocopus
937 4179 993 4248 (re-
1048 4195 1117 4251 pore
1143 4183 1172 4236 8.
1189 4179 1348 4252 Cypriani?
1362 4183 1508 4237 Testatur.
1521 4181 1551 4236 S.
1577 4178 1739 4253 Cyprianus
1754 4178 1817 4234 suis
1841 4176 1872 4232 in

171 4264 362 4337 demptionis)
371 4269 432 4320 tam
444 4262 642 4320 necessarium
653 4265 763 4335 operati
774 4265 886 4332 suntin
898 4270 994 4323 mente
1048 4268 1187 4341 Epistolis
1200 4269 1266 4341 (98),
1282 4272 1386 4341 prater
1400 4267 1597 4326 idololatriam
1612 4274 1640 4326 et
1658 4267 1838 4339 apostasiam
1855 4282 1874 4322 a

170 4353 306 4416 habeatis
321 4353 350 4409 in
374 4352 568 4420 orationibus,
583 4352 791 4445 Qacrillciis,
806 4358 836 4410 et
856 4354 993 4426 precibus
1048 4357 1115 4429 flde,
1132 4356 1190 4415 ulia
1213 4372 1277 4414 esse
1291 4357 1416 4413 crimina
1439 4373 1497 4413 nun
1510 4356 1582 4414 adeo
1605 4352 1789 4428 mesinae,
1806 4370 1875 4426 qum

169 4442 289 4498 subdidi
303 4443 424 4499 numina
439 4441 653 4514 singulorum.»
661 4443 691 4499 lu
708 4458 771 4514 que
786 4442 875 4499 verba
889 4442 994 4500 ductis·
1047 4449 1195 4505 canonica
1219 4445 1397 4521 peanitentiae
1411 4438 1623 4503 sbbdebantur.
1635 4441 1683 4499 Eic
1702 4443 1876 4514 imponeba-

168 4531 263 4587 simus
278 4529 423 4603 Rigaltius
438 4530 499 4587 hac
521 4535 642 4587 annotat
658 4546 664 4587 :
682 4554 696 4581 «
712 4530 774 4587 Nun
799 4530 918 4599 frustra,
935 4549 993 4589 nun
1008 4547 1032 4613 Ι)
1048 4538 1096 4590 tur
1110 4535 1250 4591 canonica
1263 4533 1434 4606 paenitentia
1456 4533 1602 4589 hereticis
1617 4536 1646 4589 et
1661 4530 1870 4600 schismaticis,

166 4616 350 4692 stpervacue
366 4637 373 4676 ε
389 4636 457 4705 nam
482 4620 512 4675 in
527 4619 678 4676 sacrificiis
701 4621 866 4765 cratioqm
892 4622 994 4678 cllere·
1049 4624 1166 4695 quaudo
1180 4623 1217 4678 ad
1232 4622 1392 4679 Ecclesiam
1411 4622 1642 4678 revertebantur.
1658 4621 1799 4677 Eamdem
1814 4636 1875 4693 pce·

170 4707 279 4765 bantur
294 4708 413 4765 nomina
428 4724 529 4765 eurum
544 4709 595 4780 qui
610 4709 646 4765 ad
662 4707 717 4766 hoc
732 4726 806 4782 opus
835 4726 882 4766 am
899 4727 996 4767 neces·
1049 4711 1202 4769 nitentium
1218 4709 1317 4768 subire
1330 4710 1477 4768 debebant
1488 4709 1722 4784 peecatoresdivi
1737 4708 1875 4781 Cypriani

139 4796 283 4881 ,sagium
299 4801 433 4870 prompte
448 4813 482 4853 ac
495 4797 621 4853 libenter
634 4800 745 4870 operati
761 4804 852 4856 eraut.
871 4822 885 4850 »
902 4806 922 4854 Δ
939 4800 996 4874 pri·
1049 4805 1133 4858 atate
1156 4802 1193 4858 cb
1218 4800 1374 4858 secretiora
1404 4817 1522 4874 quoque
1551 4800 1684 4871 crimina,
1710 4814 1873 4870 eorumque

116 4870 275 4960 vellegio
289 4886 345 4944 boc
370 4885 494 4954 excludi,
509 4903 601 4959 poena
624 4887 803 4960 gravissime
825 4888 888 4946 loco
911 4889 994 4946 habi·
1049 4890 1325 4963 contessiapublica
1338 4891 1501 4959 erat,mod0
1516 4905 1602 4962 grave
1617 4887 1735 4961 aliquod
1750 4887 1875 4943 infortu-

169 4979 245 5045 tum,
261 4976 507 5048 quemadmonum
522 4979 637 5032 constat
650 4993 685 5033 ex
697 4976 827 5049 Epistola
839 4980 875 5034 ad
891 4980 994 5036 Furni·
1049 4980 1130 5036 nium
1146 4996 1198 5052 pro
1211 4979 1415 5052 paenitentiam
1430 4980 1490 5036 vita
1503 4993 1563 5035 nou
1574 4976 1680 5033 luisset
1694 4993 1729 5033 ex
1744 4993 1778 5032 ea
1793 4991 1876 5033 secu·

170 5068 256 5122 tanos
271 5065 342 5136 (el).
858 5128 870 5145 ,
1049 5073 1170 5137 turum3
1185 5067 1241 5125 hac
1254 5062 1292 5126 de
1308 5086 1339 5126 re
1363 5067 1508 5159 uberrime
1523 5067 1642 5123 disserit
1665 5067 1694 5122 S.
1710 5066 1874 5139 Cyprianus

203 5191 250 5262 (90
275 5190 413 5318 Cypriae.
430 5196 481 5269 Ep.
496 5215 553 5270 urv,
569 5202 640 5255 tom.
657 5198 707 5265 ΙΙΙ,
723 5213 748 5252 c.
763 5194 859 5253 dms.
1050 5194 1140 5322 11(196)
1165 5193 1321 5262 Marechal‚
1344 5191 1541 5252 chccrdcutm
1564 5192 1612 5249 SS.
1636 5193 1710 5258 PP„
1735 5195 1756 5247 t.
1783 5192 1818 5260 ll,
1842 5208 1875 5264 p.

205 5260 248 5332 (91
278 5262 290 5317 l
313 5303 334 5331 .,
349 5264 382 5321 dc
397 5266 472 5325 Orut.
490 5272 646 5338 Dominis,
664 5274 685 5325 t.
704 5267 750 5333 lV,
767 5266 806 5325 al.
819 5258 870 5324 5'll
887 5284 915 5323 s.
1106 5265 1196 5330 .edit.
1213 5265 1313 5322 Venet.

207 5332 344 5402 (92)S.C
385 5337 472 5406 riam,
488 5340 581 5414 Epist.
599 5357 637 5412 m,
653 5345 675 5395 t.
692 5339 739 5405 lV,
756 5355 781 5407 c,
796 5340 850 5394 252
863 5358 891 5394 Α.
1085 5338 1141 5410 (97)
1168 5336 1241 5393 Vide
1267 5341 1340 5393 tom.
1368 5336 1415 5404 ΙΙΙ,
1444 5337 1543 5392 illator.
1574 5335 1707 5407 ΤΙιθοΙορ.ι
1740 5334 1794 5391 'rit
1823 5332 1872 5393 SS.

183 5454 191 5470 ,
207 5402 253 5473 (93
279 5401 333 5474 ld.,
373 5408 440 5478 pist.
457 5428 500 5482 ux,
516 5417 538 5468 t.
555 5412 599 5481 lv,
617 5428 642 5467 c.
658 5413 711 5466 362
722 5411 749 5466 3.
1048 5412 1117 5476 Pa,
1133 5426 1162 5481 p.
1180 5409 1229 5464 481
1247 5424 1332 5482 sqq.;
1349 5411 1421 5482 etp.
1436 5408 1499 5476 589,
1516 5411 1583 5463 note
1597 5423 1623 5462 z.

207 5473 254 5544 (94
280 5474 336 5544 ld.,
354 5477 404 5550 Ep.
430 5497 507 5552 axvi,
521 5488 544 5539 t.
560 5483 608 5552 lv,
624 5498 649 5540 c.
666 5483 728 5540 398.
751 5483 823 5541 Vide
837 5487 858 5539 t.
871 5483 907 5540 ΙΙΙ
926 5484 993 5542 Eiet.
1086 5482 1142 5555 (98)
1157 5480 1290 5553 cyprian.
1317 5479 1408 5553 Epist.
1435 5496 1473 5555 ix,
1486 5484 1508 5536 t.
1534 5478 1580 5550 ΙΙΙ,
1608 5495 1633 5536 c.
1658 5478 1709 5534 251
1725 5492 1753 5535 n.
1779 5475 1872 5550 Epist.

171 5544 348 5618 disteterit,
385 5551 470 5609 .259.
1049 5552 1253 5624 xr,c.257.e.

206 5615 264 5704 (95)
280 5619 335 5691 td,
352 5565 444 5700 Eopist.
460 5626 679 5701 1v,c.231u,t.
697 5628 745 5688 1v.
