3892 6104
49 290 87 348 73
465 289 542 350 ruo
564 289 619 350 SS.
642 288 863 363 eustratus,
888 289 1120 351 FELICITATE
1141 291 1191 351 ill*
1214 291 1350 354 SOCliS.
1720 305 1761 362 rt

49 420 152 477 inferri
169 420 402 493 volueruntque
418 419 505 477 veluti
521 420 556 477 ad
573 418 722 477 catholice
742 435 877 476 commu·
892 425 920 492 Α
934 420 1029 476 verbis
1046 421 1124 476 haud
1141 422 1269 479 obscure
1286 423 1440 497 significat
1464 424 1635 500 Cyprianus,
1657 434 1761 502 quoties

49 510 145 565 aionis
161 515 300 566 centrum
317 515 345 567 et
361 527 459 567 arcem
477 508 727 583 Carthaginiensis
751 507 879 581 populus
936 507 1063 582 alicujus
1079 512 1216 583 martyris
1231 514 1400 569 recurrebat
1411 515 1762 576 anniversariasolomni·

50 599 233 657 continebat.
247 600 464 672 Precipucrum
480 615 548 656 csse
563 602 726 671 martyrum
741 597 806 655 ideo
823 596 880 653 sub
935 601 991 666 tas,
1007 598 1211 670 predictorum
1233 618 1340 673 semper
1363 602 1453 659 luisse
1478 608 1658 672 renovatam.
1682 608 1762 666 inter

50 688 195 761 primario
213 688 263 746 iilo
278 688 409 763 episcopi
424 688 509 747 altari
524 686 769 754 recondebantur,
786 690 818 743 ut
833 702 881 743 cc·
935 686 1145 743 sacrificiorum
1161 687 1313 757 solemnia,
1331 691 1522 749 mentionem.
1547 695 1582 750 lit
1609 696 1672 753 deri
1696 697 1760 770 qui·

50 776 151 833 tholici
166 795 204 835 eo
220 778 438 849 convenientes,
463 793 495 834 se
518 793 576 833 non
599 775 724 834 aliorum
750 774 881 831 fidelium
936 775 1003 831 dem
1019 777 1127 848 optime
1143 777 1238 850 poluit
1253 782 1294 846 ut,
1311 794 1379 835 cum
1395 797 1452 836 uon
1468 797 1595 855 magnus
1609 789 1759 842 eratmar·

53 867 150 937 modo,
167 868 223 924 sed
239 873 269 924 et
283 873 452 924 sanctorum
476 871 640 939 martyrum
665 863 883 921 communionis
935 868 1031 937 tyrum
1049 882 1202 933 numerus,
1218 868 1295 923 sicut
1307 865 1381 923 nulli
1395 885 1497 925 eorum
1512 871 1613 928 deerat
1627 872 1760 930 anniver-

50 956 217 1030 participcs
231 973 296 1014 esse
310 956 507 1030 intelligerent
520 973 527 1024 ;
542 958 643 1012 contra
658 953 839 1010 schismatici
854 956 883 1010 et
936 954 1013 1011 saria
1027 956 1210 1026 solemnitas,
1226 973 1320 1028 neque
1341 957 1554 1030 insignioribus
1579 964 1705 1032 tantum,
1729 965 1759 1018 ct

51 1042 193 1116 haretici,
212 1045 323 1118 quibus
337 1046 373 1102 ad
385 1044 459 1101 illud
469 1043 588 1117 pietatis
598 1042 714 1117 asylum
724 1042 824 1100 nullus
834 1059 882 1114 pa·
936 1041 987 1114 qui
1011 1043 1120 1100 atrocia
1140 1052 1286 1102 tormenta
1309 1046 1418 1118 experti
1442 1047 1570 1119 suerent,
1596 1050 1647 1106 scd
1670 1052 1758 1109 ctiam

52 1134 130 1190 tabat
144 1151 300 1201 acconem,
317 1132 429 1191 nullam
445 1133 881 1204 sibiesscscirentnequecum
935 1131 1167 1203 obscurioribus,
1186 1139 1215 1189 ct
1235 1134 1286 1207 qui
1312 1134 1402 1191 nullis
1427 1135 1606 1194 cruciatibus
1629 1137 1759 1196 toleratis

51 1222 181 1280 &ciceia
201 1223 349 1281 catholica
364 1239 460 1296 neque
475 1239 543 1280 cum
568 1221 678 1279 sanctis
703 1221 881 1293 martyribus
935 1237 987 1294 pro
1003 1222 1184 1279 confessione
1199 1223 1327 1280 nominis
1342 1224 1371 1282 in
1386 1239 1502 1282 carcere
1516 1225 1661 1296 obierant,
1677 1232 1710 1284 ut
1723 1229 1759 1285 ab

51 1313 307 1371 communionem.
325 1312 406 1370 Unde
420 1316 542 1370 sanctus
556 1310 680 1386 Optatus
694 1309 882 1367 Milevitanns
935 1311 1037 1366 eodem
1062 1311 1204 1384 Cypriane
1225 1316 1371 1369 statutum
1397 1319 1442 1369 est
1463 1314 1540 1387 (25);
1568 1318 1671 1388 postca
1693 1332 1761 1375 vcro

51 1402 224 1460 Donatistae
238 1403 329 1460 veluti
344 1401 549 1459 schismaticos
563 1401 618 1458 hoc
633 1404 807 1473 argumento
822 1403 881 1454 tra·
936 1399 1061 1456 auctain
1072 1401 1251 1459 immensum
1262 1418 1363 1458 corum
1374 1403 1467 1475 copia,
1481 1402 1621 1477 praecipui
1634 1408 1762 1473 tantum,

50 1493 144 1564 ducit,
159 1493 242 1565 quod
259 1497 430 1548 sanctorum
446 1489 651 1563 Apostolorum
676 1487 827 1545 memoriis
851 1487 882 1543 in
936 1490 1432 1563 utvetcranoscalendariadncent,
1445 1495 1474 1548 et
1486 1492 1764 1564 quorumillustrior

50 1580 128 1638 Urbe
152 1581 329 1655 neutiquam
354 1580 606 1637 communicarant
628 1579 683 1652 (20)
704 1578 825 1650 lienique
859 1576 884 1632 si
936 1579 1100 1648 cratlama,
1117 1581 1222 1636 retenti
1238 1585 1317 1650 sunt,
1341 1596 1393 1653 pro
1413 1580 1521 1652 quibua
1549 1597 1649 1638 annua
1672 1582 1764 1639 sacri·

49 1672 203 1728 ulceratio
223 1669 454 1743 (Donatistarum
478 1668 509 1726 in
527 1668 606 1725 Urbe
637 1665 883 1740 pseudepiscopc)
937 1666 1004 1723 tlcia
1030 1673 1059 1725 et
1087 1667 1249 1725 oblationes
1283 1666 1520 1726 celebrarentur:
1556 1670 1599 1727 ita
1631 1670 1762 1743 primum

49 1759 177 1827 dicotur,
194 1760 316 1816 sttuite
342 1760 444 1827 sedent,
466 1757 600 1831 numquid
621 1760 706 1830 potest
727 1755 826 1827 dicere,
852 1757 883 1811 la
938 1756 1057 1829 quidem
1082 1757 1215 1813 omnium
1244 1757 1325 1813 ficret
1350 1757 1379 1813 in
1405 1758 1585 1828 quotidianis
1610 1758 1764 1816 sacrificiis

53 1849 186 1907 masdra
199 1848 303 1905 Petri?
317 1864 401 1919 quem
414 1849 507 1904 nescio
531 1849 556 1903 si
578 1845 622 1901 vet
644 1846 731 1902 oeulis
756 1846 832 1901 uouit
857 1851 885 1899 et
939 1845 1199 1913 commemorati03
1217 1848 1317 1917 postea
1331 1862 1409 1914 vero,
1427 1850 1459 1901 ut
1473 1862 1507 1901 cx
1524 1845 1664 1919 liturgiis,
1686 1845 1763 1903 anti-

53 1939 89 1996 od
101 1940 182 2011 cuijus
196 1939 363 1994 messoriam
376 1952 432 1994 aon
447 1936 562 2005 moestu,
585 1936 668 2008 quusi
690 1934 885 1990 salemantico
939 1933 1092 2006 quissimis
1106 1933 1164 1990 illis
1179 1934 1312 2005 quidem,
1327 1938 1357 1990 at
1371 1935 1457 1990 tertio
1472 1939 1570 1993 tamen
1586 1934 1693 1992 seculo
1718 1952 1762 1991 re·

54 2037 156 2084 costra
168 2027 333 2098 Apostolum
345 2026 460 2098 tociens,
489 2025 595 2097 quioit
624 2024 663 2096 (2)
676 2025 723 2079 ta
740 2023 884 2082 Memoriis
939 2022 1762 2096 cautioribuscompertumcst,illustriorumduntaxatin

54 2121 220 2173 sacurem
232 2117 474 2173 communicantes.
489 2116 555 2170 Ecce
575 2118 725 2186 praesentes
743 2117 810 2168 suot
833 2111 886 2167 tibi
938 2112 1035 2169 Missis
1050 2111 1230 2184 quotidianis
1246 2111 1367 2167 nomina
1383 2112 1586 2170 retinerentur.
1602 2114 1667 2178 Sed,
1685 2116 1765 2169 utut

55 2205 175 2263 daomm
184 2205 377 2276 Apostolorum
386 2205 552 2263 memoriae:
575 2202 657 2258 dilate
680 2201 758 2258 siud
776 2202 825 2256 hos
840 2201 885 2255 ia·
940 2201 1030 2259 sitde
1044 2201 1235 2257 vetustiorum
1250 2200 1764 2274 72temporumusu,nullidubium

55 2295 134 2368 orodi
160 2295 263 2368 potuit,
291 2294 332 2348 tto
359 2295 390 2347 ut
416 2292 545 2349 obtulerit
568 2292 629 2347 illic
655 2291 705 2346 ubi
727 2293 887 2346 sanctorum
941 2288 1105 2363 estquinii
1121 2290 1291 2362 quorumin
1311 2289 1405 2346 Missa
1430 2307 1541 2347 canone
1566 2290 1765 2364 quotidiemc·

54 2385 213 2440 mansorius
225 2398 285 2438 esse
311 2389 428 2438 constet.
455 2380 535 2450 Apud
560 2384 672 2436 veteres
695 2379 787 2453 igitur
814 2380 887 2436 adeo
942 2380 1035 2435 moria
1061 2383 1266 2448 renovatur,et
1294 2381 1381 2435 modo
1411 2384 1440 2435 et
1460 2379 1531 2436 clim
1560 2379 1669 2437 suerint
1690 2380 1768 2436 inter

55 2476 245 2544 compertum
261 2471 318 2526 l‘uit
331 2473 483 2541 Perpetuos
498 2475 526 2524 et
544 2468 683 2525 Felicitati
711 2467 795 2535 nihil,
816 2469 887 2522 darm
942 2467 1117 2523 illustriores
1133 2472 1275 2540 martyres
1291 2468 1464 2540 computati.
1481 2468 1561 2534 Quod
1578 2468 1699 2540 proinde
1718 2484 1767 2523 ar·

55 2561 200 2629 viverent,
231 2575 298 2615 cum
327 2557 472 2613 hereticis
496 2556 588 2613 luisse
611 2572 777 2625 commune,
805 2558 834 2611 ct
858 2555 887 2610 in
943 2561 1081 2631 gumento
1097 2563 1152 2624 cst,
1169 2558 1341 2627 Perpetuam
1357 2562 1445 2629 atque
1461 2556 1650 2630 Felicitatem,
1661 2574 1725 2630 qun
1737 2557 1767 2612 in

56 2649 197 2707 Ecclesiae
215 2664 285 2721 pace
299 2651 328 2702 ct
342 2645 549 2702 communione
565 2645 737 2718 martyrium
751 2660 889 2701 consum·
944 2644 1160 2717 antiquissimis
1177 2644 1305 2717 liturgiis
1317 2645 1345 2701 id
1358 2645 1488 2714 honoris,
1499 2662 1566 2702 cum
1578 2647 1644 2703 aliis
1653 2645 1766 2719 paucis,

59 2755 169 2807 masse,
186 2741 223 2793 ut
237 2751 340 2794 earnm
355 2751 454 2792 sacras
465 2733 616 2807 reliquias.
631 2735 668 2790 ab
683 2749 786 2790 earum
811 2749 889 2789 mar·
945 2735 1054 2789 sortite
1069 2739 1139 2790 suut
1154 2751 1171 2789 a
1187 2734 1350 2806 majoribus
1366 2735 1485 2805 nostris,
1507 2753 1564 2790 non
1592 2736 1667 2791 inter
1692 2752 1768 2790 mar·

58 2829 134 2902 tyrio
150 2824 260 2884 seculo
275 2824 321 2880 vix
335 2823 446 2897 elapso,
463 2840 496 2880 eo
511 2822 665 2880 intulerint
680 2839 738 2896 quo
762 2820 890 2879 haretici
945 2827 1022 2895 tyras
1037 2824 1134 2890 modo,
1151 2825 1202 2880 scd
1213 2823 1302 2879 ctiam
1313 2823 1391 2879 inter
1401 2824 1576 2897 insigniores
1590 2824 1680 2880 luisse
1690 2839 1768 2878 mar·

58 2917 191 2974 maxime
206 2915 381 2973 vetabantur
396 2913 542 2982 accedere,
557 2916 587 2969 et
602 2911 652 2969 ubi
668 2927 754 2969 nemo
769 2910 826 2967 nisi
843 2925 890 2966 ca·
945 2915 1024 2984 tyrcs
1039 2914 1218 2967 numeratas.

57 3007 189 3064 thelicus
205 3003 457 3061 communicabat.
983 2998 1056 3055 Illud
1072 2999 1161 3055 etiam
1177 2999 1230 3057 boc
1255 2999 1317 3057 loco
1344 3017 1401 3056 non
1428 2999 1491 3056 sine
1517 2999 1770 3058 animadversione

92 3096 143 3152 vl.
159 3093 304 3165 Denique,
321 3107 373 3164 pro
398 3095 566 3148 nostrarum
591 3090 689 3148 cultus
716 3087 891 3162 antiquitate
947 3087 1242 3161 pretermittendum,
1255 3089 1430 3162 quodsupra
1440 3090 1770 3158 ctiamcstannctatum,

60 3190 87 3242 et
100 3181 277 3241 celebritate
291 3187 379 3254 atque
395 3180 566 3237 earumdem
578 3178 759 3246 orthodoxia,
772 3195 807 3235 ex
818 3176 890 3234 assi·
905 3166 927 3234 C
945 3177 1080 3233 laudatas
1103 3175 1238 3249 liturgias
1267 3181 1318 3233 aut
1342 3178 1581 3248 sacramentaria,
1604 3179 1635 3235 in
1664 3178 1773 3250 quibus

59 3275 116 3330 dae
134 3272 264 3344 repetita
278 3285 378 3326 caram
392 3267 891 3340 interquotidianasacrificiaccm-
947 3266 1096 3337 Perpetua
1111 3269 1139 3321 et
1164 3264 1322 3322 Felicitatis
1346 3266 1476 3338 quotidie
1505 3266 1614 3322 mentio
1639 3266 1772 3337 iteratur,

59 3359 287 3427 memoratione,
296 3358 375 3415 baud
386 3356 535 3414 absimilia
544 3356 777 3429 precedentibus
788 3354 893 3412 confici
947 3372 1006 3411 non
1022 3353 1058 3410 ad
1074 3354 1344 3426 Carthaginiensem
1361 3358 1411 3411 aut
1426 3353 1499 3411 alias
1510 3354 1612 3410 atrias
1622 3353 1773 3422 ccclesias,

59 3456 186 3526 possim
203 3452 389 3521 argumenta.
406 3446 555 3518 Perpetua
576 3445 654 3501 enirn
681 3448 710 3501 ct
734 3443 894 3501 Felicitatis
948 3444 999 3500 scd
1016 3443 1052 3498 ad
1069 3443 1232 3497 Romanam
1248 3447 1275 3498 et
1290 3441 1471 3499 Gallicanam
1487 3441 1674 3516 pertinuisse.
1692 3443 1773 3507 Quod

62 3545 126 3596 tum
136 3539 168 3593 in
180 3534 294 3592 Missali
304 3534 423 3602 Gelasii,
434 3539 498 3590 tum
509 3533 539 3588 in
550 3532 681 3606 Gregorii
694 3533 896 3590 Sacramenta·
949 3531 1045 3602 magis
1061 3530 1157 3585 adhuc
1174 3530 1327 3604 magisque
1342 3530 1526 3588 demonstrat
1540 3549 1629 3604 quam
1644 3531 1681 3588 ab
1696 3531 1775 3586 anti·

64 3630 108 3686 rio
123 3626 280 3685 Gallicano
294 3625 352 3696 (22)
367 3623 498 3695 quotidie
526 3622 678 3694 repetitur,
704 3638 773 3678 cum
795 3622 896 3694 paucis
950 3620 1017 3692 quis
1045 3619 1228 3691 temporibus
1255 3623 1359 3677 nostre
1386 3621 1416 3676 in
1442 3637 1491 3677 ore
1516 3623 1598 3676 lama
1632 3625 1776 3693 martyres

66 3717 136 3775 aliis
150 3714 337 3787 martyribus
351 3713 382 3768 in
397 3711 496 3769 missa
510 3726 621 3769 canone
644 3710 896 3767 commemoratio.
951 3712 1147 3764 versarentur.
1165 3710 1194 3764 ln
1211 3709 1307 3765 Missae
1323 3706 1461 3766 llomabae
1476 3727 1587 3767 canone
1599 3708 1672 3767 nulli
1692 3709 1774 3777 clim,

69 3806 161 3862 Obvia
174 3807 250 3861 suat
265 3802 402 3859 omnibus
415 3800 689 3873 antiquissimorum
705 3802 824 3855 Petrum
839 3803 898 3854 tes·
953 3796 1009 3852 nisi
1034 3797 1155 3867 Romani
1181 3802 1323 3871 martyres
1348 3800 1598 3871 memorabantur,
1623 3800 1649 3856 si
1673 3804 1777 3872 preter

69 3894 208 3964 timonio,
224 3889 395 3948 Tenulliani
410 3889 441 3945 in
456 3888 559 3962 primis
574 3888 631 3961 (23)
647 3887 819 3961 etcypriani
831 3885 900 3959 (tt),
953 3886 1109 3956 Apostolos
1123 3891 1152 3942 ct
1167 3887 1325 3958 ignatium,
1339 3886 1433 3943 virum
1450 3888 1653 3961 apostolicum,
1674 3887 1725 3959 qui
1748 3890 1778 3943 ct

71 3984 182 4056 quibua
196 3981 218 4037 ii
233 3983 332 4053 aperte
341 3981 488 4036 testantur
500 3981 663 4049 martyrum
676 3975 825 4033 natalitios
837 3975 901 4032 dies
955 3975 1053 4031 Roma
1069 3992 1175 4046 passus
1191 3979 1247 4043 est,
1264 3979 1407 4049 martyres
1422 3981 1539 4033 nostras
1555 3983 1583 4033 et
1601 3975 1777 4049 Cypriacam

73 4070 196 4146 speciali
224 4085 326 4126 eorum
350 4067 428 4124 inter
451 4064 596 4123 sacrificia
623 4065 902 4122 commemoratione
956 4063 1102 4136 excipias:
1120 4063 1264 4137 agatham
1279 4065 1357 4120 cuim
1378 4068 1407 4120 ct
1432 4065 1546 4122 Luciam
1571 4067 1712 4139 martyres
1735 4063 1780 4119 si-

74 4161 168 4218 luisse
182 4156 357 4215 celebratas.
382 4159 427 4214 An
449 4172 516 4213 vero
540 4157 645 4227 prater
673 4153 901 4210 anniversariam
956 4153 1219 4225 culasaliregorio
1241 4157 1344 4226 Magno
1370 4154 1475 4210 canoni
1500 4155 1655 4226 adjunctas
1678 4151 1782 4210 scribit

77 4255 242 4322 manyrum
258 4247 289 4301 in
303 4247 351 4302 die
365 4243 473 4302 natalis
485 4260 587 4301 acrum
602 4241 811 4314 celebritatem,
828 4242 903 4316 pris·
957 4241 1130 4298 Aldbclmus
1137 4242 1202 4314 (26).
1214 4243 1416 4315 Cyprianccur
1426 4241 1454 4298 id
1465 4241 1586 4299 bonoria
1593 4242 1782 4307 tribueretur,

78 4353 179 4395 corum
193 4341 363 4409 temporum
379 4349 452 4391 usus
467 4333 597 4400 haberet,
614 4336 647 4386 ut
661 4329 705 4387 vel
717 4331 850 4387 omnium
860 4329 904 4387 vel
960 4328 1099 4401 preclara
1107 4329 1211 4403 ipsius,
1220 4331 1396 4398 utdicimus,
1411 4334 1440 4386 in
1451 4328 1610 4386 Ecclesiam
1620 4330 1784 4386 Romanam

79 4425 278 4498 insigniorum
293 4423 414 4480 nomina
428 4422 504 4478 inter
517 4419 691 4495 quotidiana
711 4419 854 4477 sacrificia
878 4423 908 4475 et
961 4418 1067 4474 merita
1076 4418 1276 4476 obtinuerunt.
1288 4419 1402 4475 Nostris
1411 4435 1478 4475 vero
1490 4420 1567 4475 uude
1577 4417 1638 4474 hec
1648 4416 1785 4491 specialis

81 4513 178 4571 sacrm
192 4512 338 4585 diptychis
362 4510 565 4580 recitarentur,
586 4508 663 4563 haud
687 4507 729 4564 ita
743 4525 759 4564 e
772 4513 903 4564 veterum
922 4529 945 4596 D
962 4507 1161 4582 prerogativa,
1174 4513 1217 4577 ut,
1233 4509 1368 4579 quamvis
1380 4512 1485 4564 exterae
1499 4512 1529 4565 et
1547 4508 1610 4565 alie
1625 4524 1660 4564 sc
1684 4512 1786 4564 trans·

83 4601 262 4658 testimoniis
276 4605 459 4672 compertum
473 4602 527 4654 cst.
544 4596 676 4652 lndicare
691 4596 721 4651 id
733 4599 830 4652 tamen
843 4612 909 4652 san·
965 4596 1084 4653 marine
1099 4596 1263 4668 provincie,
1279 4600 1384 4652 ‘Rome
1406 4600 1504 4652 tamen
1528 4612 1630 4654 earum
1655 4596 1788 4669 quotidie

87 4698 149 4748 ctus
163 4689 328 4762 Cyprianus
342 4687 459 4743 videtur
469 4686 554 4759 epist.
570 4702 656 4741 xxxrx
671 4684 707 4740 ad
725 4685 808 4741 Pam.
826 4700 914 4740 num..
966 4685 1108 4744 memoria
1122 4684 1198 4740 inter
1211 4701 1294 4741 sacra
1310 4686 1451 4758 mysteria
1466 4684 1675 4759 perageretur?
1692 4684 1789 4754 Unde,

87 4781 131 4850 30,
146 4779 211 4843 ubi,
226 4781 384 4851 postquam
400 4777 435 4832 de
450 4773 571 4832 Celerini
586 4774 651 4831 avia
664 4773 806 4843 Celerina,
823 4778 853 4829 ct
864 4790 914 4845 pa·
967 4776 1099 4846 inquam,
1115 4773 1173 4830 illis
1189 4773 1243 4830 hcc
1257 4777 1357 4842 decus,
1374 4775 1430 4831 nisi
1451 4793 1485 4832 ea
1512 4776 1594 4832 lama
1621 4774 1790 4832 celebritate

89 4875 154 4925 truc
169 4869 245 4940 ejus,
262 4871 291 4923 ct
305 4864 449 4922 avunculo
466 4864 619 4921 Laurentio
635 4868 663 4919 et
674 4862 786 4936 ignatio
799 4863 915 4919 locutus
969 4881 1028 4938 qua
1042 4880 1158 4936 semper
1176 4881 1228 4936 pcr
1243 4881 1293 4920 ora
1308 4864 1462 4921 bominum
1477 4864 1644 4934 volitarunt,
1666 4869 1695 4920 et
1719 4861 1791 4918 insi·

91 4962 145 5025 cst,
160 4957 212 5029 qni
227 4955 433 5029 martyricjam
444 4954 558 5026 pridem
569 4951 915 5019 fuerantcorcnati,sub·
971 4952 1106 5026 gaiorum
1123 4953 1466 5026 martyrumlccchabita
1476 4953 1646 5010 sonticum
1657 4968 1715 5023 qua
1725 4965 1790 5021 prc-

91 5048 210 5119 jungit:
239 5045 386 5117 Sncn'fieio
409 5058 459 5116 pro
483 5044 523 5099 eis
541 5058 658 5114 semper,
683 5049 714 5096 ut
739 5043 914 5110 meministis,
972 5043 1047 5099 lecto
1063 5042 1145 5098 lamae
1162 5043 1328 5099 celebritate
1343 5059 1400 5099 nou
1416 5046 1557 5099 consonat
1572 5045 1605 5098 ut
1628 5045 1689 5096 tam
1714 5036 1795 5095 bravi

93 5137 244 5210 offerimus,
260 5136 365 5207 quoties
379 5140 534 5203 martyrum
551 5133 691 5204 passiones
711 5139 740 5187 ut
753 5130 810 5187 dies
835 5132 918 5187 unui-
974 5132 1114 5204 temporis
1129 5131 1292 5197 intervallo,
1308 5131 1437 5188 cnidum
1453 5132 1581 5187 viverent
1592 5129 1714 5186 addicta
1727 5127 1797 5184 iuis·

95 5226 222 5281 tersorio
244 5223 507 5279 commentorotioue
530 5222 708 5277 celebremus.
735 5220 786 5276 llis
810 5220 921 5277 scilicet
975 5226 1042 5278 scut
1056 5220 1199 5293 religioni,
1216 5239 1249 5277 cx
1264 5221 1419 5277 hominum
1429 5219 1570 5276 memoria
1584 5217 1757 5274 elaberetur.

132 5405 190 5476 (20)
207 5401 270 5459 Lib.
287 5419 309 5458 ιι
323 5403 453 5458 aduncus
466 5401 647 5457 Parmenion.
1013 5400 1069 5473 (2l)
1087 5399 1178 5473 Epist.
1195 5399 1300 5468 x11,al.
1330 5415 1436 5466 xxxvii,
1461 5400 1491 5453 et
1518 5396 1604 5470 epist.
1633 5414 1729 5469 xxxix,
1756 5395 1795 5452 al.

131 5479 192 5548 (21)
208 5474 248 5532 le
263 5475 339 5531 Rom.
355 5491 410 5542 xri,
425 5474 468 5529 13.
978 5489 1075 5528 xxxiv.

134 5550 192 5619 (22)
207 5547 291 5613 Apud
305 5545 467 5608 Mabillon„
478 5549 548 5601 tom.
566 5542 685 5600 ridusaei
699 5542 798 5598 liutici.
1016 5544 1072 5615 (Q)
1089 5542 1180 5625 Epist.
1197 5559 1246 5597 xri.
1264 5540 1301 5597 al.
1317 5557 1424 5596 xxxvii.

136 5621 192 5691 (23)
209 5619 271 5674 bib.
285 5618 321 5673 de
335 5616 444 5675 Corone
456 5616 549 5684 ditat,
565 5631 629 5687 cap.
646 5615 673 5669 3.
1016 5615 1073 5687 (26)
1090 5614 1150 5674 bib.
1166 5614 1199 5669 de
1218 5613 1396 5684 Virginitole
1412 5629 1476 5684 cap.
1492 5613 1537 5668 25.

222 5744 228 5752 '
265 5744 393 5804 Parnon.
419 5742 470 5802 ill:
1186 5759 1196 5775 ·
1628 5741 1646 5800 3
