3892 6104
815 293 1122 356 Peouseollsrle.
1743 296 1748 303 '
1762 289 1821 358 lli

300 425 396 502 fragili
402 426 523 501 ‘cupiens
536 425 639 478 illidere
649 426 757 500 dentem
802 488 807 500 ¹
956 428 983 494 Α
999 426 1122 484 audacia
1131 427 1259 498 exagitat
1272 427 1323 484 Dei
1338 426 1563 501 providentiam,
1574 442 1664 501 prope
1675 430 1708 485 ut
1722 428 1770 486 ille
1780 430 1819 503 (d)

242 487 455 554 ¹¹¹s¹⁸⁰3¹¹⁸⁰¹'d⁰·
537 490 637 554 im·
654 488 698 539 ‘⁸⁶'
715 503 741 547 ¹¹·
754 491 828 538 ΜΨ·
845 488 879 550 l.)
999 519 1081 572 (totta
1095 517 1171 587 apud
1187 516 1355 573 Ciceronem
1370 517 1398 572 in
1415 517 1500 574 libris
1517 517 1553 574 de
1576 517 1684 574 Natura
1698 518 1819 575 deorum

145 607 249 662 eausa
276 609 372 661 status
395 621 452 661 non
483 609 629 662 unusest.
657 603 788 662 cecilius
812 603 889 661 varie
916 608 946 661 et
998 604 1133 660 Octavius
1149 605 1361 662 Providentiam
1387 606 1525 670 defendit,
1546 622 1641 677 usque
1672 605 1709 662 irs
1730 607 1818 663 etiam

109 694 235 751 confuse
249 693 312 766 agit
326 693 363 749 de
373 693 485 749 multis.
502 693 638 750 Octavius
652 692 792 766 pleraque
802 696 832 749 et
846 691 944 765 depel-
998 695 1178 766 argumentis
1194 695 1235 750 uti
1247 694 1429 766 dedignatur,
1455 695 1563 767 quibus
1587 694 1725 761 Velleius,
1740 696 1819 768 opud

108 769 144 838 lit
159 781 225 838 sola
240 780 431 850 inficiatione,
460 786 489 838 et
500 785 648 854 retorquet
666 782 746 852 justa
771 781 944 838 recrimina·
997 783 1133 839 eumdem
1148 782 1313 838 Ciceronem
1330 781 1436 838 refellit
1450 785 1535 839 (letter
1551 782 1721 840 vanitatem.
1735 783 1818 840 cael-

108 871 200 926 tione.
223 869 361 936 Quaedsm
375 868 503 942 ingenue
518 871 696 926 confltetur:
724 869 775 926 sed
797 870 865 941 jure
889 869 941 925 de·
997 868 1055 927 lius
1069 870 1274 943 exprobrabat,
1290 870 1468 927 christianos
1479 870 1548 940 Deo,
1558 876 1589 927 ut
1605 872 1722 928 cuidam
1734 872 1817 938 Fato,

110 958 219 1015 fendit.
236 958 338 1030 ltaque
353 957 416 1014 baec
431 959 603 1031 disceptatio
620 958 728 1031 partim
740 957 822 1025 facti,
835 959 941 1030 partim
996 959 1293 1032 addicere.quidquid
1308 958 1570 1031 agiturgeriturse.
1581 961 1732 1017 Absverbo
1743 960 1816 1016 Fati.

108 1048 189 1120 juris
203 1045 421 1119 questionibus
436 1052 558 1103 constat.
574 1045 773 1103 Tertullianus
788 1051 883 1115 antea,
912 1051 942 1103 et
995 1049 1110 1106 tametsi
1127 1048 1226 1105 odioso
1244 1053 1361 1121 propter
1384 1047 1510 1120 ineptias
1531 1048 1706 1115 Stoicorum,
1718 1050 1766 1122 qui
1784 1067 1818 1106 es

114 1140 182 1193 aute
195 1134 413 1193 Tertullianum
431 1136 566 1193 lustinus
581 1141 610 1192 et
631 1135 842 1208 Athenagoras,
867 1152 940 1207 quo·
994 1154 1063 1194 voce
1078 1138 1283 1204 abutebantur,
1296 1153 1353 1192 uon
1367 1135 1505 1192 abhorret
1519 1135 1665 1193 Octavius.
1682 1136 1736 1192 Sed
1752 1136 1817 1193 lon·

111 1242 178 1282 rum
192 1229 310 1282 exstant
321 1223 506 1298 apologetici,
527 1223 631 1296 libelli,
638 1229 667 1281 et
674 1224 940 1298 posteacyprianus
993 1225 1105 1300 giorcm
1117 1242 1151 1282 ea
1161 1225 1196 1281 de
1209 1241 1239 1281 re
1255 1225 1484 1297 disputationem
1500 1225 1530 1281 in
1545 1225 1623 1282 eliud
1639 1229 1756 1298 tempus
1771 1243 1816 1283 re·

110 1314 220 1388 partim
236 1317 338 1370 contra
353 1313 585 1381 Demetrianum,
600 1314 709 1386 partim
724 1314 754 1368 in
781 1310 879 1368 libello
904 1313 940 1367 de
989 1313 1066 1388 Jicit,
1082 1318 1190 1371 etcum
1207 1312 1295 1370 veluti
1315 1313 1468 1386 scopulum
1492 1318 1577 1370 caute
1601 1314 1716 1387 refugit.
1741 1315 1817 1371 Saue

108 1400 939 1474 Vanitateldolorum,etmultodeindemaglesrnoblus
993 1403 1186 1477 Hieronymus
1209 1401 1240 1458 in
1263 1402 1413 1477 Cotalogo,
1439 1406 1468 1459 et
1491 1403 1527 1460 ad
1554 1407 1691 1476 Magnum
1717 1404 1813 1474 (Epist.

110 1496 199 1565 sique
234 1491 403 1548 Lactantius
423 1490 500 1547 banc
533 1507 654 1547 causam
678 1496 815 1563 egerunt:
841 1495 870 1546 et
892 1489 939 1546 uei
993 1491 1212 1564 nuntietis
1230 1492 1447 1562 estquemdem
1469 1492 1504 1547 de
1522 1491 1714 1548 Fatolibrum
1744 1490 1814 1548 olim

112 1581 288 1656 plerumque
303 1584 375 1637 sunt
390 1596 448 1636 nou
465 1578 568 1636 iisdem
582 1579 669 1636 modo
680 1583 709 1635 et
732 1578 887 1635 sententiis
910 1583 939 1634 et
992 1579 1400 1652 Minucioinscriptumfuisse
1411 1580 1477 1636 :sed
1487 1579 1592 1637 falsam
1604 1580 1695 1636 fuisse
1707 1580 1813 1637 inscri-

112 1669 307 1744 argumentis,
325 1668 377 1727 sed
401 1672 431 1725 et
453 1668 593 1726 verbiset
616 1667 761 1724 formulis.
790 1667 835 1724 Sic
859 1667 938 1724 enim
991 1669 1122 1743 ptioncm
1138 1670 1246 1725 mouet.
1262 1667 1629 1741 Credoilliequibusdam
1645 1668 1812 1725 esseeecri·

112 1760 240 1831 majores
256 1757 349 1814 nostri
364 1757 466 1815 eadem
481 1758 517 1814 de
531 1756 646 1825 iisdem,
663 1760 696 1813 nt
710 1756 758 1813 ille
777 1755 847 1812 olim
858 1755 936 1812 dics·
953 1763 1086 1865 Bptum,
1109 1757 1179 1830 quie
1202 1756 1249 1813 bic
1274 1755 1427 1813 videbatur
1449 1756 1506 1814 tale
1530 1756 1641 1828 aliquid
1664 1773 1728 1813 esse
1749 1754 1813 1828 pol-

113 1847 170 1915 bst,
186 1846 287 1903 dicere
312 1845 455 1903 solebant.
991 1847 1097 1904 licitus.
1114 1846 1271 1914 Arnobius,
1286 1862 1373 1917 quem
1385 1845 1505 1902 Minucii
1519 1843 1733 1917 discipulumet
1747 1844 1811 1901 imi·

146 1937 241 2008 utque
256 1933 370 1990 utinsm
386 1932 541 2006 posteritas
560 1931 617 1989 isle
632 1932 815 1989 observasset
837 1947 937 1988 exem·
992 1939 1116 1993 tatonem
1130 1933 1278 2008 appellare
1301 1933 1390 2002 soleo,
1402 1934 1679 1991 modoadscrserios
1699 1935 1735 1991 de
1750 1934 1807 1990 fato

114 2023 205 2098 lium·
224 2022 382 2080 &mistim
396 2022 511 2080 novitas
524 2022 633 2079 bonam
658 2021 863 2094 antiquitatem
878 2035 936 2075 11011
991 2028 1118 2094 accusat,
1134 2024 1221 2081 modo
1250 2022 1338 2080 etiem
1366 2022 1546 2080 Christianos
1565 2024 1666 2080 eodem
1693 2022 1812 2080 nomine

114 2098 937 2186 inquinassenveimsanespologlceeorum,quosdixi,
991 2119 1143 2172 recusatos
1169 2112 1259 2169 fuisse
1280 2111 1430 2168 ostendit:
1447 2116 1476 2169 et
1509 2111 1685 2184 inutraque
1712 2116 1811 2168 tamen

114 2218 178 2258 eum
188 2201 246 2258 hoo
259 2201 427 2257 Minuciano
439 2199 538 2258 libello
552 2199 696 2257 conferri:
712 2198 844 2256 ululium
859 2212 938 2254 nuno
991 2217 1174 2270 causacum
1190 2200 1226 2257 ad
1242 2216 1304 2257 rem
1314 2208 1434 2256 ventum
1464 2204 1518 2271 est,
1544 2200 1635 2256 haret
1661 2205 1691 2257 et
1715 2201 1812 2258 nescio

115 2289 361 2347 commentarium
377 2288 511 2361 colligere
526 2305 584 2346 non
600 2289 639 2345 sit
654 2303 782 2345 necesse.
799 2285 891 2343 Multa
905 2301 940 2341 cx
992 2291 1139 2364 quomodo
1148 2289 1289 2347 attonitus
1298 2285 1401 2363 ἐπέχει.
1412 2288 1487 2345 Nam
1497 2289 1590 2360 [juvat
1598 2290 1676 2347 enim
1696 2294 1816 2362 propter

116 2385 247 2436 veterum
265 2377 509 2452 pbilosophorum
525 2376 785 2451 disputationibus,
801 2378 829 2431 et
844 2377 940 2447 posts-
992 2379 1155 2438 Minucium
1170 2384 1199 2436 et
1213 2377 1356 2450 quosdam
1372 2375 1444 2434 alios
1454 2378 1548 2435 obiter
1562 2378 1608 2435 bio
1633 2379 1742 2450 notare)
1765 2378 1815 2435 lib.

116 2485 178 2524 rum
190 2465 653 2538 fabulie,etRomanaGraecaque
663 2463 785 2521 historie
794 2461 940 2520 subtiliter
991 2486 1043 2538 vu,
1057 2472 1249 2542 posteaquam
1257 2466 1411 2538 exagitavit
1434 2466 1536 2538 fatum,
1552 2467 1714 2539 presertim
1732 2466 1817 2539 quale

116 2563 142 2614 et
154 2559 242 2613 docto
257 2555 306 2612 bic
321 2560 504 2629 repetuntur.
520 2555 628 2610 Verum
644 2554 777 2626 ineptum
802 2554 880 2608 esset
902 2548 939 2607 iis
994 2558 1086 2626 stoici
1101 2557 1270 2630 fingebant:
1286 2578 1302 2607 «
1319 2557 1376 2612 llas
1386 2559 1494 2625 tamen,
1509 2555 1613 2628 inquit,
1630 2559 1737 2627 partes,
1748 2556 1817 2628 quia

116 2646 253 2703 derebus
268 2644 474 2701 annotationes
485 2642 595 2700 multas
610 2645 639 2698 ol
664 2641 776 2698 otiosas
796 2640 851 2696 boc
875 2638 939 2698 loco
993 2664 1040 2704 res
1055 2647 1180 2703 nimium
1200 2644 1281 2718 longi
1296 2648 1340 2701 est
1355 2643 1497 2715 multique
1512 2646 1666 2716 sermonis,
1692 2643 1815 2717 impii.

116 2734 272 2790 incnicsrc.
288 2731 406 2789 Mallem
421 2749 483 2803 que
494 2730 749 2804 adentiqnitatum
761 2727 940 2786 Christianu-
993 2738 1073 2791 eatae
1082 2732 1313 2791 transcurrimus
1325 2736 1413 2805 atque
1428 2732 1563 2789 intactae.
1581 2754 1596 2782 »
1612 2733 1689 2789 Idem
1714 2732 1766 2790 lib,
1782 2750 1815 2804 n,

116 2840 177 2879 rom
193 2821 369 2878 memoriam
386 2821 544 2894 pertinent,
560 2819 677 2892 copiose
697 2817 852 2890 explisflre·
881 2816 938 2873 Sed
992 2839 1060 2881 cnm
1072 2822 1213 2880 scriberet
1226 2821 1406 2878 Christianos
1420 2821 1517 2892 urgeri
1535 2824 1663 2893 rogatos,
1692 2838 1729 2877 an
1751 2821 1815 2877 sine

115 2918 142 2968 at
149 2912 259 2968 barum
270 2909 491 2967 commentariis
499 2910 576 2965 alius
584 2908 703 2965 dabitur
713 2904 939 2963 liberiorlocus:
992 2912 1144 2969 voluntate
1158 2909 1210 2967 Dei
1225 2909 1387 2982 quidquam
1410 2908 1493 2965 fieret
1506 2907 1520 2964 l
1534 2912 1595 2965 tarn
1624 2925 1655 2964 se
1679 2909 1816 2978 utrinque

116 3017 179 3058 ssim
195 3000 246 3066 ῑῑθ»
262 3015 337 3070 ‘1⁰⁰³
348 2999 411 3070 lim
425 2996 571 3067 lss⁰h⁰²¹lls
583 2994 768 3053 ⁸b⁵⁰lV0¹¹ffi⁸
780 2992 939 3066 Allq⁰³11d⁰
993 3001 1088 3074 premi
1097 2999 1196 3070 sentit,
1208 3001 1250 3067 ut,
1266 2997 1302 3054 ad
1323 2995 1511 3064 elabendum,
1539 2996 1742 3070 depredatione
1764 3014 1814 3053 cu·

118 3107 158 3146 mc
173 3090 296 3145 dedam·
310 3091 376 3144 istm
387 3102 454 3143 Vim
469 3089 572 3160 Plffilff
588 3084 665 3156 1¹¹⁰&
682 3099 755 3156 q110⁸
770 3082 839 3152 dlxi,
855 3078 959 3158 libel&
989 3089 1109 3162 jusdam
1139 3086 1309 3160 ignorantie
1346 3089 1480 3143 untur.»
1506 3085 1546 3155 si,
1576 3085 1682 3158 inquit,
1711 3090 1816 3142 cuncte

116 3179 155 3234 los
169 3176 256 3232 valde
271 3175 357 3231 velim
372 3174 462 3232 etiam
476 3174 524 3230 bic
540 3173 597 3247 legi
611 3177 641 3229 et
659 3171 821 3245 comparari
837 3169 938 3227 adver·
954 3161 976 3231 G
995 3179 1059 3251 ejus
1075 3176 1223 3235 voluntate
1238 3174 1439 3247 conficientur,
1455 3190 1508 3231 uec
1532 3175 1605 3231 citra
1619 3177 1683 3247 ejus
1711 3181 1816 3232 nutum

117 3266 206 3323 sarias
223 3263 371 3321 orationes
385 3262 550 3336 Symmachi
562 3266 592 3318 et
602 3260 749 3318 Ambrosii
763 3277 769 3316 :
787 3264 820 3316 ut
848 3273 940 3331 quam
994 3266 1157 3340 quidquam
1173 3267 1268 3338 potest
1288 3264 1319 3320 in
1345 3265 1432 3321 rebus
1446 3263 1489 3320 vel
1503 3263 1652 3337 provenire
1667 3263 1711 3320 vel
1732 3264 1815 3320 cade-

118 3352 502 3425 ⁶⁸⁰⁸⁸¹1¹⁸⁰fllilll⁰ld⁰ffir
521 3350 572 3408 Sed
590 3349 725 3423 privatim
747 3353 858 3417 lamen,
882 3362 940 3419 (1⁰⁰
995 3351 1699 3426 re,nccesenrioseqniturutmalaetiamcuncla
1718 3353 1817 3409 volun·

118 3449 246 3517 ternpore
261 3441 436 3499 Christianis
450 3439 548 3514 palam
564 3455 625 3496 csse
641 3438 687 3495 vix
701 3437 818 3508 licebat,
844 3441 940 3494 actem
996 3449 1054 3504 tate
1069 3445 1134 3516 ejus
1159 3441 1360 3514 intelligentur
1380 3441 1501 3511 enasci3
1531 3440 1696 3497 sinautem
1721 3441 1817 3499 dicere

117 3549 174 3590 esse
189 3548 225 3589 0¹
240 3531 370 3588 Minusio
392 3530 558 3596 audimus
581 3529 714 3585 effidem
744 3525 847 3583 mulli!
873 3530 939 3599 posi
995 3534 1188 3601 voluerimus,
1206 3529 1401 3604 pessimorum
1418 3530 1454 3586 ab
1469 3545 1502 3586 eo
1517 3529 1681 3602 rejicientes
1700 3547 1815 3603 causas,

119 3622 200 3679 suuis
216 3619 334 3693 publice
352 3620 382 3676 in
397 3617 492 3676 aulico
507 3616 681 3676 consistorio
691 3615 799 3672 iterum
815 3615 937 3671 iterum·
996 3622 1066 3680 mali
1082 3637 1146 3679 esse
1156 3620 1320 3686 conscium,
1330 3622 1591 3691 generatoremque
1601 3617 1733 3675 nullius:
1748 3619 1817 3675 inci·

122 3726 175 3784 que
190 3709 333 3783 agitstm
349 3724 357 3764 t
375 3707 507 3781 inestque
522 3706 650 3764 nobilem
671 3705 870 3762 Romanorum
893 3720 942 3760 Βᾶ-
996 3712 1078 3786 pient
1092 3709 1183 3768 videri
1198 3711 1251 3766 eut
1265 3725 1299 3766 eo
1313 3706 1405 3764 invito
1426 3723 1472 3764 res
1497 3707 1630 3779 pessima
1652 3709 1725 3777 iteri,
1754 3712 1815 3779 aut,

119 3815 232 3855 crorum
248 3807 416 3872 patronum,
433 3797 484 3870 qui
508 3800 553 3853 cst
576 3794 709 3852 Pontifex
734 3792 880 3849 maximus
913 3794 942 3849 el
996 3801 1075 3875 qnod
1099 3800 1139 3856 sit
1162 3799 1292 3856 immane
1319 3798 1440 3867 dixisse,
1471 3797 1629 3869 nesciente,
1658 3798 1760 3871 ignaro
1785 3815 1817 3854 ac

119 3888 269 3961 prefectus
306 3886 372 3943 urbi
397 3890 470 3955 erat,
499 3901 568 3941 cum
601 3882 728 3940 maximo
754 3887 783 3939 et
801 3881 941 3938 acerrimo
996 3889 1106 3948 nescio.
1121 3909 1136 3940 »

119 3976 254 4033 Antistitc
284 3975 456 4032 Christianis
482 3973 631 4048 religionis
656 3971 860 4042 commissum,
885 3985 943 4043 quo
1031 3977 1106 4043 Quid
1117 3974 1345 4050 igiturtandem,
1360 3974 1436 4031 inter
1449 3973 1504 4030 hae
1515 3973 1602 4029 veluti
1613 3973 1817 4048 symplegadas

119 4068 246 4139 tempore
257 4064 350 4121 nostri
361 4063 446 4121 liberi
461 4067 554 4136 erent,
571 4066 600 4119 ei
614 4061 691 4119 bons
707 4076 848 4133 aequsqus
871 4075 943 4116 cou-
997 4066 1185 4134 constrictus,
1197 4062 1353 4137 questioni
1363 4062 1566 4136 respoudetl«
1578 4062 1818 4134 Respondeamne

120 4152 237 4222 illilus.
258 4152 417 4210 audiamus
434 4169 440 4207 ²
464 4150 624 4224 llraesertim
641 4165 706 4205 ⁰1³OE
719 4150 809 4222 judex
824 4153 851 4204 ei
865 4147 943 4204 Albi·
997 4155 1107 4229 inquit,
1121 4169 1241 4211 necesse
1255 4156 1311 4219 ast,
1327 4152 1439 4208 nescire
1454 4168 1508 4208 nos
1523 4151 1589 4218 ista,
1600 4157 1645 4206 etc
1658 4150 1698 4207 ol
1702 4152 1818 4205 ustinus

120 4242 542 4313 torsederet,nonmodotam
558 4239 713 4313 religiosus
736 4254 825 4312 quam
852 4237 944 4293 llinu·
998 4248 1085 4302 antes
1099 4243 1129 4299 in
1145 4258 1200 4299 sna
1214 4239 1354 4313 Apologia
1368 4256 1426 4296 non
1441 4239 1627 4295 dubitaverat
1640 4237 1689 4305 τὴν
1704 4242 1754 4305 τῆς
1779 4237 1817 4291 el-

122 4331 194 4402 cins,
219 4331 271 4388 sed
300 4329 394 4387 multo
414 4329 535 4402 majoris
559 4327 752 4394 auctoritatis,
774 4327 865 4399 etqui
883 4342 944 4383 rem
1001 4330 1142 4409 papptvqe
1168 4327 1300 4403 ἀνάγκην,
1328 4332 1361 4384 ut
1392 4326 1529 4400 appellat,
1559 4331 1657 4398 aperta
1683 4326 1818 4393 inficiari,

124 4419 194 4478 bene
196 4419 361 4493 judicatam
373 4418 503 4491 exsequi,
518 4416 714 4474 etadversarii
725 4414 945 4472 calumniatoris
999 4421 1144 4495 planaque
1155 4418 1285 4490 rejicere,
1293 4417 1364 4472 dum
1383 4415 1537 4488 scopulum
1548 4430 1652 4486 unum,
1663 4431 1750 4486 quem
1765 4415 1819 4470 im.

128 4509 320 4582 petulantiam
336 4508 493 4582 reprimere
517 4510 603 4578 atque
627 4520 757 4561 coercere
781 4509 890 4578 posset.
915 4503 984 4595 SiD
1001 4511 1112 4568 minere
1127 4504 1236 4578 alioqui
1252 4508 1345 4577 putat,
1374 4502 1436 4560 vult
1451 4504 1588 4575 effugere.
1603 4503 1691 4574 Atqui
1707 4508 1777 4559 tunc
1789 4504 1819 4559 iu

128 4598 190 4669 quis
218 4600 347 4674 denique
367 4596 415 4655 bic
443 4597 585 4671 adjunget
618 4592 774 4666 Augustini
800 4592 892 4648 libros
910 4592 946 4648 ds
1002 4593 1275 4660 alterumincurrit‚
1295 4609 1384 4665 quem
1408 4609 1467 4648 non
1490 4591 1655 4649 miuneaut
1674 4592 1820 4648 Minucius

128 4684 719 4758 mentebonadonavildisputationem
730 4681 856 4738 mulium
872 4680 946 4737 lucis
1001 4680 1822 4745 antArnobiusreformidasaevidetur.'faudemveroAu-

128 4780 155 4831 et
168 4776 331 4850 splendoris
341 4773 517 4848 adjunxerit.
534 4773 592 4846 llgo
602 4773 632 4828 in
642 4771 752 4828 talibus
767 4774 947 4827 commenta·
1001 4774 1139 4849 gostinus
1154 4772 1184 4829 in
1200 4771 1301 4828 eadem
1316 4769 1412 4827 Africa
1426 4769 1527 4827 volens
1545 4769 1634 4826 saluti
1649 4770 1821 4843 persolvere,

129 4864 178 4921 riis
190 4880 266 4922 nune
275 4863 478 4923 describendis
489 4879 547 4919 uon
558 4860 752 4929 immorsb0r3
764 4861 814 4917 sed
824 4858 949 4915 breviter
1003 4860 1231 4937 quodllinucius
1243 4858 1391 4933 pollicitus
1402 4874 1466 4916 esse
1476 4859 1636 4925 dicebatur,
1647 4864 1676 4915 et
1690 4859 1767 4931 quod
1777 4857 1823 4912 bic

129 4957 241 5011 tanturn
255 4953 391 5011 delibabo
406 4953 539 5026 quedam
553 4949 650 5023 cupita
664 4948 822 5007 Minucisui
844 4945 947 5016 libelli,
1003 4955 1141 5026 prostare
1156 4949 1281 5008 fortasse
1293 4949 1368 5007 207
1386 4946 1434 5005 vix
1449 4947 1603 5020 potuisset,
1615 4946 1763 5002 cumulate
1778 4946 1824 5001 de·

132 5047 165 5097 ut
177 5041 309 5101 lectorem
326 5058 532 5118 premoneem.
1003 5039 1140 5114 pendere,
1158 5037 1308 5096 subtiliter
1318 5036 1453 5110 exposuit
1466 5035 1496 5090 in
1512 5035 1567 5091 hnc
1581 5034 1741 5106 questione
1765 5049 1824 5088 me-

164 5133 238 5190 m
250 5133 382 5190 Caecilius
396 5129 539 5206 principio
553 5127 654 5184 laudat
672 5126 769 5185 nescio
784 5143 872 5199 quem
889 5125 950 5182 sive
1004 5131 1085 5186 dium
1102 5127 1264 5201 quidpiam,
1281 5143 1339 5198 quo
1358 5122 1496 5181 satisfieri
1505 5138 1590 5194 posse
1601 5121 1743 5192 judicavit
1754 5122 1826 5176 otri-

128 5223 329 5280 Academicsm
343 5216 532 5293 ἀκαταληψίαν
539 5218 599 5274 sive
607 5215 816 5290 Pyrrhonicam
830 5213 947 5290 ἐποχὴν,
1005 5234 1062 5291 que
1077 5216 1253 5273 difficultati.
1270 5213 1406 5271 Sciebant
1419 5215 1448 5269 et
1474 5208 1621 5267 Minucius
1644 5213 1674 5264 ct
1696 5209 1826 5265 Arnobiu

132 5312 211 5385 qussi
227 5311 310 5369 nulla
328 5316 408 5368 esset
428 5307 578 5383 religionis
602 5305 741 5374 scicntia;
756 5309 786 5361 at
809 5305 951 5379 Epicurea
1004 5305 1218 5380 quanamolim
1234 5303 1339 5360 fuisset
1352 5298 1497 5358 dissensio
1513 5297 1731 5370 disputatioque
1753 5298 1829 5355 inter

163 5475 203 5547 (6)
232 5472 424 5544 Transpositn
448 5474 477 5527 et
500 5468 623 5526 confuse
646 5466 796 5523 vocabula.
817 5471 845 5524 C.
871 5469 950 5525 enim
1005 5457 1473 5546 videntiamimpngnntzqu'.G.
1499 5459 1591 5542 Cotta,
1624 5458 1828 5544 Academicus,

133 5546 271 5615 velleius,
296 5548 425 5613 senator,
454 5545 499 5599 est
524 5539 573 5596 ille
605 5537 889 5612 mourmelier,
918 5540 950 5597 de
1004 5536 1260 5610 respondetecep.
1271 5532 1418 5590 rllorxrad
1431 5529 1602 5587 flnsmbbn.
1613 5531 1695 5590 Adde
1712 5538 1827 5589 lustrum
1912 5571 1920 5575 -

129 5618 278 5691 braccae.
293 5632 334 5686 ur,
346 5615 417 5689 quid
430 5613 508 5681 inde,
523 5612 559 5671 sb
574 5627 626 5672 rur
639 5610 733 5683 capite
752 5612 789 5669 ad
803 5628 861 5682 m,
877 5612 950 5671 Pro·
1003 5608 1073 5668 libri
1082 5624 1112 5665 11.
1128 5604 1291 5678 (manse.)
