3900 6112
7 3178 11 3187 '
114 3212 130 3239 «
147 3188 381 3245 circumuentum
395 3194 424 3246 to
450 3191 627 3263 Augustum,
653 3189 831 3263 illusumque
846 3193 939 3250 Carsa-

126 248 186 307 'its
518 242 798 308 perspectauit
821 246 854 307 S.
878 243 1059 307 conuecti
1081 244 1161 307 NON
1183 244 1439 309 exsultantius
1770 244 1833 313 m

126 380 177 452 qui
192 384 356 448 euaserunt,
371 380 421 432 out
445 392 565 432 manum
581 376 673 449 lapsis
686 376 836 451 imposuit,
853 381 904 435 eat
915 381 949 436 ut
962 380 991 447 ,t
1002 382 1063 435 erat
1074 378 1241 451 episcopus,
1257 378 1401 433 usitatum
1417 362 1547 445 noverat,
1567 382 1630 435 tum
1644 392 1681 435 ex
1694 394 1729 437 eo
1743 396 1834 451 quem

124 467 359 540 gonuallgerent
380 465 544 537 imperavit.
561 466 746 535 »Quaenim
770 467 814 524 vel
830 466 948 525 inscitia
1000 466 1169 535 inoriente,
1201 465 1250 523 ubi
1275 465 1409 539 degebat,
1438 464 1558 524 videbat
1583 468 1836 542 receptum3qoi·

122 556 168 615 uel
188 556 350 613 temeritate
378 556 501 629 Optatus
527 555 584 612 boe
611 556 769 628 affirmare,
796 574 829 614 ac
853 562 945 614 Dona·
1001 572 1058 629 que
1073 558 1145 612 adeo
1162 560 1192 612 et
1204 556 1233 611 in
1244 554 1399 612 Occidente
1424 554 1514 612 simul
1544 558 1574 613 et
1597 554 1628 611 in
1654 555 1774 614 Oriente
1786 575 1837 631 pa·

121 646 208 703 tistas
237 644 378 715 diaconis,
406 645 583 719 presbyteris
611 652 641 702 et
668 646 812 721 episcopis
840 664 947 704 monus
1001 647 1072 703 riter
1085 646 1211 719 vigebat.
1222 646 1315 701 Tanta
1329 661 1397 701 vero
1410 644 1501 701 totins
1517 644 1650 702 Ecclesia
1673 648 1833 705 consensio

121 734 396 809 imponeotosrelut
423 734 506 806 impii
521 738 551 789 et
564 734 690 791 inauditi
712 736 815 809 llagitii
837 736 945 793 ibidem
1001 736 1119 791 aliunde
1134 734 1202 791 oriri
1229 752 1287 791 noo
1310 738 1416 807 potest,
1443 734 1501 790 nisi
1529 739 1581 791 ant
1605 752 1641 792 ox
1669 736 1835 810 apostoliea

122 840 244 898 arguere
255 841 346 881 ausus
360 828 448 895 essct,
464 822 490 879 si
505 823 577 879 nihil
593 824 622 879 bi
632 826 771 897 egissent,
795 826 851 883 nisi
867 826 944 898 quod
999 825 1168 893 traditione,
1192 828 1243 881 aut
1256 841 1292 881 cx
1320 824 1471 881 communi
1496 823 1548 881 illa
1562 823 1635 899 lege,
1652 842 1745 898 qoam
1762 842 1833 885 cum

120 915 265 988 superiori
275 912 380 972 seculo
395 912 557 987 Cyprianus
572 912 680 987 aliique
694 916 822 971 Africani
832 932 946 989 praesu·
999 936 1015 965 e
1031 914 1162 971 omnium
1174 915 1294 971 omnino
1322 914 1527 987 episcoporum
1555 918 1715 987 portatum
1742 932 1833 975 mun-

118 1002 246 1063 iescam
268 1002 401 1061 Cornelio
420 1019 453 1059 oe
476 1002 588 1059 ceteris
616 1004 707 1061 totius
736 1005 944 1079 orbisepiseo-
999 1004 1069 1060 dum
1096 1004 1515 1061 constitutorumuconsensu
1545 1002 1636 1062 latam
1663 1004 1831 1078 Cyprianus

118 1094 165 1169 pis
182 1094 397 1169 precepissent,
414 1096 501 1163 atque
521 1092 652 1166 exemplo
680 1094 944 1151 confirmassent?
997 1094 1235 1151 tmdit.Tantum
1257 1093 1430 1167 igiturtunc
1458 1094 1607 1151 decretum
1632 1098 1688 1165 est,
1717 1095 1831 1169 utepi·

118 1184 175 1241 Sed
190 1182 327 1256 Optatum
342 1182 378 1238 ab
393 1182 471 1238 omni
488 1182 610 1240 inscitie
624 1183 713 1257 oulpa
726 1184 850 1241 liborum
867 1201 942 1255 esse,
998 1185 1095 1256 scopis
1123 1181 1224 1241 aliisve
1252 1182 1415 1255 majoribus
1439 1182 1552 1240 clericis
1579 1182 1682 1257 lapsis,
1710 1183 1833 1243 sublato

118 1276 148 1329 et
175 1274 206 1329 ia
225 1289 300 1330 unos
315 1272 484 1330 Donatistus
508 1272 679 1330 temeritatis
702 1274 811 1331 crimen
840 1276 944 1332 cudere
998 1274 1117 1329 bonoris
1132 1273 1178 1328 sui
1206 1274 1309 1343 arado,
1326 1276 1393 1345 post
1405 1272 1638 1330 satisfactionem
1654 1277 1746 1345 atque
1770 1291 1833 1348 por-

119 1364 203 1419 docet
217 1379 271 1420 nos
286 1362 525 1435 Carthaginiense
539 1362 706 1435 concilium,
722 1363 752 1419 in
781 1363 942 1436 quolboud
998 1362 1152 1419 nitentium
1168 1362 1241 1436 ipsis
1269 1365 1490 1435 congruentem,
1517 1379 1574 1435 pax
1601 1366 1630 1418 et
1657 1364 1832 1421 communio

118 1452 254 1508 dobicoc
269 1452 336 1524 quis
351 1451 522 1508 temerarios
536 1451 792 1509 schismaticorum
808 1470 899 1510 ausus
914 1458 943 1511 et
998 1453 1180 1509 redderetur.

118 1540 941 1615 impiasmolitionesimitaretuszmculoquartolabentc,
1034 1544 1077 1597 12.
1089 1542 1189 1615 Neque
1208 1542 1255 1599 bis
1276 1545 1421 1615 repugnat
1445 1543 1524 1614 quod
1553 1543 1589 1599 dc
1612 1542 1719 1599 Natalii
1736 1544 1833 1615 pmni-

118 1647 182 1689 ran.
200 1631 943 1705 ll,uconfirmatumestetsiquandopresbyteri
996 1632 1097 1701 tentia,
1127 1632 1309 1705 temporibus
1336 1631 1490 1704 zephyrini
1519 1648 1609 1705 pape,
1648 1649 1683 1689 ex
1711 1632 1831 1689 Eusebii

116 1720 160 1777 rel
177 1720 292 1777 diaconi
307 1719 573 1793 iuoliqoagrariori
585 1720 672 1793 culpa
686 1722 808 1778 convicti
821 1722 940 1792 suerint,
997 1720 1125 1777 Historia
1140 1720 1362 1794 descripsimus.
1381 1720 1423 1776 lbi
1453 1721 1531 1777 enim
1563 1722 1640 1793 qood
1672 1722 1832 1795 episcopus

117 1829 175 1887 qua
189 1828 267 1869 eosa
280 1812 442 1869 ministerio
457 1828 575 1869 necesse
586 1812 822 1871 lueritromoveri
834 1831 891 1871 noa
902 1814 943 1871 eis
997 1809 1055 1880 ille,
1071 1810 1095 1866 si
1113 1815 1210 1867 tomen
1225 1810 1381 1883 episcopus
1405 1810 1469 1879 luit,
1490 1815 1594 1884 sponte
1612 1827 1647 1868 ex
1661 1811 1832 1869 vehementi

118 1918 225 1959 monus
241 1902 319 1959 (itu
339 1906 481 1974 tanquam
497 1903 707 1975 paenitentibus
730 1905 774 1960 uel
801 1908 941 1977 tanquam
997 1899 1165 1972 poenitentis
1180 1900 1272 1956 animi
1286 1902 1390 1956 ellectu
1404 1899 1506 1973 gessit,
1532 1915 1589 1957 non
1618 1900 1697 1972 quod
1724 1900 1751 1957 ei
1768 1899 1830 1958 ulla

117 1990 941 2066 lidelibuslaicisimponatur.sl‘rceteroaetltugustinus,
996 1987 1042 2043 lex
1061 1988 1259 2045 ecclesiastica
1287 1988 1437 2062 imposuit,
1462 1987 1599 2061 legimus·
1631 1988 1696 2045 Huc
1727 1994 1827 2046 tutem

116 2079 256 2136 africane
271 2079 405 2137 Ecclesia
419 2078 530 2148 tumen,
548 2079 598 2138 lib.
615 2081 671 2138 nde
685 2086 767 2154 uapt.
784 2083 944 2140 contraite·
996 2076 1027 2133 io
1042 2078 1171 2135 Ecclesia
1184 2078 1262 2134 circa
1276 2077 1480 2151 delinquentes
1509 2078 1641 2135 omnium
1657 2082 1827 2150 temporum

117 2170 232 2237 notter,
248 2186 272 2225 c.
291 2171 316 2239 1,
333 2170 478 2241 parsit-tis
494 2169 606 2226 cleriei.
621 2196 634 2221 ι
645 2190 752 2227 ritanus
763 2173 839 2228 iliter
853 2173 944 2230 laicos
998 2169 1100 2241 rogote
1115 2176 1253 2225 constans
1267 2168 1332 2239 tuit,
1353 2171 1386 2223 ut
1407 2167 1480 2223 uuiti
1496 2166 1627 2239 cujusvis
1647 2168 1827 2225 conditionis

118 2274 176 2315 non
190 2257 303 2331 imponi
318 2280 333 2309 u
348 2260 493 2315 observat.
518 2260 549 2315 lo
579 2258 633 2316 hoc
658 2264 756 2317 autem
784 2262 943 2329 Arspustini
997 2257 1381 2332 reononpoenitentiuenia
1406 2256 1482 2313 oss
1509 2256 1724 2330 indulgeretur.
1742 2258 1827 2316 Prius

117 2347 331 2419 obseruatione,
351 2347 943 2423 uelongeupcrtiusinproximisCartba·
997 2348 1191 2420 etiamquam
1220 2347 1281 2403 hare
1297 2347 1513 2415 concederetur,
1549 2347 1640 2419 digna
1665 2348 1827 2405 criminum

116 2436 259 2511 giniensis
274 2436 387 2494 concilii
403 2438 509 2505 vorbis,
540 2444 661 2513 apparet
685 2438 860 2513 poenitentia
883 2440 944 2497 ele·
997 2437 1160 2494 satisfactio
1174 2437 1249 2511 erigi
1264 2436 1615 2510 sempereonsuevit,nisi
1632 2437 1694 2493 hacc
1706 2436 1827 2495 aliunde

116 2527 244 2583 ricorum
260 2525 363 2584 saltem
393 2527 538 2600 majorum
563 2533 592 2585 et
609 2528 941 2602 poenitcntiaelaieorum
997 2532 1245 2600 compensaretur.
1285 2529 1466 2600 Quapropter
1493 2530 1527 2582 ot
1554 2526 1650 2583 tribus
1679 2527 1828 2600 prioribus

116 2615 278 2673 distinctio.
996 2616 1130 2673 Ecclesire
1150 2616 1277 2683 seculis,
1302 2616 1343 2671 ito
1371 2620 1400 2672 et
1426 2615 1677 2688 subsequentibus
1699 2617 1827 2687 maJores

996 2706 1093 2763 cleriei
1108 2706 1349 2779 grauissimorum
1372 2704 1528 2761 eriminum
1555 2705 1595 2761 rei
1612 2722 1670 2762 noo
1687 2707 1776 2762 modo
1792 2706 1826 2762 ab

997 2795 1116 2853 honoris
1133 2796 1178 2851 sui
1194 2797 1286 2869 gradu
1317 2795 1434 2865 deiecti,
1461 2796 1512 2851 scd
1540 2800 1569 2851 et
1592 2795 1692 2868 dignis
1722 2797 1827 2869 ponis,

995 2886 1103 2958 qnilrus
1114 2886 1172 2942 Deo
1188 2884 1256 2941 loeso
1272 2884 1485 2945 satisfacerent.
1514 2888 1584 2939 suot
1608 2884 1740 2940 multati.
1757 2884 1826 2941 ltine

997 2974 1116 3045 indigne
1132 2974 1200 3030 tulit
1214 2974 1385 3046 Cyprianus,
1416 2973 1493 3044 quod
1519 2973 1628 3029 Victori
1656 2974 1825 3047 presbytero

116 3100 278 3172 oeinjosta
305 3100 400 3156 exsuti
428 3101 473 3157 sut
504 3117 604 3167 causa,
633 3118 662 3157 n.
693 3102 721 3165 u.
750 3101 910 3173 strennuus
929 3119 937 3159 ι
955 3134 977 3201 c
995 3061 1821 3226 (ἱἸῖζᾞὲῗὲξὲζζῇξξῃῐέἭ]Ἔθῗὲζὲἶὶξῖἒρἑᾞρέζ

895 3282 940 3337 ὥ-
996 3244 1076 3301 conis
1092 3244 1184 3388 Ιιιιιείιε
1198 3243 1386 3388 expeltcnillam
1403 3260 1474 3386 cicures
1488 3242 1634 3386 jtr'diearist
1648 3264 1663 3291 ι(
1681 3242 1820 3387 sarsurio·

995 3350 1063 3391 nem
1080 3350 1264 3405 praecoma
1288 3349 1317 3387 ιι
1345 3348 1557 3397 issarsaero,
1577 3348 1601 3387 sn
1630 3346 1693 3387 ueri
1744 3348 1820 3405 tgna,

996 3422 1035 3478 sit
1048 3423 1135 3478 eliam
1151 3422 1310 3478 fructuosa.
1340 3440 1353 3473 u
1381 3421 1454 3475 llioc
1466 3426 1494 3475 et
1517 3421 1645 3476 loannes
1672 3420 1709 3488 ll,
1726 3422 1817 3495 Epist.

996 3513 1032 3569 ad
1047 3512 1204 3569 Caesarium
1220 3510 1262 3565 ita
1271 3509 1516 3566 contumeliosum
1531 3510 1566 3565 ab
1581 3510 1755 3583 episcopatu
1774 3511 1822 3567 de-

993 3602 1075 3675 jecit,
1092 3606 1125 3657 ut
1140 3601 1275 3657 eumdem
1291 3599 1321 3654 in
1346 3599 1557 3655 monesterium
1573 3598 1660 3671 dirigi
1691 3598 1824 3667 voluerit,

997 3691 1078 3747 «uiri
1098 3690 1271 3747 delictorum
1288 3706 1401 3745 mernor
1430 3689 1459 3745 in
1489 3688 1662 3761 paenitentia
1684 3690 1826 3762 lacrymas

997 3781 1146 3837 cllrrndere
1170 3796 1227 3836 non
1256 3778 1382 3843 omittat,
1399 3782 1477 3833 ut....
1492 3777 1590 3833 adeso
1607 3776 1724 3834 Christo
1741 3778 1825 3835 mise·

998 3870 1152 3927 ricordinm
1166 3868 1262 3925 ualeat
1276 3867 1468 3941 promereri.»
1480 3866 1552 3922 llinc
1568 3867 1727 3939 Gregorius
1742 3884 1827 3941 papa,

998 3960 1048 4017 lib.
1075 3960 1122 4025 ill,
1149 3960 1234 4030 epist.
1265 3975 1290 4027 e,
1313 3956 1444 4029 precipit
1471 3974 1515 4013 :u
1539 3955 1662 4013 Paulum
1679 3958 1826 4029 quondam

998 4051 1169 4122 episcopum
1184 4048 1214 4103 in
1231 4047 1421 4117 monasterio,
1433 4046 1462 4102 in
1479 4062 1538 4119 quo
1553 4050 1609 4115 est,
1634 4048 1664 4102 in
1682 4048 1826 4120 poeniten·

997 4140 1039 4195 tia
1050 4140 1187 4195 volumus
1200 4151 1395 4210 permanere;
1421 4158 1435 4185 u
1463 4140 1491 4192 et
1515 4134 1567 4191 lib.
1594 4151 1622 4203 v,
1652 4136 1741 4209 epist.
1757 4152 1826 4193 xro:

999 4252 1014 4280 «
1029 4228 1191 4284 statuimus
1207 4227 1363 4282 diaconum
1378 4230 1408 4281 et
1421 4226 1558 4281 abbatem
1580 4225 1616 4281 dc
1630 4231 1719 4297 portu
1735 4226 1827 4282 t'eoo-

116 4354 189 4411 tiam
206 4353 271 4411 laici
297 4370 506 4413 consenescere
526 4378 541 4405 »
557 4360 687 4429 cogatur.
716 4357 769 4413 Sed
796 4357 945 4414 advertero
999 4319 1147 4391 'i⁸'‘¹¹¹⁰m
1172 4317 1286 4373 mmm
1314 4316 1465 4387 ⁰⁰⁰¹d¹⁵⁵⁰’
1487 4316 1522 4372 ad
1550 4330 1668 4372 mmm
1692 4316 1826 4417 f‘rd'n‘m

118 4444 278 4501 debuerant
290 4444 331 4500 ibi
355 4444 499 4502 Ililarium
515 4462 550 4501 ex
569 4450 649 4502 corta
663 4445 840 4517 integritatis
855 4449 884 4502 et
898 4444 944 4501 in·
998 4426 1056 4467 ¹¹⁰⁰
1072 4408 1176 4464 ‘mmm
1192 4406 1235 4463 ‘⁹⁰¹
1260 4422 1345 4479 ΡΜ
1373 4404 1431 4461 ⁰¹¹⁰
1459 4405 1544 4462 m⁰d⁰
1569 4420 1711 4462 remam·
1737 4406 1828 4471 oum

117 4532 257 4591 nocentiae
273 4550 332 4589 sua
353 4534 532 4591 conscientie
556 4552 614 4591 non
630 4535 659 4591 il
676 4536 750 4607 quod
779 4535 841 4591 ficri
858 4536 941 4603 solet,
958 4510 981 4575 Ῑ)
997 4498 1114 4571 ’ῙυΜΝῃ
1127 4512 1209 4553 ⁸¹¹⁰r⁰
1221 4496 1324 4551 ΟΜΝ
1349 4494 1495 4567 privatum
1515 4494 1543 4551 in
1560 4494 1765 4563 mmmm
1781 4494 1828 4551 ἅθ’

116 4620 167 4679 sed
185 4622 261 4695 quod
273 4620 422 4679 insolitum
438 4641 560 4699 prorsus
583 4629 671 4697 atquc
695 4624 870 4681 inusitatum
888 4629 941 4693 est,
998 4590 1141 4688 immitit
1157 4588 1300 4685 contituti.
1319 4584 1373 4639 ·51
1385 4588 1482 4684 autem
1511 4583 1572 4639 bec
1592 4582 1711 4683 altaque
1727 4584 1830 4655 bans·

117 4727 170 4769 nec
186 4713 380 4769 orirenturnm
392 4714 512 4771 omnino
526 4714 832 4785 confiditconcedere.
842 4718 943 4787 Neque
999 4674 1196 4777 m⁰d¹,¹⁰f²ffd⁰
1207 4673 1830 4775 ”Ubhfnpoemmmmnimmmwpwmmm

116 4816 183 4861 vcro
198 4803 293 4875 magis
309 4804 376 4859 inde
391 4804 554 4867 conficitur,
570 4806 723 4877 episcopos
748 4804 782 4857 nd
799 4802 941 4859 laieorum
997 4783 1050 4822 ΝΤ
1065 4764 1173 4821 ”mma
1188 4764 1394 4834 dssm‘w'bus
1406 4766 1632 4835 “mmmmm
1650 4764 1830 4819 mmmmm

116 4891 484 4966 Ρωῃῇοῃῑίἃῃηωῃῃὼηῐ
510 4894 696 4949 emmim
734 4909 821 4963 qum
851 4910 885 4947 ox
908 4909 942 4949 ρο
997 4855 1120 4917 clericis,
1136 4857 1240 4925 prmlm
1254 4852 1429 4907 sententium
1447 4868 1631 4907 summorum
1652 4852 1829 4923 pontificum

116 4984 192 5055 quo'l
211 4981 391 5039 PaulusGul.
409 5002 428 5047 r,
444 4988 471 5053 tt,
488 4984 569 5049 dieii,
590 4984 664 5038 liert
686 4936 735 5035 n'ns
761 4986 808 5037 ord
825 4983 943 5051 Arrqclus
997 4949 1084 5016 ”mm
1100 4944 1230 5006 anm’
1246 4942 1296 5015 qni
1312 4942 1426 4997 mulis
1449 4958 1488 5009 Ν*
1508 4945 1536 4997 et
1552 4959 1566 4995 ’ἶ
1582 4942 1729 5011 ‘dmum'
1746 4941 1831 4999 “Hm

115 5072 231 5127 circulo
245 5072 475 5144 areopolis-ororii
498 5077 600 5144 praeter
624 5087 705 5142 prtum
734 5072 810 5141 priori
824 5088 940 5141 rreuqc-
995 5032 1222 5105 inwmgamffl

116 5162 264 5217 lis-ordume
275 5162 358 5229 uulda,
375 5163 522 5218 accettemo
550 5162 596 5228 sit,
622 5158 764 5215 conticere
780 5160 865 5217 licoat
879 5166 941 5217 Aa·
1395 5190 1420 5248 V

116 5250 212 5323 gelarm
229 5251 375 5307 caelestem
388 5248 570 5307 anathemati
585 5264 650 5305 csse
660 5246 757 5303 adbuc
771 5248 939 5304 obnoxium.

116 5340 177 5396 lllis
192 5340 283 5411 igiter
306 5358 364 5397 non
394 5358 498 5415 porum
524 5342 694 5397 adversatur
708 5338 764 5395 iste
785 5337 886 5395 llilarii
902 5340 942 5397 lo·
1032 5342 1074 5396 13.
1091 5338 1172 5395 Circa
1186 5336 1264 5393 idem
1279 5339 1396 5410 tempus
1423 5338 1597 5413 Cyprianus,
1624 5340 1662 5397 da
1688 5342 1830 5403 omnium

115 5444 178 5491 ros,
197 5430 265 5483 diam
282 5430 368 5487 aliam
386 5430 524 5505 episcopi,
541 5430 630 5489 oliam
654 5428 720 5486 laici
736 5427 940 5501 poenitentiam
994 5426 1264 5499 irotrumconsilio,
1279 5425 1410 5485 Cornelio
1427 5430 1509 5485 misit
1530 5429 1652 5488 nomina
1671 5432 1831 5508 episeopo·

114 5523 178 5573 torn
197 5520 286 5575 t'niseo
313 5522 420 5579 diserte
443 5523 536 5581 docet.
564 5526 624 5578 Hoc
651 5523 747 5577 nutem
766 5518 941 5593 loquebatur
994 5538 1061 5579 rum
1076 5520 1106 5576 in
1127 5517 1223 5575 Africa
1238 5517 1476 5587 constitutorum,
1494 5541 1509 5571 a
1524 5520 1573 5595 qui
1595 5520 1706 5595 integri
1721 5524 1832 5584 errant

113 5606 242 5679 flilurios
254 5624 321 5671 cum
335 5630 370 5669 ox
396 5630 478 5673 ruore
507 5630 596 5689 quem
616 5612 646 5669 in
666 5610 829 5683 Occidente,
854 5612 940 5687 eujus
993 5611 1023 5670 in
1040 5608 1167 5668 Ecclesia
1176 5604 1319 5668 catholice
1330 5608 1470 5671 iratribus
1484 5614 1634 5687 presunt:
1651 5632 1667 5665 u
1683 5616 1718 5671 ut
1732 5614 1830 5675 sciret

152 2742 196 2799 ll.
211 2742 318 2798 Eadem
331 2759 389 2798 non
405 2742 670 2799 minusmoniiesto
683 2747 727 2799 est
741 2743 769 2799 in
786 2761 819 2801 eo
831 2744 940 2809 libello,

116 2847 204 2904 quem
220 2830 360 2898 llilarius,
386 2832 574 2888 l‘irteriensis
598 2832 764 2905 opiscopus.
788 2851 865 2889 anno
889 2836 942 2889 360

113 2920 234 2977 ineunte
248 2920 496 2995 Constantinopoli
514 2922 692 2978 constitutus
707 2923 873 2979 Constantio
883 2926 941 2980 :lu-

114 3014 201 3083 gusto
216 3009 332 3067 obtulit.
350 3010 381 3067 ln
392 3026 426 3068 eo
446 3011 554 3084 quippe
578 3012 620 3067 sic
636 3012 841 3085 imperatorem
857 3012 940 3070 illum

116 3294 177 3335 rem
191 3282 286 3343 tuum,
302 3294 336 3335 ea
354 3279 505 3335 conlidens
529 3278 713 3335 conscientie
738 3296 809 3337 mem
838 3297 892 3337 con

115 3368 195 3425 tione
209 3366 393 3441 patefaciam,
409 3372 442 3423 ut
457 3369 481 3424 si
493 3369 645 3443 indignum
656 3367 767 3441 aliquid
781 3386 838 3425 non
855 3372 941 3427 modo

117 3456 246 3530 episcopi
272 3458 436 3529 sanctitate,
466 3459 515 3514 sed
559 3460 648 3515 etiem
680 3459 746 3514 laici
776 3460 941 3532 integritate

117 3546 245 3619 gessisse
260 3547 374 3619 docear,
390 3564 448 3603 non
460 3548 522 3619 jam
548 3548 743 3604 sacerdotium
761 3566 813 3622 per
826 3550 940 3607 reniam

117 3643 293 3709 exspectem,
309 3638 359 3693 sed
377 3637 454 3693 intra
483 3638 684 3711 paenitentiam
709 3638 773 3695 laici
802 3656 942 3697 consene-

118 3742 210 3782 scam.
233 3748 248 3778 n
275 3726 355 3791 Quod
378 3742 449 3783 sone
477 3727 611 3800 petiisset
638 3729 757 3799 frustra,
786 3730 811 3786 si
840 3731 942 3787 eadem

117 3815 296 3889 paenitentiae
320 3814 384 3889 iege
415 3816 522 3873 laicum
552 3817 748 3891 clericumque
776 3820 944 3892 promiscue

116 3904 279 3979 constringi
304 3921 369 3963 mos
396 3906 510 3963 suisset.
554 3908 651 3981 Longa
677 3908 767 3981 igitur
791 3908 942 3982 falluntur,

118 3994 170 4069 qui
199 3996 325 4068 majores
359 3994 479 4053 clericos
517 4014 575 4053 non
614 4016 699 4054 secus
737 4002 825 4071 utque
852 3998 943 4056 laicos

118 4086 241 4161 publica
253 4086 427 4159 penitentie
451 4086 609 4159 aliquando
629 4088 771 4144 obnoxios
786 4088 876 4145 tuisse
890 4106 943 4161 pu-

117 4176 193 4245 tant,
212 4175 282 4232 dum
312 4174 367 4233 hoc
388 4174 451 4232 loeo
476 4176 573 4249 jurari
597 4194 628 4233 se
653 4178 843 4247 arbitrantur,
874 4178 944 4251 quio

118 4264 287 4340 episcopum
299 4265 467 4339 permittere
481 4267 616 4337 andiunt,
631 4272 664 4323 ot
679 4290 693 4317 a
709 4268 787 4322 intro
802 4267 944 4339 pmniten·
