3892 6104
119 282 201 343 1355
646 278 698 339 bb
722 276 1016 339 llAEltlchcuRUll
1042 276 1302 340 sarulslm'lu.
1749 280 1826 341 1356

121 412 249 466 ostentat
263 408 439 480 antiquitaa;
455 411 526 479 quot
546 408 576 463 in
600 424 634 464 eo
658 407 766 463 luerint
787 406 983 480 AugustiniA
1001 408 1275 481 utexeoaugustini
1287 412 1416 466 mentem
1427 408 1826 483 concessaquipossiaetde·

121 502 255 565 conatus,
272 496 321 569 qui
337 495 429 561 aelus,
445 496 494 567 ayui
515 498 611 563 arder,
629 513 694 569 quae
709 496 945 567 facundiamque
1000 494 1079 551 beas.
1090 494 1343 565 Quaverol'ronte,
1354 497 1606 563 utobiterdicsm,
1618 499 1723 571 nuperi
1735 498 1823 571 aliqui

121 586 298 653 constantia,
324 586 406 641 selue
429 586 543 654 innuerat
567 585 617 657 qui
642 585 671 641 in
697 586 792 658 ipsius
827 585 945 657 scriptis
998 582 1823 661 protulerintltugustinumprecipuamcyprisniaancti·

122 674 362 748 hespescmnino
390 674 447 741 sit;
474 674 607 745 apprime
631 679 751 731 noverat
774 674 803 730 S.
830 679 943 741 hoctor,
998 675 1088 727 tatem
1116 672 1144 726 in
1168 674 1264 743 modo,
1290 690 1348 747 quo
1378 675 1519 732 adversus
1545 676 1729 749 Stephanum
1762 694 1823 735 sese

122 765 174 837 qui
190 768 252 836 lpse
273 763 408 820 tradebat
430 762 612 835 Stephanum
636 764 778 836 Cypriane
800 762 831 818 in
855 778 945 819 causa
998 762 1089 831 gessit
1103 761 1303 830 constituisse,
1322 763 1448 820 viderint
1463 764 1529 838 ipsi,
1545 766 1694 839 nobisque
1713 766 1821 839 patela-

121 852 309 926 baptiematis
321 852 520 908 haereticorum
532 874 547 903 a
560 851 782 925 precepissebl)
794 867 826 908 ac
844 852 942 924 ipsum
998 847 1095 915 ciant;
1112 850 1196 921 quasi
1213 868 1279 908 vero
1293 856 1336 907 tot
1357 851 1416 907 alia
1436 852 1573 927 Cypriani
1598 853 1822 927 preclarissims

122 941 332 1001 abstinendum
353 946 474 1014 putasse
487 941 554 1013 (10).
571 960 584 994 ι
613 941 735 1013 Legerat
755 946 783 995 et
807 939 942 1013 Cypriani
997 940 1079 1007 gesta
1093 937 1128 992 ed
1145 940 1294 1007 eximiam,
1310 957 1399 1013 quom
1415 943 1492 1013 apud
1518 942 1611 999 Deum
1633 948 1665 1000 et
1689 944 1820 1001 hominm

122 1032 159 1089 ad
184 1029 354 1103 Pompeium
377 1027 542 1102 epistolam,
568 1029 598 1084 in
624 1046 683 1101 que
706 1028 846 1101 Stephani
870 1046 943 1100 pre·
998 1024 1124 1081 obtinuit
1138 1028 1323 1084 sanctitatum
1341 1029 1515 1088 lirmandam
1530 1048 1564 1087 ac
1587 1032 1819 1089 constituendam

121 1125 240 1193 ceptum
255 1124 284 1175 et
298 1118 610 1176 excommunicationis
633 1118 729 1175 minas
750 1119 856 1175 acriter
878 1133 943 1190 per·
997 1112 1308 1173 minimesnllicerent.
1325 1118 1356 1173 in
1372 1120 1569 1191 expendendis
1584 1126 1757 1178 sanctorum
1771 1122 1820 1179 vir·

120 1208 296 1281 stringebat,
312 1206 430 1265 scillud
448 1207 567 1279 quidem
583 1223 634 1264 seu
653 1207 891 1279 intempestivum
915 1209 944 1263 et
997 1201 1122 1275 tutibus,
1146 1206 1348 1277 expendantur
1371 1213 1541 1265 sanctorum
1569 1211 1763 1279 testimonia;
1786 1212 1819 1267 ad

120 1296 465 1363 inconsideratum,islas
479 1312 545 1353 vero
557 1313 610 1353 seu
625 1297 724 1354 minua
735 1313 833 1368 eques
847 1296 944 1353 acrius
998 1296 1116 1348 sanctos
1133 1294 1319 1365 potissimum
1335 1299 1448 1369 spectat
1458 1302 1626 1356 sanctorum
1636 1299 1818 1357 verediacer·

121 1386 297 1458 exagitabat.
313 1388 407 1450 Quare
422 1401 491 1458 ergo
505 1386 649 1459 Cypriane
673 1386 813 1458 Stephani
837 1384 942 1457 egendi
997 1394 1067 1436 nere
1083 1382 1196 1449 merita,
1212 1398 1373 1457 eorumque
1389 1386 1532 1457 praeconia
1556 1387 1726 1457 celebrare,
1754 1406 1817 1445 san-

121 1474 264 1531 raticuem
292 1473 516 1545 reprehendenti
549 1492 607 1531 non
639 1474 822 1531 assentitur?
850 1475 945 1539 Quare
998 1468 1816 1552 ctissimiigiturCyprianimeritaexsanetissimopari·

122 1564 257 1637 Cypriani
268 1562 417 1633 Stephano
429 1563 607 1635 precipianti
619 1563 873 1634 inobsequentiam
885 1578 944 1619 non
998 1560 1043 1613 ter
1066 1560 1232 1632 Augustino
1256 1560 1341 1618 liccat
1360 1563 1541 1637 dignoscere,
1562 1566 1602 1622 nil
1628 1565 1762 1637 nquius:
1782 1574 1815 1639 at,

121 1651 944 1725 excusat,qucdintempestiuaacminusoequainipsum
999 1662 1063 1719 quac
1088 1647 1117 1703 in
1146 1649 1289 1722 Cypriano
1313 1670 1370 1708 non
1395 1654 1539 1725 probavit,
1565 1656 1616 1711 sed
1643 1657 1742 1728 potius
1762 1657 1816 1715 velo

122 1740 211 1798 luerit
223 1739 362 1811 Stephani
378 1740 483 1813 agendi
501 1740 598 1797 ratic?
612 1742 702 1796 Totus
718 1739 886 1796 minuendis
910 1756 943 1796 ac
999 1736 1151 1793 charitatis
1159 1743 1188 1794 ct
1198 1738 1305 1795 silentii
1314 1742 1494 1799 obvolvenda
1505 1744 1815 1819 censuitnugustiaos,

122 1829 416 1902 elevandisCypriani
427 1829 531 1885 erratis
542 1827 944 1901 vacabatltugnstinus.Nihil
998 1823 1118 1881 veridici
1133 1827 1267 1883 dicamus
1278 1829 1314 1885 ab
1330 1830 1394 1901 ipso
1411 1847 1468 1887 non
1484 1831 1557 1889 adeo
1572 1834 1667 1891 luisse
1694 1834 1814 1907 laudata,

122 1919 190 1975 novi
213 1918 334 1975 dixisset
362 1917 437 1974 hanc
460 1919 676 1975 excusationem
701 1917 857 1973 afferendo.
878 1916 944 1973 iam
999 1917 1032 1969 ut
1047 1913 1076 1969 iu
1091 1914 1149 1971 illis
1165 1918 1453 1992 praecipuaCy·prieni
1470 1922 1637 1981 sanctitatis
1652 1925 1815 1983 fundamina

121 2008 273 2082 praeiverat
287 2007 350 2079 ipse
364 2006 540 2080 Cyprianus,
560 2007 611 2079 qui
635 2008 768 2063 eamdem
794 2006 943 2064 attulerat.
1000 1999 1146 2059 locaverit.

121 2097 216 2162 Quare
230 2112 298 2169 ergo
309 2094 609 2170 Cyprianijudicium,
623 2096 701 2167 quod
713 2096 786 2151 tanti
809 2094 944 2164 iaciebat,
1035 2090 1074 2147 lla
1089 2094 1251 2165 haugustino
1267 2114 1370 2153 rursus
1386 2098 1533 2171 percipere
1557 2100 1723 2175 iubetque
1742 2104 1814 2161 luent

122 2184 177 2242 hac
201 2185 232 2241 in
248 2188 330 2257 parte
345 2201 402 2241 non
418 2184 571 2257 sequitur?
585 2184 615 2240 Si
631 2200 697 2239 vera
710 2182 792 2255 loqui
808 2184 946 2240 claudiae
999 2179 1068 2235 editi
1084 2197 1101 2235 a
1115 2181 1262 2255 Stephano
1284 2186 1420 2258 praecepti
1444 2188 1577 2260 equitas,
1603 2195 1635 2246 et
1658 2208 1696 2247 aa
1722 2194 1813 2250 meritc

122 2272 228 2347 placet.
239 2272 340 2330 Talem
352 2290 411 2329 noa
422 2272 533 2329 censuit
545 2273 737 2344 Augustinus,
752 2271 867 2345 qualem
884 2273 944 2327 exi·
999 2270 1056 2342 ipsi
1072 2270 1210 2328 restiterit
1225 2273 1397 2346 Cyprianus.
1414 2276 1475 2333 litai
1484 2278 1683 2350 augustinum
1698 2282 1814 2339 ulmodo

123 2362 263 2419 stimabat
273 2362 434 2435 Cyprianus
444 2361 583 2434 Stephani
595 2362 699 2433 agendi
712 2361 862 2429 rationem,
872 2360 944 2417 aiio·
998 2360 1181 2426 videbamus,
1195 2367 1351 2419 retractare
1361 2382 1393 2421 se
1404 2365 1481 2422 nelle
1499 2383 1533 2423 ac
1551 2369 1703 2439 preterire
1723 2370 1814 2427 meiim

124 2450 196 2523 quin
209 2450 280 2523 quin
297 2467 349 2523 pro
359 2455 498 2522 suscepta
507 2450 642 2523 Cypriani
651 2450 877 2511 detensionetot
887 2448 946 2505 alia
999 2465 1065 2505 esse
1075 2450 1256 2521 proliteatur,
1267 2468 1330 2525 quae
1341 2454 1503 2527 Cyprianus
1512 2455 1543 2512 io
1554 2456 1681 2528 Epistola
1691 2462 1730 2516 oct
1743 2461 1814 2517 Posa-

124 2538 565 2613 aliegavitetexcogitavit,iliud
577 2540 703 2611 proiecto
717 2556 774 2595 non
784 2538 944 2610 omisisset,
999 2542 1090 2611 peiueu
1102 2562 1115 2587 n
1128 2538 1259 2597 irritatus
1271 2564 1284 2589 ι
1295 2541 1324 2596 in
1336 2541 1519 2615 Stephanum
1532 2567 1546 2595 a
1556 2544 1714 2617 effuderat,
1728 2566 1815 2621 nque·

125 2630 203 2703 quod
214 2628 376 2703 Cyprianus
386 2629 449 2702 ipss
461 2645 512 2701 pro
523 2645 577 2685 suo
587 2627 814 2700 resistendijure
829 2645 885 2684 nen
900 2644 946 2684 se·
1001 2627 1069 2683 dam
1080 2633 1176 2684 tamen
1186 2629 1279 2685 axilla
1290 2630 1443 2703 decerpere
1458 2649 1491 2690 ao
1504 2634 1614 2691 reterre
1635 2636 1741 2703 voluit,
1763 2656 1815 2711 qus

124 2718 182 2775 mei
198 2718 370 2775 adduxerat.
1001 2716 1127 2771 maxime
1138 2719 1336 2789 aptaerantad
1348 2720 1528 2791 probandam
1534 2724 1647 2780 conditi
1656 2726 1816 2799 aStephane

160 2810 287 2864 'santum
297 2807 380 2864 abest
393 2810 425 2863 ut
433 2806 567 2879 Cypriani
579 2806 609 2862 in
622 2806 762 2879 Stephani
782 2806 887 2877 agendi
903 2824 946 2863 ra·
1001 2805 1136 2877 praecepti
1152 2807 1331 2878 aequitatem,
1347 2814 1376 2865 et
1390 2808 1568 2883 culpandam
1584 2812 1726 2887 Cypriani
1746 2818 1815 2873 inch-

128 2895 237 2953 tionem
249 2894 334 2967 quasi
346 2894 444 2951 minus
455 2912 568 2967 aquam
579 2912 613 2951 uc
625 2895 803 2953 moderatam
819 2894 946 2969 querelis
1001 2896 1224 2965 temperantiam
1237 2914 1245 2963 ;
1261 2896 1289 2951 in
1304 2914 1360 2971 que
1383 2899 1482 2955 mirari
1498 2902 1571 2957 satis
1586 2918 1647 2959 noa
1670 2922 1817 2977 possumus

127 2984 264 3041 assentiri
275 3001 307 3040 se
318 3000 403 3056 posse
413 2983 567 3039 crediderit
578 2986 774 3057 Augustinus,
785 2989 818 3041 ut
828 3002 878 3041 eas
889 3002 946 3042 nun
1002 2983 1207 3055 augustiniani
1223 2985 1280 3042 vim
1296 2987 1406 3059 ingenii
1422 3005 1455 3044 ac
1478 2989 1587 3047 mantis
1603 2996 1816 3067 perspicaciam,

125 3090 213 3145 posue
227 3072 284 3128 nisi
300 3073 458 3144 improbari
476 3073 693 3146 significaverit,
722 3072 948 3130 steenuissimus
1003 3070 1050 3127 cui
1064 3072 1106 3128 vel
1122 3071 1330 3145 ipsattppriani
1346 3077 1523 3135 documenta
1534 3082 1711 3139 suffecerint
1723 3086 1759 3141 ad
1776 3085 1817 3142 ds·

123 3159 756 3235 ticetCyprianidalensor.Expendensenim
767 3161 947 3235 Cypriauind
963 3146 985 3211 C
1004 3162 1226 3219 monstrandam
1242 3162 1335 3235 ipsius
1351 3164 1523 3222 resistentie
1537 3166 1650 3227 labem.
1667 3172 1740 3229 Cum
1750 3174 1817 3229 enim

123 3250 294 3323 Pompeium
305 3250 501 3323 epistolam,in
513 3268 571 3325 qua
580 3257 608 3307 ct
618 3253 737 3324 quidem
748 3252 811 3309 sela
822 3250 944 3309 [tomani
999 3249 1160 3322 Cyprianus
1168 3251 1306 3323 Stephani
1320 3259 1494 3327 praeceptum
1506 3272 1584 3329 egre
1594 3258 1695 3317 terens
1704 3262 1733 3317 in
1742 3262 1818 3319 citata

121 3340 270 3413 pontilicis
285 3340 389 3413 agendi
405 3340 548 3396 rationem
563 3339 717 3397 vellicabat
735 3340 944 3411 Carthaginen—
998 3338 1033 3393 aa
1043 3339 1201 3411 Pompeium
1216 3340 1340 3412 epistole
1350 3342 1470 3400 dixisset
1492 3346 1700 3421 «Episcopum
1719 3352 1816 3408 docibi-

121 3432 163 3487 sis
178 3430 311 3497 antistes,
326 3430 434 3486 diserte
449 3431 621 3501 pronuntiat
635 3446 669 3486 ca
683 3430 782 3486 omnia
806 3447 869 3502 qua·
892 3432 944 3504 Cy·
998 3424 1056 3482 lem
1067 3444 1131 3483 esse
1143 3428 1259 3497 debere,
1270 3435 1299 3485 et
1310 3447 1368 3486 non
1379 3436 1494 3487 tantum
1506 3433 1623 3505 docere,
1636 3439 1689 3494 sed
1698 3440 1815 3497 etdisce·

121 3520 243 3593 prianus
258 3536 291 3575 eo
306 3518 361 3573 ioci
377 3523 478 3575 contra
505 3518 686 3590 Stephanum
702 3519 868 3590 scripserat,
885 3536 942 3575 non
997 3532 1028 3571 re
1039 3514 1120 3571 illum
1133 3522 1275 3587 oportere,
1288 3540 1302 3568 ιι
1317 3520 1376 3577 baec
1386 3519 1520 3593 Cypriani
1530 3524 1621 3581 verba
1632 3528 1723 3584 retert
1735 3533 1813 3601 atquc

121 3606 351 3680 hominispacati
362 3624 394 3663 ac
405 3607 570 3675 aaroni,acd
580 3608 707 3663 «irritati
717 3630 730 3659 ι
744 3608 833 3665 lauisse
843 3608 940 3678 uerba,
997 3604 1287 3680 probatbugustinus
1297 3608 1398 3680 (astat
1409 3608 1465 3666 elio
1475 3626 1547 3667 sane
1559 3628 1652 3685 quam
1663 3614 1812 3690 Cyprianus

121 3713 185 3770 qua
195 3696 294 3752 minus
309 3697 354 3751 sui
370 3712 489 3769 compos
506 3713 563 3752 non
578 3696 673 3753 sobrie
688 3714 721 3753 ac
734 3698 860 3769 graviter
876 3714 942 3769 pro·
996 3694 1103 3765 spiritu
1114 3700 1143 3750 et
1153 3711 1255 3769 scopo;
1266 3696 1428 3770 Cyprianus
1438 3698 1704 3777 enimepiscopnm
1714 3708 1811 3763 docibi-

39 3838 47 3847 .
120 3784 291 3853 tulerit,aed
303 3808 317 3837 ιι
328 3785 476 3854 eliuderit;
491 3806 506 3835 n
522 3785 581 3842 imo
592 3785 631 3841 ila
645 3784 941 3858 moderationisqui·
996 3781 1054 3837 lem
1069 3799 1133 3839 esse
1148 3783 1388 3853 deheredicebat,
1400 3790 1433 3841 ut
1448 3788 1618 3847 ostenderet
1639 3793 1809 3868 Stephanum

121 3875 174 3933 tati
190 3890 223 3931 ac
236 3873 371 3931 charitati
392 3890 495 3947 parum
511 3890 648 3946 consona,
676 3878 709 3929 ut
726 3872 797 3929 talia
821 3875 940 3939 inerint.
995 3873 1152 3944 praecipere
1163 3878 1277 3929 tantum
1292 3890 1326 3930 ac
1336 3875 1439 3931 decere
1452 3893 1508 3934 non
1520 3878 1809 3951 debuisse,sedetiam

120 3962 941 4036 «queuenlevissedperniciosadiasensionispericulum
995 3962 1107 4019 discere
1119 3978 1152 4018 ac
1168 3962 1292 4018 aliorum
1308 3964 1471 4022 rationibus
1486 3966 1648 4027 docibilem
1665 3988 1729 4029 sese
1746 3990 1808 4045 prs·

121 4053 304 4119 habueruut;
320 4074 333 4103 u
354 4052 478 4125 ideoque
497 4051 666 4109 nuliatenus
680 4069 714 4108 ea
728 4068 875 4121 excusare,
893 4068 940 4107 na·
994 4051 1079 4119 bcre;
1092 4052 1273 4123 Augustinus
1288 4058 1406 4109 econtra
1434 4054 1485 4111 itia
1507 4057 1647 4129 Cypriani
1676 4063 1807 4119 sententia

119 4142 190 4199 dum
202 4140 444 4215 probarevalens,
454 4158 510 4198 ea«
525 4140 786 4213 praeteriremctius
797 4158 859 4197 esse
869 4164 883 4193 ιι
897 4141 942 4198 vir
994 4140 1097 4206 utitur,
1112 4145 1144 4195 ut
1157 4141 1292 4197 ostendat
1307 4159 1364 4199 non
1378 4143 1559 4215 Stephanum
1576 4146 1714 4221 Cypriani
1731 4166 1806 4223 argu·

118 4231 280 4291 christiana
293 4231 434 4288 charitate
451 4230 575 4287 maxime
591 4230 730 4303 praeditus
747 4231 937 4303 pronuntiat:
994 4228 1112 4299 mentia,
1128 4230 1178 4285 aed
1191 4230 1367 4302 Cyprianum
1382 4231 1522 4305 Stephani
1547 4243 1696 4311 praecepte
1710 4238 1806 4295 docibi-

116 4338 154 4379 en
170 4320 326 4395 Augustini
342 4321 448 4377 verba:
465 4344 479 4371 a
496 4320 561 4376 iarn
578 4318 628 4375 ills
643 4337 706 4391 que
718 4319 747 4374 in
760 4319 939 4391 Sta-phanum
993 4317 1050 4374 lem
1067 4335 1131 4374 esse
1146 4319 1294 4385 debuisse,
1310 4342 1325 4370 ι(
1342 4320 1422 4393 quia,
1437 4321 1546 4394 inquait,
1563 4328 1688 4385 recitate
1702 4328 1750 4386 illc
1763 4332 1805 4402 Cy·

115 4410 249 4467 irritatus
259 4410 363 4465 effudit
372 4409 557 4483 (Cyprianus)
573 4413 728 4465 retractare
739 4407 816 4479 nolo,
827 4408 897 4481 quia
911 4414 940 4466 ct
992 4408 1087 4479 priani
1104 4407 1199 4475 elicto,
1216 4409 1294 4464 siccut
1309 4408 1402 4465 muita
1416 4416 1499 4467 erant
1512 4429 1577 4485 qun
1587 4415 1803 4492 dectuscypria-

116 4502 331 4571 noncpusest:
349 4496 936 4571 eadamquippeipsadicunturquaejmn
954 4515 977 4581 D
992 4512 1049 4553 noa
1064 4497 1189 4563 doceret,
1213 4496 1255 4554 sic
1283 4503 1345 4554 erat
1365 4502 1394 4555 et
1415 4498 1527 4572 aliquid
1553 4505 1634 4576 quod
1657 4506 1803 4581 Cyprianus

115 4586 188 4644 satis
207 4587 342 4643 discussa
353 4591 432 4659 sunt,
444 4592 472 4643 et
482 4603 515 4643 ea
528 4586 674 4659 preterire
686 4585 790 4643 melius
801 4592 856 4657 est,
872 4603 937 4658 qus
992 4584 1126 4641 docibilis
1141 4585 1275 4642 disceret.
1291 4608 1305 4637 ιι
1322 4588 1383 4653 Quo
1398 4604 1467 4661 ergo
1481 4590 1511 4645 in
1530 4594 1802 4669 negotioCyprianus

114 4674 935 4749 pernicicsaedissensionispericulumhabuerunly'll).e
991 4673 1184 4747 Stephanum,
1218 4674 1402 4748 augustinus
1439 4678 1620 4751 cyprianum
1663 4684 1801 4742 docibilem

114 4764 238 4822 Hiscere
250 4764 678 4838 verbisetngustinusostendit
693 4780 724 4819 se
742 4764 883 4835 Cypriane
898 4763 938 4818 vi·
990 4763 1094 4831 voluit,
1112 4763 1253 4835 quidhoc
1278 4764 1427 4837 significet
1452 4766 1508 4823 nisi
1532 4771 1712 4843 cyprianum
1731 4776 1801 4846 juxta

115 4851 937 4927 rilsmStepbaniagendirationcmcnrpcnlisuffragari?
990 4853 1187 4923 augustinum
1226 4853 1371 4925 Stephano
1412 4856 1527 4914 docenti
1570 4865 1602 4916 st
1640 4862 1799 4937 praecipienti

114 4944 197 4999 itane
210 4942 391 5015 significatS.
406 4940 672 5011 Doctoriliamsibi,
686 4942 770 4997 sicuti
783 4941 935 5013 Cypriane,
991 4940 1145 4997 docibilem
1161 4958 1225 4997 csse
1245 4942 1406 5001 debuisse?
1424 4960 1459 5001 ex
1484 4962 1544 5018 que
1568 4954 1652 5021 patet
1675 4952 1798 5025 Stephani

114 5032 349 5106 intempestivam
361 5032 499 5087 etminus
510 5048 623 5103 ecquam
634 5031 726 5086 visum
743 5030 857 5087 luisse?
872 5047 935 5103 que
990 5035 1169 5103 preceptum
1185 5030 1387 5103 aequissimum
1403 5035 1570 5108 Augustino
1591 5040 1689 5097 visum
1712 5042 1796 5097 luisse.

113 5126 212 5179 autem
227 5119 382 5194 Augustini
398 5120 486 5177 verba
500 5120 683 5191 exponimus,
700 5134 733 5175 ea
744 5119 936 5175 esseminimc
1025 5118 1369 5194 Cumautemltugustinc
1378 5122 1796 5195 potissimuminsistantaduar·

113 5216 210 5283 putes,
227 5228 293 5283 quas
307 5226 341 5266 ex
356 5208 421 5267 otiis
434 5208 565 5279 ejusdem
581 5210 610 5265 S.
627 5208 760 5265 Doctoris
780 5207 934 5280 temperari
989 5208 1059 5264 sarii
1075 5208 1178 5276 nostri,
1194 5208 1263 5266 vitio
1287 5211 1372 5267 nobis
1399 5227 1457 5269 non
1478 5213 1600 5271 dabitur
1623 5218 1649 5274 si
1672 5220 1702 5275 in
1719 5218 1795 5291 ipsius

113 5300 236 5371 possint.
250 5299 280 5354 Id
294 5298 372 5354 enim
384 5303 500 5354 tantum
512 5296 723 5364 leci,necalibi,
737 5296 874 5369 expendit
885 5312 936 5353 ex·
989 5301 1087 5353 mente
1097 5299 1268 5370 exponenda
1278 5298 1431 5371 paululum
1442 5302 1646 5365 immoramur.
1658 5300 1736 5373 Quot¹
1746 5306 1792 5363 luc

111 5386 569 5461 presse,1808quaeCyprianue
580 5386 609 5441 in
622 5383 802 5458 Stephanum
814 5385 931 5457 eliutiit,
989 5386 1049 5443 rint
1062 5386 1092 5441 in
1108 5388 1274 5444 excusando
1303 5389 1446 5462 Cypriane
1461 5390 1491 5447 S.
1509 5394 1641 5453 bectoris
1663 5398 1790 5471 ambages,

146 5525 188 5596 (a)
206 5526 265 5582 bib.
276 5544 295 5581 v
308 5528 341 5585 dc
355 5531 433 5602 Bopt.
449 5548 475 5587 ο.
485 5532 531 5586 23.
1024 5529 1080 5601 (11)
1095 5530 1132 5586 Da
1146 5532 1225 5602 Bapt.
1240 5535 1317 5586 cent.
1333 5531 1429 5587 bouet.
1445 5529 1497 5603 lib,
1513 5550 1541 5605 v,
1555 5550 1583 5593 c.
1598 5536 1645 5597 25.

149 5596 207 5677 (10)
223 5598 295 5656 ibid.
310 5616 335 5656 ο.
349 5602 395 5657 25.
1023 5602 1081 5677 (12)
1096 5602 1159 5659 bih.
1175 5601 1346 5679 vchupt„
1360 5618 1426 5681 cap·
1440 5603 1490 5685 sc,
