3900 6112
129 288 188 351 901
616 272 867 341 NOVA‘tlANUS
888 274 1126 341 PRESBYTER
1146 278 1352 345 ROMANUS.
1782 284 1841 353 ⁸⁰8

128 415 202 471 torte
216 416 261 470 est
274 405 324 481 ᾅδῃ
337 410 502 482 (internus),
514 424 653 483 magnum
664 405 737 464 illud
753 426 769 464 c
784 408 954 481 corporibus
969 412 993 479 Α
1010 414 1140 467 nostram
1156 412 1354 485 proteruntur,
1369 429 1404 468 ex
1417 411 1551 483 consilio,
1568 428 1626 470 non
1640 430 1676 472 ex
1689 414 1776 488 vitio,
1790 432 1841 475 vc·

129 503 332 561 decedentium
349 500 513 557 animarum
532 496 746 570 receptaculum
763 500 830 570 (95).
1011 506 1127 558 nerunt.
1145 503 1223 556 Harae
1236 517 1301 570 erpo
1316 502 1411 571 nrum,
1424 501 1571 557 concludit
1579 502 1762 561 Novatianus
1773 505 1841 581 (99),

164 594 245 649 Siren
268 590 484 663 simplicitatem
512 588 559 641 ibi
584 588 736 659 corruentia
759 588 842 643 docet
864 588 956 643 Nova·
1012 592 1300 647 novitetveneratnr
1325 590 1462 662 llcciesia,
1482 592 1529 648 cui
1553 594 1761 652 testimonium
1777 596 1842 651 rad·

127 683 228 741 tisnus
243 681 298 753 (96)
312 698 319 736 :
335 703 349 729 «
366 678 417 735 Est
436 678 559 747 simplas·
578 678 676 748 (ricus)
691 680 718 730 et
733 675 796 732 eine
818 676 878 731 ulla
893 692 957 733 cer·
1012 679 1054 734 dit
1076 684 1137 733 tam
1161 677 1364 746 invisibilium,
1389 695 1478 750 quem
1502 681 1592 736 etiam
1614 681 1794 751 visibilium,
1813 686 1843 740 et

128 786 217 845 porea
244 768 460 827 concretione...
500 765 737 838 quandoquidem
767 765 889 837 spiritus
919 766 958 823 sit
1011 783 1137 840 semper,
1153 772 1182 823 et
1197 773 1482 840 totanature,quem
1493 768 1594 843 Angeli
1608 770 1746 841 adorant,
1758 787 1843 829 meus

129 861 236 919 dictus.
254 881 268 910 »
283 859 318 915 itt
331 858 401 913 dum
418 857 568 928 Scriptura
584 855 640 909 Deo
655 854 758 910 tribuit
772 854 882 923 oculos,
894 856 959 911 bra·
1012 856 1143 912 humana
1158 857 1255 924 sentit,
1272 856 1322 926 qui
1340 856 1527 930 protoplastis
1541 864 1655 915 aeterne
1670 860 1738 915 vitae
1754 876 1841 918 mun-

129 949 206 1022 cbia,
221 963 339 1013 manus,
353 946 453 1018 pedes,
464 944 579 1015 aliaque
592 943 712 1000 humaui
725 944 853 1016 corporis
866 960 957 999 mem-
1012 946 1082 1001 dum
1098 946 1254 1018 quemdam
1268 946 1439 1002 Paradisum
1455 946 1486 1001 in
1496 948 1611 1004 Oriente
1626 949 1844 1022 eonstituittl),

129 1039 192 1107 brs,
203 1054 260 1095 neu
272 1035 399 1092 intendit
409 1035 458 1091 Dei
474 1034 630 1090 essentiam
648 1034 819 1105 exprimere,
835 1034 958 1105 ejusque
1012 1034 1140 1091 atriorem
1150 1037 1214 1092 crite
1223 1037 1381 1107 plantaria·
1390 1037 1583 1094 scientiaeboni
1590 1040 1696 1095 ctmoti
1705 1038 1844 1096 similiter

128 1144 227 1186 ueram
243 1124 328 1182 nobis
340 1129 547 1196 repraesentare
567 1127 714 1189 naturam,
730 1122 780 1176 sed
797 1121 957 1178 solummo·
1012 1123 1133 1180 alteram
1151 1125 1285 1179 arborem
1301 1124 1451 1181 collocavit
1462 1143 1469 1193 ;
1481 1127 1653 1183 mandatum
1664 1128 1759 1195 dedit,
1776 1144 1843 1184 sen·

129 1218 167 1273 do
196 1231 262 1272 eum
293 1213 335 1270 sic
363 1228 532 1285 proponere,
560 1210 676 1284 qualem
702 1228 803 1283 capere
828 1210 958 1267 humana
1012 1213 1134 1269 tentiam
1151 1218 1250 1268 contra
1275 1213 1414 1270 delictum
1438 1216 1587 1272 statuit...
1604 1216 1632 1273 Is
1656 1217 1760 1290 (Deus)
1776 1234 1842 1291 pro·

129 1322 215 1363 mens
230 1307 342 1377 potest:
358 1307 420 1360 Non
440 1302 572 1373 quomodo
596 1302 666 1357 Deus
681 1310 743 1355 crnt
766 1300 812 1357 scd
827 1300 958 1371 qriornodo
1013 1302 1115 1375 phetas
1129 1301 1237 1374 spiritu
1254 1302 1404 1369 instruxit,
1424 1308 1452 1359 et
1474 1320 1525 1377 por
1540 1304 1594 1362 hos
1617 1322 1723 1363 omnes
1739 1307 1843 1363 Filium

127 1395 245 1469 populas
272 1395 484 1464 capcrcpoterot
511 1389 586 1459 (97),
618 1393 649 1444 ut
675 1388 765 1462 igitur
793 1387 854 1444 hec
879 1390 902 1443 si
923 1389 958 1444 de
1012 1406 1100 1445 suum
1116 1390 1262 1446 Christum
1279 1390 1457 1464 repromisit,
1473 1398 1501 1449 et
1524 1395 1641 1465 quande
1656 1394 1844 1452 daturumse

130 1484 190 1541 Deo
205 1482 349 1549 dicantur,
366 1496 423 1536 aon
435 1478 503 1547 ileo,
518 1478 595 1533 880
606 1478 655 1533 scd
668 1477 774 1549 populo
790 1478 888 1550 potius
903 1478 957 1531 im·
1012 1480 1218 1551 spoponderat,
1237 1480 1329 1543 misit,
1346 1496 1493 1552 perquem
1511 1482 1595 1537 nobis
1605 1482 1634 1538 in
1651 1482 1789 1539 notitiam
1800 1500 1847 1538 re·

130 1575 268 1647 putetur:
295 1571 354 1627 Non
382 1569 469 1638 igitur
496 1567 642 1623 mediocris
671 1568 752 1634 Dans,
779 1567 828 1622 sed
857 1566 957 1639 populi
1014 1569 1075 1624 nire
1090 1567 1192 1634 volarit,
1208 1573 1237 1623 et
1251 1568 1280 1622 in
1298 1585 1351 1624 nos
1367 1569 1556 1642 indulgentie
1570 1589 1630 1627 sua
1645 1573 1732 1629 sinus
1746 1571 1843 1645 larges

129 1659 285 1719 mediocris
299 1664 343 1715 est
357 1674 473 1714 seusus.
485 1679 499 1707 o
516 1656 566 1711 Cui
582 1654 812 1728 praeclarissime
826 1657 961 1711 observa·
1013 1657 1153 1729 proludii,
1178 1658 1277 1729 egenis
1300 1657 1472 1730 locupletem
1497 1661 1638 1732 Spiritum
1655 1663 1843 1719 conterendo.

130 1750 204 1806 ticni
220 1748 373 1821 subjungit
395 1746 584 1813 Novatianue,
605 1744 785 1818 scripturam
800 1761 852 1817 per
867 1760 958 1800 mem·
974 1739 997 1803 Β
1013 1746 1085 1802 881
1105 1750 1139 1801 ec
1154 1748 1225 1817 quia
1238 1746 1314 1802 ultro
1329 1752 1357 1802 et
1373 1748 1471 1820 largus
1486 1754 1515 1803 et
1529 1750 1624 1807 bonus
1638 1755 1695 1819 est,
1711 1768 1749 1808 ne
1766 1757 1843 1810 tetus

129 1840 183 1897 bra
199 1856 256 1896 non
280 1836 443 1911 corporalia
467 1836 651 1907 lincamenta,
677 1836 727 1891 sed
752 1834 881 1891 diversas
906 1835 955 1891 Ilei
1012 1835 1059 1891 hic
1075 1835 1153 1892 orbis
1169 1853 1288 1892 aversus
1303 1837 1403 1909 gratia
1419 1838 1483 1909 ejus
1494 1838 1669 1897 fluminibus
1685 1846 1840 1914 aresceret,

130 1928 314 2002 operationes
328 1927 500 1984 ostendere:
522 1924 658 1981 efficaciae
681 1925 773 1997 igitur
798 1924 836 1980 ibi
852 1924 957 1979 divinis
1012 1924 1160 1995 apostolos
1172 1925 1356 1981 institutores
1367 1926 1395 1980 in
1414 1930 1507 1982 totum
1522 1928 1623 1983 orbem
1635 1929 1713 1985 mitti
1730 1948 1783 2001 per
1796 1931 1840 1987 Fi·

128 2035 182 2094 per
196 2018 329 2075 membra
343 2020 554 2072 monstrentur.
571 2036 585 2066 «
602 2013 675 2069 Nam
695 2017 804 2069 etcum
819 2012 894 2069 oculi
910 2013 958 2068 de·
1011 2013 1085 2069 lium
1100 2030 1187 2069 suum
1204 2012 1305 2079 voluit,
1316 2018 1348 2069 ut
1358 2014 1605 2087 conditiegeneris
1615 2017 1742 2075 humani
1753 2036 1840 2095 ague-

129 2107 308 2173 scribuntur,
325 2126 339 2155 r
363 2102 549 2178 prosequitur
571 2103 648 2157 idem
673 2101 833 2175 presbyter,
847 2124 862 2152 «
879 2101 957 2173 quod
1012 2106 1105 2159 sceret
1119 2102 1347 2169 institutionem,
1363 2104 1426 2160 etsi
1438 2104 1520 2177 sequi
1534 2104 1697 2176 maluisset,
1709 2108 1841 2178 haberet,

129 2195 229 2254 omnia
242 2195 351 2263 audiat,
367 2191 550 2266 exprimitur.
568 2192 603 2246 ct
618 2192 734 2263 quando
746 2191 835 2257 auris,
848 2214 861 2241 «ι
879 2191 956 2262 quod
1012 2208 1096 2261 quem
1114 2208 1165 2263 pro
1182 2196 1238 2246 Deo
1252 2191 1281 2247 in
1303 2192 1365 2247 suis
1375 2192 1438 2263 jam
1462 2193 1712 2265 postulationibus
1728 2198 1840 2256 Patrem

130 2284 230 2345 emnia
244 2284 349 2350 videet,
364 2280 545 2355 proponitur.
566 2281 600 2335 ut
615 2296 680 2335 cum
707 2280 828 2352 digitus,
845 2278 956 2351 signill-
1012 2282 1159 2338 diceret·
1179 2280 1258 2336 Hanc
1282 2280 1331 2335 ssei
1354 2282 1477 2352 ejusque
1498 2282 1665 2340 divinarum
1687 2287 1840 2359 proiectic-

129 2373 227 2431 cautia
242 2370 376 2445 quedam
389 2370 548 2427 voluntatis
572 2368 703 2442 aperitur
717 2386 723 2437 ;
741 2375 769 2425 et
783 2367 825 2425 sic
840 2368 875 2424 de
891 2367 957 2423 reli·
1013 2387 1083 2425 num
1097 2370 1191 2425 ideam
1208 2369 1342 2442 perbibet
1363 2370 1552 2428 Novatianus.
1574 2372 1736 2431 Videamus
1757 2377 1839 2433 mede

130 2462 324 2536 quietisque
348 2460 426 2515 enim
454 2458 479 2515 ei
505 2462 556 2513 aut
580 2458 722 2528 membra,
746 2460 796 2511 aut
811 2456 957 2512 membre·
1013 2476 1078 2532 quae
1092 2458 1189 2514 tradat
1201 2457 1263 2530 ipse
1278 2459 1356 2514 circa
1376 2461 1547 2532 mysterium
1562 2464 1761 2521 sanctissima
1776 2466 1841 2521 'l'ri-

131 2568 196 2609 rum
212 2551 308 2608 cilicia
331 2552 401 2604 sunt
429 2547 604 2617 neccssaria,
631 2548 666 2602 ad
692 2547 777 2618 cujus
801 2546 896 2601 selum
901 2586 956 2601 .....
1012 2548 1123 2605 nitatis.

131 2640 296 2711 arbitrium,
321 2642 350 2695 et
372 2637 512 2708 serviunt,
541 2641 569 2691 et
593 2636 702 2692 adsunt
726 2635 868 2691 omnia.»
900 2634 958 2689 Gur
1011 2659 1176 2713 Afflcuws
1204 2654 1238 2709 Π,
1266 2686 1298 2695 -
1316 2657 1448 2711 Domina
1474 2656 1622 2713 pompam·
1649 2659 1684 2715 ,u
1711 2664 1840 2735 mmm

130 2731 209 2787 enim
225 2727 355 2801 requiret
369 2725 479 2795 oculos,
497 2725 547 2798 qui
563 2724 613 2780 lux
624 2724 691 2780 est‘l
708 2725 765 2779 Aut
780 2739 832 2779 cur
846 2726 957 2795 querat
1220 2751 1222 2755 ·
1317 2726 1367 2781 SS.
1386 2728 1533 2784 Trinitatis.

129 2819 227 2892 pedes,
244 2816 294 2890 qui
310 2816 419 2889 ubique
435 2814 502 2871 esti
516 2816 573 2870 Aut
587 2831 639 2869 cur
650 2830 754 2868 munus
768 2816 893 2885 expetat,
910 2830 958 2869 cu·
1050 2840 1063 2867 a
1079 2815 1190 2889 Regula
1205 2815 1293 2887 exigit
1314 2815 1456 2882 veritatis,
1477 2816 1574 2889 inquit
1594 2818 1779 2879 Novatianus
1793 2824 1838 2895 (2),

126 2908 178 2980 J‘us
193 2923 277 2962 mens
292 2905 328 2961 ad
338 2903 436 2961 omnia
446 2903 625 2958 instituenda
640 2901 744 2957 artilex
754 2907 807 2969 est,
824 2905 852 2957 et
867 2901 958 2957 silens
1012 2910 1045 2962 at
1059 2907 1153 2979 primo
1165 2904 1296 2960 omnium
1307 2905 1462 2961 credemus
1472 2904 1502 2961 in
1513 2905 1603 2962 Deum
1616 2907 1783 2967 Patrem...
1793 2912 1841 2968 iia·

130 2995 289 3053 veluntas?
304 2994 361 3050 Noc
378 2994 499 3049 auribus
514 2994 646 3065 eget,qui
660 2992 761 3047 tacitas
777 2992 866 3047 etiam
880 2990 959 3046 novit
1013 2998 1077 3051 dem
1095 2994 1195 3066 regula
1209 2995 1350 3061 veritatis,
1369 3018 1379 3043 ι
1404 2995 1498 3067 pergit
1522 2994 1570 3051 ille
1584 2996 1634 3067 (3),
1659 3021 1673 3049 a
1690 3000 1778 3057 docet
1790 3018 1838 3057 nos

131 3085 306 3142 voluntates.
334 3085 389 3140 lut
416 3088 535 3155 propter
563 3098 650 3153 quam
677 3096 797 3136 causum
825 3079 954 3153 lingnam
971 3110 993 3177 C
1012 3084 1128 3141 credere
1144 3087 1209 3155 post
1221 3087 1334 3138 Patrem
1347 3082 1376 3137 in
1392 3082 1495 3139 Filium
1506 3084 1557 3140 Dei
1572 3084 1728 3145 Christum
1739 3088 1835 3146 Jesurn

131 3177 252 3247 queret,
268 3195 283 3224 α
299 3170 345 3227 cui
360 3172 486 3244 cogitare
493 3170 620 3242 jussisse
634 3172 726 3225 esti«
743 3170 896 3226 fateamur
911 3168 957 3223 in·
1011 3172 1167 3228 Dominum
1184 3172 1273 3228 Deum
1295 3176 1439 3227 nostrum.
1455 3194 1469 3221 υ
1487 3173 1629 3242 Tandem,
1646 3193 1739 3250 prope
1754 3178 1834 3235 tinem

128 3260 421 3339 genue,0mnashas
441 3260 521 3315 ideas
542 3257 741 3315 nobilissimas
767 3257 957 3314 acsublimes
1010 3263 1142 3332 ejusdem
1170 3262 1334 3329 Tractatue,
1364 3278 1499 3333 expresse
1527 3264 1627 3333 tradit,
1653 3266 1762 3324 debere
1788 3284 1833 3324 uos

129 3370 204 3421 esse,
221 3352 326 3423 bisque
341 3348 489 3421 indigitari
505 3347 632 3403 auctoris
650 3345 799 3419 ingenium
816 3347 955 3403 eximium
1010 3350 1126 3406 credere
1143 3351 1172 3404 in
1187 3350 1327 3421 Spiritum
1344 3354 1490 3419 sanctum,
1507 3350 1577 3408 olim
1590 3352 1730 3412 Ecclesia
1746 3373 1831 3429 repro·

127 3442 258 3500 omnino.
274 3441 331 3496 Nec
347 3438 446 3494 minus
461 3438 544 3493 docte
559 3442 646 3509 atque
667 3436 815 3491 subtiliter
829 3437 955 3528 exponit,
1009 3440 1145 3509 ariacum,
1174 3438 1225 3493 sed
1252 3439 1369 3493 statutis
1385 3442 1549 3511 temporum
1565 3445 1827 3514 opportunitatibus

127 3548 185 3605 quo
214 3534 296 3603 pacto
318 3526 501 3598 interpretari
529 3530 661 3598 oporteat
690 3523 851 3597 passiones,
881 3542 955 3596 quas
1009 3527 1156 3583 redditum
1184 3528 1242 3599 (tiz
1274 3527 1358 3582 «Sed
1387 3527 1551 3585 enimorde
1580 3530 1706 3589 rationis
1728 3531 1828 3590 attidci
1879 3538 1881 3547 '

124 3620 276 3693 Scriptura
292 3624 347 3673 tteo
372 3619 499 3673 tribucre
523 3616 638 3671 videtur
652 3618 691 3668 ita
714 3614 861 3670 disserens
876 3616 952 3685 (aar
1008 3616 1169 3671 auctoritas
1184 3616 1304 3687 digestis
1314 3616 1433 3672 vocibus
1449 3622 1477 3673 et
1489 3616 1593 3674 litteris
1605 3619 1726 3677 Domini
1741 3623 1824 3678 admo

123 3709 236 3775 «Quod
270 3708 294 3763 si
314 3707 362 3764 Dei
391 3704 557 3761 iracundias
585 3702 953 3775 legimus,etcdiarelata
1008 3711 1058 3759 not
1073 3721 1126 3759 nos
1141 3709 1207 3776 post
1228 3704 1288 3759 bec
1310 3705 1426 3761 credere
1449 3706 1537 3761 etiam
1561 3706 1590 3762 in
1611 3709 1755 3780 Spiritum
1769 3728 1821 3767 sun·

123 3796 322 3872 agnoscimus,
338 3812 395 3852 non
408 3800 505 3851 tamen
517 3794 576 3848 hec
588 3791 780 3863 intelligimus
797 3792 831 3847 ad
847 3791 952 3847 huma-
1007 3799 1097 3849 ctunr.
1111 3815 1125 3842 »
1136 3793 1230 3849 ilabes
1243 3793 1332 3865 igitur
1343 3794 1523 3851 tresdivinas
1532 3811 1676 3869 persensa
1686 3799 1820 3873 perspicus

122 3904 227 3943 norum
252 3885 343 3943 relata
371 3900 436 3941 esse
463 3882 596 3955 exempla
621 3880 777 3947 vitiorum;
801 3880 953 3953 passiones
1007 3882 1205 3939 aNovatiano
1230 3882 1394 3948 distinctas,
1420 3883 1471 3955 qui
1496 3883 1583 3956 paulo
1607 3886 1687 3943 iutra
1710 3886 1818 3944 hecbe-

122 3976 202 4035 euim
217 3976 281 4032 istas
303 3975 333 4030 in
358 3972 528 4031 hominibus
553 3969 657 4026 merito
681 3970 822 4035 dicentur,
847 3968 877 4023 in
893 3969 951 4025 Deo
1006 3971 1055 4026 bet
1068 3972 1107 4042 (5)
1121 3987 1127 4027 :
1146 3994 1156 4020 ι
1175 3971 1210 4026 ut
1223 3969 1284 4026 brec
1299 3971 1417 4042 quidem
1442 3972 1477 4029 de
1492 3972 1586 4045 Patre,
1611 3976 1693 4033 etde
1708 3975 1818 4044 Filio,st

122 4082 182 4123 nou
198 4064 302 4121 merite
323 4062 554 4135 judicabuntur;
572 4058 717 4128 corrumpi
730 4057 808 4113 enim
825 4074 876 4130 per
891 4058 950 4115 hec
1006 4061 1041 4115 de
1055 4059 1163 4131 Spiritu
1191 4063 1303 4116 sancto.
1330 4082 1345 4109 o
1360 4060 1399 4115 Ex
1424 4061 1532 4134 quibus
1547 4064 1672 4131 eruitur,
1698 4082 1750 4140 per
1761 4079 1816 4120 con·

121 4150 210 4210 homo
226 4156 332 4226 petest,
348 4152 419 4225 quia
439 4149 585 4221 corrumpi
608 4154 721 4219 potest;
738 4148 884 4219 cor-rurrrpi
902 4164 952 4219 per
1001 4150 1183 4219 junctionem
1201 4174 1212 4201 ι
1226 4155 1264 4217 at,
1278 4172 1291 4197 »ι
1302 4148 1389 4204 sicuti
1404 4156 1433 4205 et
1445 4167 1496 4221 per
1506 4151 1677 4209 adverbium
1694 4155 1816 4210 «etiarn¹

120 4242 268 4300 bascileus
279 4258 336 4298 non
348 4235 747 4315 potest,quiauoccorrunrpi
757 4239 852 4306 petest
862 4254 869 4304 ;
881 4253 949 4292 nam
1003 4243 1101 4294 textus
1116 4254 1206 4309 supra
1221 4236 1366 4309 recensiti,
1383 4237 1437 4293 hoc
1452 4239 1514 4295 lece
1526 4255 1696 4297 sermonem
1720 4258 1780 4298 esse
1790 4240 1818 4295 ds

119 4336 149 4388 et
162 4332 238 4404 quod
255 4330 391 4387 irascitur
404 4329 493 4399 Deus,
509 4343 567 4383 aaa
583 4343 618 4382 ex
631 4325 703 4380 vitio
718 4341 781 4395 eJus
795 4324 884 4393 venit,
897 4326 948 4383 sed
1003 4328 1098 4383 tribus
1123 4328 1255 4399 personis
1280 4325 1438 4394 distinctis,
1465 4343 1593 4400 querum
1618 4346 1680 4387 une
1705 4348 1759 4387 uon
1783 4332 1821 4385 est

119 4420 155 4477 ad
172 4421 333 4477 remedium
349 4425 481 4476 nostrum
503 4416 574 4473 illud
590 4416 677 4485 lacit3
694 4414 849 4488 indulgens
869 4416 947 4471 euim
1004 4415 1071 4472 alia.
1088 4415 1205 4471 Certum
1216 4414 1314 4487 itaque
1324 4416 1501 4487 firmumque
1512 4423 1621 4475 manet.
1637 4419 1819 4476 Novatisuum

116 4514 162 4566 cst
176 4509 263 4565 etiam
278 4513 360 4577 tunc,
375 4525 443 4565 cum
460 4507 602 4577 minatur,
617 4506 689 4561 dum
710 4520 761 4576 per
776 4504 836 4559 hec
851 4504 947 4560 homi·
963 4482 987 4547 D
1004 4504 1152 4561 anemius
1179 4502 1343 4560 insimulari
1368 4521 1463 4577 posse,
1488 4506 1565 4577 quod
1590 4509 1684 4564 errori
1698 4506 1823 4566 Scabellir
1879 4562 1881 4571 ,

117 4615 169 4655 nes
182 4600 217 4654 ed
233 4604 312 4655 recta
336 4602 496 4666 vocantur;
519 4612 587 4652 nam
612 4594 721 4666 quibus
741 4592 777 4648 ad
793 4592 945 4649 honestam
1003 4594 1104 4651 laverit
1119 4600 1172 4649 aut
1186 4591 1358 4665 praeluserit.
1374 4594 1429 4650 Sed
1445 4594 1514 4666 quid
1531 4596 1567 4653 de
1582 4597 1773 4655 Ananismet

114 4681 949 4753 vitemdcestratio,1netusestnecessarius,ut,quira·
1039 4684 1073 4739 ll.
1103 4682 1296 4738 Novatianum
1326 4681 1361 4738 de
1384 4683 1535 4741 Trinitatis
1559 4687 1703 4759 mysterio
1732 4710 1746 4739 a
1772 4703 1823 4743 nou

114 4774 225 4832 tionem
241 4775 435 4848 reliquerunt,
450 4774 493 4829 vel
509 4777 617 4827 terrore
635 4775 825 4837 nroveantur;
841 4774 871 4824 et
882 4770 946 4827 ideo
1001 4772 1073 4829 satis
1088 4775 1222 4827 accurata
1245 4786 1310 4826 essa
1333 4771 1474 4842 locutum,
1499 4772 1558 4829 ime
1582 4774 1716 4834 absurde
1740 4775 1827 4851 plera·

114 4880 219 4921 omnes
234 4865 306 4933 ista,
332 4864 374 4919 vel
399 4862 557 4917 iracundia
583 4858 643 4925 itai,
663 4857 708 4913 vel
729 4859 796 4914 odis
821 4859 879 4926 Dei,
901 4860 945 4916 vel
1001 4877 1057 4934 que
1072 4858 1237 4928 tradidisse,
1262 4881 1276 4911 »
1300 4859 1371 4916 dicit
1393 4861 1527 4919 Petavius
1552 4863 1612 4935 (6);
1637 4870 1669 4921 et
1692 4864 1826 4931 Sandius,

116 4969 309 5026 quecumque
324 4957 394 5007 sunt
416 4947 598 5021 bansmodi,
619 4946 690 5001 dum
717 4947 752 5002 ud
769 4947 945 5004 medicinam
1000 4949 1108 5006 Patavii
1120 4948 1243 5022 judicio,
1261 4953 1292 5005 ut
1311 4949 1396 5017 solet,
1418 4950 1543 5008 nimium
1570 4952 1718 5023 confisus,
1734 4956 1828 5030 ipsum

152 5115 208 5185 (95)
222 5111 323 5167 Norat.
353 5110 430 5165 Trcct
442 5108 475 5163 dc
498 5108 597 5163 trinit.
622 5121 685 5175 cap.
712 5107 737 5161 1.
764 5107 793 5162 ln
811 5108 943 5164 eamdem
1000 5108 1128 5181 admisit,
1144 5108 1219 5164 sicut
1232 5108 1413 5193 Theophilus
1427 5112 1638 5181 Antiocheuus,
1655 5132 1786 5190 quocum
1799 5120 1828 5175 in

114 5186 293 5243 sentemiam
311 5180 440 5263 plerique
458 5186 576 5235 t’atrum
589 5194 766 5234 concessere.
999 5183 1065 5239 aliis
1080 5181 1167 5237 etiam
1184 5182 1335 5237 sententiae
1351 5184 1471 5242 omnino
1486 5184 1649 5258 conspirat.

149 5256 207 5329 (uc)
223 5255 265 5308 ld.
279 5254 352 5308 ibid.
366 5269 429 5323 cap.
445 5254 473 5308 5.
1032 5256 1071 5325 (2)
1087 5252 1238 5308 Novatian.
1255 5250 1305 5309 lib.
1320 5252 1353 5309 de
1368 5256 1496 5313 Trinitni.
1513 5273 1578 5332 cap.
1596 5259 1640 5315 10.

161 5329 195 5381 97
224 5325 477 5396 id.ibid.cap.tl.
1032 5327 1071 5397 (3)
1086 5325 1128 5380 ld.
1145 5324 1216 5379 ibid.
1232 5340 1295 5397 cap.
1313 5326 1337 5380 1.

160 5400 195 5456 98
222 5397 263 5453 ld.
281 5396 351 5453 ibid.
367 5396 474 5468 eap.7.
1032 5398 1070 5469 (1)
1087 5397 1129 5452 ld.
1146 5395 1217 5451 ibid.
1234 5412 1297 5469 cap.
1313 5396 1358 5451 29.

159 5470 206 5542 99)
224 5469 264 5525 id.
280 5469 351 5525 ibid.
369 5485 431 5540 cap.
446 5468 473 5523 8.
1031 5468 1071 5538 (5)
1088 5468 1130 5523 ld.
1147 5466 1217 5523 ibid.
1235 5484 1298 5540 cap.
1315 5468 1358 5524 30.

148 5544 187 5617 (1)
211 5540 279 5595 Sine
302 5539 499 5597 controversia
521 5538 620 5610 itaque
643 5534 822 5592 Novatiauus
849 5534 941 5593 bisto-
1029 5542 1069 5613 (o)
1085 5539 1181 5595 Petav.
1208 5540 1358 5612 Tireotopic.
1383 5545 1511 5615 copam.
1537 5544 1575 5604 de
1604 5544 1717 5609 Trinit.
1742 5550 1830 5623 liba,

110 5606 186 5679 irem
203 5613 239 5672 de
253 5613 332 5673 lidan
360 5617 390 5669 ct
412 5611 542 5673 berelais
564 5610 649 5683 lapsu
670 5612 813 5681 tanquam
841 5623 940 5667 veram
994 5627 1058 5687 cap.
1073 5612 1101 5684 5,
1118 5627 1148 5668 n.
1162 5610 1190 5667 5.
