3900 6112
85 296 169 359 san
536 308 539 317 ·
592 290 696 357 vans
717 292 744 355 1.
763 268 1067 358 -nonnunars'
1086 290 1291 357 vmsnnn.
1717 288 1798 357 rare
1865 330 1931 357 ..-

84 421 214 479 exilioris
226 418 350 493 tenens,
364 436 399 478 aa
412 420 554 477 momenti
566 439 574 479 z
586 436 711 493 cumque
725 419 845 478 aliunde
856 424 919 478 tata
933 420 970 477 ab
985 420 1053 477 imis
1068 419 1188 478 sedibus
1199 420 1235 477 ob
1245 419 1451 493 gravissimam
1465 419 1541 475 hanc
1555 417 1638 476 litem
1649 424 1798 477 commota
1909 466 1917 483 ,.

84 510 214 568 Ecclesia
229 509 326 581 tuerit,
342 510 469 582 indeque
483 510 513 565 in
529 515 660 566 sanctam
684 509 760 567 Petri
775 511 878 567 sedem
903 509 1025 581 intenta,
1041 526 1235 582 quacumque
1259 506 1437 582 pontificalia
1452 506 1567 580 placita,
1584 507 1733 563 decretave
1749 524 1796 563 ar·

85 600 173 658 rectis
196 599 320 657 auribus
345 599 476 673 accipere
499 598 644 656 debuerit.
659 598 700 655 Eo
725 614 794 673 ergo
817 598 986 671 diligentius
1000 600 1165 673 colligenda
1188 602 1267 666 sunt,
1285 602 1429 671 quotquot
1451 595 1634 662 emerserint,
1655 595 1797 668 Stephani
1890 638 1896 675 ·.
1931 584 1933 593 ’

85 689 168 761 Papa
183 688 333 745 sententie
348 704 383 745 ex
396 686 530 757 epistolis
545 686 682 760 Cypriani
698 692 727 742 et
742 686 905 744 Eirmiliani
920 693 1075 760 excerptas,
1093 687 1239 759 palmares
1255 704 1340 759 porro
1355 702 1388 742 ac
1404 687 1508 742 merito
1519 685 1603 740 dicte
1619 686 1797 753 decretoria,

83 778 193 850 quippe
204 794 278 847 qua,
289 777 357 833 licet
371 775 440 832 hinc
455 782 484 832 ct
499 776 567 832 hinc
581 776 778 833 renitentibus
790 778 924 833 maxime
940 777 994 833 hac
1010 777 1211 833 meretiseime
1226 777 1410 832 auctoritatis
1421 775 1503 844 viria,
1515 775 1663 847 ingentem
1678 775 1797 831 demum

83 865 167 923 litem
182 866 354 923 diremerint
369 881 403 920 ac
418 865 506 938 paulo
522 870 588 938 post
611 865 721 921 tuerint
745 867 782 921 ah
805 866 886 922 omni
902 882 1019 939 quaque
1043 871 1124 940 patet
1147 864 1292 923 Ecccleeia
1315 870 1449 937 acceptae,
1465 863 1604 935 amplexa
1626 864 1750 918 firmiter
1763 880 1798 921 sn

80 960 226 1028 perpetuo
240 959 372 1012 servata.
389 954 454 1011 llas
469 969 536 1011 vero
551 954 645 1011 sancti
661 954 811 1011 Pontificia
830 956 919 1012 effata
940 955 1012 1011 dnm
1027 971 1043 1011 e
1058 954 1221 1011 Firmiiiani
1236 952 1342 1010 littaris
1356 952 1543 1026 potissimum
1566 952 1708 1023 eruimus,
1725 968 1796 1009 neu·
1905 978 1927 1021 :·-.

80 1044 198 1116 tiquam
214 1044 244 1099 in
259 1044 358 1099 animo
373 1047 418 1100 sst
432 1043 527 1116 ipsam
542 1043 706 1099 Eirmilieni
721 1042 877 1116 epistolam
900 1044 1099 1101 authenticam
1116 1049 1167 1101 eut
1181 1048 1274 1101 ratam
1300 1043 1416 1099 habere.
1433 1042 1502 1098 Esto
1516 1042 1571 1097 sub
1582 1042 1682 1113 judice
1696 1040 1733 1096 lis
1747 1041 1794 1096 in·

79 1137 176 1205 tegra,
193 1136 368 1205 tantumque
391 1131 516 1188 velimus
541 1131 635 1201 liceat,
652 1147 688 1188 ax
711 1130 766 1188 hoc
791 1132 870 1188 tonte
885 1133 931 1189 vel
946 1132 1036 1188 dubia
1050 1133 1092 1188 vel
1109 1132 1274 1190 disturbato
1289 1131 1443 1188 exhaurire
1457 1130 1618 1186 sententias
1642 1129 1707 1186 illas
1731 1145 1795 1201 quas
1821 1164 1827 1175 ι
1886 1128 1933 1165 ''-

82 1221 281 1277 venerandam
297 1219 418 1292 sapiunt
433 1224 621 1290 vetustatem,
635 1236 769 1293 quasque
783 1220 862 1276 valer
875 1219 1069 1294 interpolator
1083 1236 1119 1277 ex
1134 1221 1253 1295 entquls
1275 1219 1484 1277 instrumentis
1498 1219 1527 1274 in
1544 1217 1658 1275 novella
1683 1216 1794 1273 votelnv
1890 1214 1932 1281 ·“,“

85 1310 234 1383 farragine
248 1309 400 1366 intrudere
415 1308 519 1382 potnit.

571 1408 645 1465 Unus
659 1424 691 1463 ac
704 1408 879 1464 necessarias
892 1408 1139 1465 controuersiarum
1152 1407 1219 1481 fidel
1231 1408 1306 1479 finis.

117 1506 285 1578 Stephanus
309 1505 345 1563 de
369 1505 556 1578 episcopatus
571 1508 618 1564 sui
633 1506 695 1563 loco
711 1507 854 1580 gloriatur
868 1515 897 1563 et
910 1522 943 1564 as
958 1508 1175 1565 successionem
1191 1507 1267 1564 Petri
1290 1512 1389 1564 tenere
1413 1505 1573 1574 contendit,
1590 1521 1679 1579 super
1704 1520 1792 1578 quem
1891 1502 1904 1579 ·j
1924 1542 1933 1557 .·

85 1595 279 1653 fundamenta
293 1594 427 1651 Ecolesie
442 1593 547 1652 collata
561 1599 632 1651 eunt
646 1595 766 1666 (Firmtt.
782 1597 891 1668 Epist).

645 1722 749 1776 1010
768 1720 804 1776 ΙΙ.
825 1721 954 1777 Pulmarc
962 1722 1038 1793 juris
1052 1722 1232 1793 principium.

116 1816 147 1874 Si
162 1815 230 1889 qnia
244 1831 312 1890 erga
329 1833 547 1891 aquacnmqne
561 1817 665 1874 heresi
679 1817 791 1875 venerit
806 1818 842 1873 ad
859 1834 923 1888 nae,
939 1834 1019 1874 anun
1033 1835 1210 1888 innovarunt,
1226 1834 1286 1875 rnsr
1301 1835 1378 1882 onoc
1391 1834 1540 1875 amomon
1562 1834 1622 1887 aar,
1639 1823 1794 1875 utmanus

79 1904 125 1961 illi
139 1905 310 1978 imponatur
323 1906 353 1961 in
370 1906 582 1980 poenitentiam,
599 1923 666 1964 oum
682 1906 739 1981 ipsi
754 1906 883 1964 haeretici
905 1907 1022 1981 proprie
1037 1906 1211 1965 alterutrum
1233 1910 1269 1965 ad
1286 1925 1318 1964 se
1332 1906 1482 1964 venientes
1497 1924 1554 1964 uon
1571 1906 1726 1982 baptizent,
1740 1908 1791 1965 sed
1908 1952 1919 1967 ..

79 1994 279 2051 communicet
292 1998 408 2052 tantum
422 1996 516 2069 [cypr.
534 1996 622 2067 Epist.
638 1996 743 2067 cxxtv).

412 2122 463 2180 lrl.
481 2123 649 2180 traditionis
664 2122 820 2196 apostatice
833 2123 1022 2179 testimoniam
1034 2122 1069 2179 de
1082 2123 1275 2181 hamilcarem
1290 2123 1460 2195 baptismate.

118 2259 126 2273 .
149 2258 156 2275 .
178 2218 292 2285 ‚Quasi
307 2219 431 2293 apostoli
445 2236 495 2277 eos
510 2220 560 2293 qui
580 2222 617 2278 ab
641 2220 742 2279 heresi
756 2220 876 2279 veniant
890 2220 1030 2294 baptisari
1055 2221 1261 2293 prohibuerint
1282 2225 1312 2278 et
1335 2220 1390 2279 bae
1414 2220 1640 2277 custodiendum
1663 2219 1790 2294 posteris
1900 2278 1907 2301 ,

78 2305 257 2365 tradiderint
269 2310 390 2378 (thil.
405 2311 516 2383 Epist).

647 2407 693 2464 lV.
710 2408 869 2464 testimonii
882 2407 1034 2465 mtdnseca
1047 2411 1224 2481 ornamenta.

116 2492 284 2567 Stephanus
299 2500 329 2553 et
343 2495 394 2568 qui
417 2495 461 2553 illi
484 2495 683 2567 consentiunt,
700 2497 882 2553 contendunt
906 2496 1110 2554 dimissionem
1135 2501 1319 2570 peccatorum
1334 2501 1364 2553 et
1377 2495 1538 2553 secundam
1561 2495 1744 2552 nativitatem
1758 2494 1789 2552 in

78 2582 288 2641 hereticorum
302 2585 450 2658 baptismo
465 2586 716 2659 procedere,apud
731 2601 806 2658 quos
820 2586 909 2642 etiam
923 2586 981 2659 ipsi
993 2587 1171 2644 confitentur
1184 2587 1327 2660 Spiritum
1343 2590 1480 2642 sanetum
1495 2602 1553 2642 non
1568 2600 1643 2651 esee,
1654 2586 1791 2659 amamus

86 2688 181 2729 unum
196 2671 280 2731 nobis
295 2679 384 2746 atque
398 2675 542 2732 hereticis
557 2674 706 2747 baptisma
720 2691 830 2732 essa...
847 2675 911 2731 Non
931 2679 1038 2749 putant
1052 2677 1244 2749 querendum
1259 2690 1324 2733 esse
1339 2675 1405 2747 quis
1420 2676 1459 2731 sit
1472 2674 1522 2731 ills
1535 2674 1586 2748 qui
1601 2674 1792 2747 baptizavertt

83 2777 120 2819 so
134 2763 212 2834 quod
227 2761 277 2835 qui
293 2763 492 2835 baptizaverit,
509 2765 633 2837 gratiam
648 2763 788 2835 consequi
803 2764 931 2837 potuerit
949 2764 1082 2821 invocata
1096 2764 1238 2821 Trinitate
1257 2764 1411 2821 nominum
1427 2762 1520 2820 Patris
1535 2768 1564 2819 et
1578 2762 1642 2818 Eilii
1656 2766 1685 2818 et
1698 2762 1790 2835 Spiri-

83 2854 134 2906 tus
148 2851 277 2907 sancti...
293 2850 362 2907 Vult
376 2851 543 2924 Stephanus
567 2851 614 2909 hia
629 2852 679 2925 qui
694 2852 774 2925 apud
798 2851 950 2910 hereticos
965 2853 1162 2925 baptizantur,
1177 2854 1280 2911 adesse
1303 2853 1490 2925 praesentiam
1514 2856 1543 2908 et
1564 2850 1790 2909 sanctimoniam

82 2937 227 2996 Christi...
244 2939 369 2997 Multum
385 2942 500 3013 proiicit
513 2957 619 2998 nomen
635 2939 754 3007 Christi,
769 2945 803 2996 ut
816 2942 994 3013 quicumque
1008 2948 1037 2999 et
1051 2943 1220 3015 ubicunque
1242 2944 1273 2999 in
1293 2924 1790 3013 nominaGhristibaptizatusiue·
1846 3002 1851 3011 ¹

77 3027 130 3100 rit,
145 3034 344 3102 consequatur
357 3030 458 3088 statim
471 3030 598 3103 gratiam
613 3029 721 3087 Christi
736 3030 859 3103 (Firmil.
877 3032 964 3104 prt.
977 3032 1101 3107 passim).

832 3154 866 3210 V.
889 3156 1033 3213 Clausala.
1611 3210 1615 3217 .

200 3260 328 3301 annasse
342 3260 453 3308 canaan
469 3262 600 3302 enarrer
615 3262 755 3316 exrema,
771 3261 922 3303 mecenas
936 3263 1031 3304 annau
1045 3264 1178 3305 scemam
1193 3264 1322 3307 susanna
1337 3228 1456 3322 (timuit.
1472 3246 1585 3321 Epist).
1601 3248 1671 3304 Ean.

242 3582 480 3639 sons-sose
502 3579 716 3643 concinnet
738 3580 1035 3643 nemausenses
1058 3582 1091 3643 s.
1115 3580 1323 3643 srurnnno
1346 3581 1625 3645 antunnacum.

709 3729 917 3788 ennianum
931 3728 1096 3787 svnonrcc
1110 3730 1158 3799 tn.

113 3970 232 4037 Σῦνοδος
249 3974 306 4029 θεία
320 3974 365 4029 καὶ
381 3975 441 4051 ἱερὰ
458 3978 571 4048 τοπική,
597 3975 623 4031 tv
646 3978 740 4051 Ῥώμῃ
764 3987 902 4050 ουναθροι-
991 3979 1380 4051 Synoduedivinaetsacra
1401 3978 1598 4052 provincialia,
1615 3979 1714 4036 Romo
1728 3977 1787 4035 oal-
1879 4036 1882 4041 ,
1926 3998 1933 4021 ··

72 4069 168 4128 sotice
198 4063 249 4118 ὑπὸ
288 4063 424 4140 Στεφάνου
461 4069 510 4119 τοῦ
541 4064 740 4142 ἱερομάρτυρος
779 4064 899 4120 πάππα·
956 4066 1225 4139 lectaaStephuno
1241 4072 1341 4124 sancto
1364 4072 1491 4141 martyre
1506 4071 1535 4124 et
1550 4084 1638 4140 papa;
1657 4082 1786 4139 quassas

71 4152 265 4228 ἀποκηρύξοοα
293 4152 357 4215 τοὺς
388 4153 413 4208 ἐν
442 4157 476 4227 τῇ
501 4155 615 4232 'Appiani
645 4153 750 4228 συνόδῳ
778 4153 901 4230 aupald·
957 4156 1007 4229 qui
1024 4158 1052 4211 in
1074 4157 1210 4212 Africana
1224 4157 1335 4230 synodo
1357 4157 1421 4213 aine
1445 4156 1558 4211 ratione
1581 4158 1787 4211 concesserant

71 4262 131 4319 γως
159 4240 402 4317 ἐπικεχειρηκότος
431 4237 620 4312 ἀναὸαπτὲζοιν
649 4243 713 4307 τοὺς
745 4242 775 4299 ἔκ
813 4244 902 4313 πάσης
958 4260 1007 4300 sos
1023 4244 1196 4316 rebaptizari
1212 4244 1264 4317 qui
1278 4261 1313 4301 ex
1327 4260 1502 4316 quacunque
1516 4243 1619 4300 haeresi
1634 4244 1670 4300 ad
1685 4240 1783 4299 catho-

73 4330 203 4408 αἱρέσεως
228 4332 466 4407 προτερχομὲνους
502 4335 537 4406 τῇ
570 4332 703 4408 audoleni}
742 4330 902 4404 Ἐκκληοίᾳ.
959 4332 1045 4389 licam
1061 4335 1232 4390 accederent
1247 4333 1417 4403 Ecclesiam,
1432 4332 1588 4389 abdicavit.

743 4450 746 4455 ¹
791 4458 958 4521 Variorum
982 4465 1078 4520 notae.

112 4562 152 4635 (t)
168 4568 230 4619 Duc
243 4569 333 4633 mant,
348 4563 447 4636 inquit
464 4565 647 4635 Augustinus
661 4564 690 4620 in
706 4564 781 4620 libro
795 4563 828 4620 cle
842 4567 906 4620 uni·
961 4563 1103 4620 celebrem
1127 4564 1281 4636 epistolam
1306 4565 1341 4620 ad
1365 4562 1491 4621 Africam
1508 4562 1602 4631 misit;
1627 4580 1691 4636 qne
1715 4579 1786 4621 eane

75 4652 108 4691 co
138 4637 285 4706 baptismo,
312 4653 375 4707 cap.
401 4637 443 4699 lt,
463 4638 745 4692 eminentissimarum
772 4635 903 4691 eeclesia·
960 4651 1037 4692 nunc
1066 4652 1123 4691 noa
1152 4642 1246 4691 exstat
1273 4637 1395 4709 integra,
1421 4636 1471 4691 sed
1500 4641 1613 4691 tantum
1642 4635 1783 4704 definitio,

75 4723 152 4775 rum,
176 4708 306 4763 Romana?
334 4707 441 4763 scilieet
465 4716 490 4763 et
514 4707 746 4778 Carthaginiensis,
773 4709 904 4778 episcopi,
960 4723 1048 4779 qnam
1065 4706 1095 4761 in
1110 4706 1239 4779 Epistola
1254 4708 1384 4764 arrived
1399 4707 1655 4779 Pompeiamnobis
1669 4724 1785 4763 conser-

76 4777 231 4848 Steptonas
254 4785 280 4834 et
302 4778 464 4851 Cyprianus,
481 4779 560 4833 umtro
585 4780 615 4833 ia
638 4781 747 4835 animle
771 4779 906 4834 catlrolica
959 4780 1036 4835 vevit
1051 4778 1080 4833 S.
1096 4777 1280 4850 Cyprianus:

74 4850 229 4905 constituti.
246 4849 315 4905 Erat
327 4866 360 4905 ea
376 4854 548 4920 tempestate
563 4866 703 4921 magnum
730 4849 860 4907 schisma
875 4850 906 4905 in
996 4871 1010 4900 a
1026 4849 1053 4903 si
1071 4850 1137 4920 quis
1157 4866 1225 4922 ergo
1249 4867 1267 4905 a
1290 4866 1466 4922 quacunque
1489 4849 1593 4906 hareni
1614 4849 1725 4907 venerit
1747 4848 1785 4905 sd

75 4920 207 4976 Ecclesia
217 4924 335 4993 propter
345 4920 506 4976 doctrinam
521 4922 556 4976 de
568 4922 806 4993 rebaptizatione,
816 4938 905 4992 quam
960 4937 1025 4990 nos,
1041 4920 1113 4976 nihil
1130 4920 1284 4978 innovetur
1296 4923 1353 4978 nisi
1364 4922 1443 4993 quod
1458 4922 1599 4978 traditum
1610 4926 1665 4984 est,
1677 4924 1710 4975 ut
1723 4935 1787 4976 ma·

74 4991 148 5047 olim
171 4992 231 5046 utri
259 4996 430 5063 acceperant
445 4993 481 5047 ab
496 4992 666 5075 agrippino,
682 4990 905 5074 Carthaginensi
962 4990 1075 5047 nusilli
1101 4991 1270 5066 imponatur
1284 4994 1313 5048 in
1329 4993 1630 5067 poeniteutiam;cum
1654 4991 1710 5064 ipsi
1726 4990 1785 5046 hae·

73 5063 175 5131 epieco
197 5067 364 5133 matonam
381 5063 411 5118 S.
428 5062 590 5137 Cyprianus
606 5064 766 5120 admodum
780 5080 907 5136 pervica·
960 5062 1043 5119 retici
1059 5065 1176 5136 proprie
1191 5064 1363 5121 alterutrum
1379 5067 1414 5121 ad
1431 5063 1625 5121 covenientes
1640 5078 1698 5119 non
1714 5061 1786 5134 bap·
1877 5118 1880 5125 ,

72 5133 149 5190 citer
184 5134 444 5190 siendebet.'luno
487 5134 905 5208 apastephannsltomesy·
961 5135 1061 5201 tinent,
1079 5137 1128 5192 ssd
1145 5138 1364 5193 communicant
1377 5141 1530 5193 tentum.»

73 5206 188 5261 nodum
202 5206 408 5277 provincialem
420 5152 545 5279 collegit,
556 5206 640 5261 nteit
651 5211 754 5263 auctor
764 5204 904 5277 Synodiei,
998 5206 1084 5263 latius
1099 5208 1238 5281 Stephani
1263 5207 1393 5279 epistole.
1409 5208 1607 5263 meminerunt
1629 5203 1786 5272 Eusebius,

74 5276 130 5332 ubi
151 5292 212 5332 cum
235 5279 343 5335 ceteris
366 5278 476 5349 quidem
500 5277 611 5349 callepio
634 5280 702 5348 saie,
719 5284 753 5334 ut
775 5278 906 5351 loquitur
958 5277 1010 5334 lib.
1028 5295 1157 5351 v11,cep.
1183 5282 1210 5346 3,
1233 5285 1264 5336 et
1285 5279 1456 5337 Vincentius
1483 5277 1644 5334 Lirinensis
1671 5276 1701 5333 in
1730 5291 1785 5332 suo

74 5347 261 5419 Vincentius,
272 5349 318 5405 sed
330 5357 420 5405 tamen
428 5366 478 5421 pro
490 5352 609 5411 caeteris,
621 5348 650 5404 in
666 5365 730 5405 eam
741 5350 904 5407 doctrinam
959 5348 1198 5407 Commonitoria.

75 5420 209 5476 invectus
234 5425 288 5477 est.
305 5419 447 5493 Denique,
466 5438 500 5478 ex
523 5437 557 5476 ee
580 5422 703 5493 synoda,
719 5425 752 5476 nt
775 5426 905 5495 apparet,
