3900 6112
65 39 106 57 Ι-ι*
125 52 130 59 Ι
160 42 163 47 ι
211 39 226 53 ,ν
281 39 302 49 ιιι

65 58 153 97 tuln--
197 62 204 73 “
239 56 291 100 ‚'.··.u

65 102 69 112 ι
110 98 129 111 0·
188 110 192 117 Ι

65 121 98 147 m
117 134 122 141 -
179 122 182 127 ·
273 136 276 143 .

120 272 201 337 {tur
624 276 724 343 PARS
744 279 826 345 1.-
846 272 1098 345 ΜΟΝΠΜΕΝΊἎ
1118 274 1326 345 vut'uuuu.
1748 284 1830 355 ltus

116 405 195 463 uenti
210 403 283 463 nibil
291 404 495 463 infirmitatem
510 408 732 467 suumobtuissa
739 406 940 481 quominusad
955 408 985 483 A
999 405 1210 467 multiformem
1232 406 1347 480 rapiam
1375 406 1421 467 vel
1439 408 1581 469 triessimi
1608 412 1653 471 rel
1666 416 1831 489 sexagesim

119 494 292 553 tirmitatam
312 494 462 551 colestem
488 496 545 567 (51)
573 497 747 568 plenissima
773 497 949 571 perveniret,
1004 493 1048 552 rel
1064 494 1216 553 centesimi
1231 494 1346 553 numeri
1359 494 1826 563 lrnatuexuberantaoamulatur.

124 584 949 658 neetantumindulgentiabaminioaeraitatumdegre
1003 582 1107 641 Adbuo
1126 600 1193 641 raro
1210 600 1277 641 aum
1304 582 1412 657 singuli
1428 584 1465 641 ad
1491 587 1646 649 denarium
1674 595 1825 665 vocentur,

121 672 191 729 bato
211 688 287 741 asse,
304 673 355 728 sed
372 673 469 745 ipsam
486 673 642 745 grabatum
661 691 748 733 suum
764 674 906 749 reparatis
920 678 950 731 et
1004 672 1074 743 quid
1094 676 1139 729 ast
1152 677 1186 729 ut
1208 674 1285 746 qood
1305 673 1552 746 aDeossqualiler
1565 676 1753 739 distribuitur
1766 680 1825 739 bu·

125 761 269 833 vegetatis
281 762 397 819 viribus
422 761 589 818 sustulisse.
613 762 648 817 ut
671 762 789 831 ideireo.
805 768 949 836 quantum
1003 776 1092 821 mana
1106 761 1345 834 interpretatione
1359 762 1531 821 minuatur?

120 850 180 907 ilde
194 850 383 921 eonoiperaat
393 850 501 907 sentire
515 850 599 907 nabis
609 852 706 921 datur,
729 870 794 909 maa
805 853 948 915 sententio
1039 848 1098 905 XV.
1115 851 1196 919 Qarod
1207 849 1347 923 sialiquis
1362 851 1448 907 inille
1463 859 1596 911 movetur
1610 858 1687 927 quod
1703 860 1823 931 quidam

120 938 945 1014 basaestutCirristisnusjudieeturlegitimusquisquis¹¹
1002 939 1038 995 de
1053 939 1089 995 iis
1109 940 1157 1019 qui
1170 939 1238 1013 agri
1252 940 1438 1013 baptizantur
1449 949 1472 983 ¹⁸
1486 942 1640 1015 spiritibus
1655 947 1751 1005 adhue
1766 948 1824 1005 im-

120 1026 395 1087 fueritinltaulesia
413 1026 598 1101 lageetjure
624 1028 692 1085 fidei
719 1030 848 1087 diuinam
878 1047 946 1104 gra·
1002 1027 1121 1085 mundis
1137 1032 1288 1085 tentantur
1303 1030 1325 1065 ¹⁶
1342 1030 1410 1103 (55),
1436 1031 1631 1091 sciatdiaboli
1661 1036 1822 1111 nequitiam

121 1120 193 1177 tiam
205 1122 391 1173 consecutus.
407 1118 465 1175 Aut
479 1117 503 1173 si
520 1116 627 1189 aliquis
643 1118 791 1176 existimat
805 1136 855 1177 eos
871 1118 945 1179 nibil
1000 1116 1178 1189 pertinacem
1194 1133 1288 1189 usque
1302 1117 1338 1173 ad
1354 1134 1462 1191 squam
1488 1118 1647 1179 salutarem
1667 1123 1775 1197 valera,
1790 1127 1822 1187 in

119 1212 293 1265 consecutos
308 1222 341 1261 eo
355 1206 432 1277 quod
448 1223 525 1278 aqua
549 1206 672 1264 salutari
701 1211 817 1266 tanturn
834 1208 945 1281 pertusi
1000 1205 1230 1278 baptismalem
1249 1222 1336 1265 omna
1351 1208 1491 1279 nequitia
1507 1226 1566 1267 sue
1581 1211 1662 1269 virus
1677 1216 1820 1275 amittere.

118 1297 191 1361 sint,
207 1297 257 1353 aad
274 1296 376 1351 inanes
392 1298 415 1337 ¹²
429 1299 458 1351 et
472 1295 557 1351 vacui
572 1301 651 1365 sunt,
669 1313 728 1353 nau
749 1297 943 1370 decipiantur.
999 1294 1079 1361 Quod
1095 1292 1261 1367 exemplum
1276 1294 1424 1352 cernimus
1439 1294 1468 1352 in
1494 1314 1561 1369 reae
1576 1298 1737 1375 Pharaone,
1753 1303 1814 1377 qui,

117 1392 151 1445 ut
166 1386 190 1443 si
204 1385 425 1442 incommodum
439 1382 590 1455 languoris
600 1385 743 1442 evaserint
756 1385 944 1445 etennvalua·
999 1381 1048 1437 diu
1058 1380 1253 1439 reluctatuset
1263 1382 1292 1439 in
1304 1400 1359 1439 sua
1382 1385 1504 1456 pertidia
1528 1387 1698 1447 demoratus
1718 1392 1821 1455 tandiu

116 1476 188 1540 rint,
202 1474 394 1546 baptizentur,
410 1472 439 1529 si
455 1478 553 1531 autern
569 1474 709 1547 baptizari
732 1492 790 1531 non
819 1482 944 1549 pessunt
998 1471 1132 1529 resistere
1148 1472 1244 1547 potuit
1258 1476 1287 1529 at
1302 1472 1456 1547 prevalere
1466 1475 1559 1533 donee
1573 1477 1724 1556 adaquant
1738 1482 1822 1541 venir·

118 1564 248 1637 quijam
277 1562 424 1634 baptismo
448 1560 647 1619 eeclesiastico
669 1563 844 1620 sanctificati
873 1569 943 1621 suut
997 1565 1132 1635 rattqun
1147 1577 1213 1621 oum
1230 1560 1367 1629 venisset,
1378 1567 1407 1620 al
1428 1562 1522 1621 uictus
1541 1570 1586 1623 est
1609 1570 1638 1625 et
1660 1569 1819 1639 extinctus,

117 1670 172 1711 our
184 1652 214 1707 in
229 1651 285 1707 fide
298 1668 353 1707 sua
366 1656 395 1706 et
410 1650 525 1706 Domini
543 1650 725 1725 indulgentia
740 1654 941 1709 serandatizan·
996 1648 1182 1705 Mareautem
1198 1648 1270 1705 illud
1283 1655 1499 1707 sacramentum
1511 1653 1649 1725 baptismi
1666 1656 1818 1716 tuissede-

116 1748 167 1799 tur
180 1740 238 1814 (51)
250 1741 265 1795 ‘l
278 1738 477 1812 Aneonseouti
490 1741 687 1812 suntquidem
703 1742 827 1814 gratiam
844 1742 940 1798 [lomi-
996 1738 1088 1793 alarat
1104 1740 1207 1795 beatus
1222 1738 1373 1811 apostolus
1388 1742 1487 1799 HM
1501 1742 1610 1799 Paulus
1620 1744 1736 1804 diem„
1749 1748 1820 1807 popo

118 1833 227 1900 nicam,
248 1830 297 1886 sed
314 1829 487 1885 breviasset
510 1828 620 1887 minore
645 1847 784 1887 mensura
812 1832 942 1889 muneris
996 1827 1401 1903 errimvosiqaororqsratraa,
1416 1832 1485 1901 qnia
1506 1840 1599 1903 potres
1621 1838 1711 1892 nostri
1726 1852 1820 1895 omnes
1901 1900 1904 1905 ,

118 1919 209 1977 divini
225 1936 258 1975 aa
272 1917 514 1991 Spiritussaacti,
531 1918 941 1992 utbabeauturquidemobri·
995 1915 1045 1971 aab
1054 1916 1125 1973 aule
1134 1920 1386 1989 {amratetomaes
1396 1932 1447 1987 per
1455 1936 1533 1977 more
1543 1924 1821 1991 barsica-antelam.

117 2010 217 2077 atiani,
235 2025 292 2064 nan
308 2008 367 2063 sint
382 2011 479 2062 tumen
496 2007 609 2063 ceteris
623 2007 821 2081 adaquandi?
994 2008 1084 2065 aesia
1097 2011 1190 2081 llopre
1204 2006 1227 2043 ¹⁷
1241 2006 1447 2079 baptisatisunt
1462 2010 1491 2064 ia
1508 2012 1579 2066 nube
1591 2016 1617 2067 et
1632 2014 1662 2068 ia
1675 2016 1749 2071 mari
1762 2016 1819 2091 (56)

153 2102 225 2157 xtu
244 2099 318 2166 Quin
334 2098 393 2155 imo
417 2098 543 2170 Spiritus
559 2104 679 2154 sanetus
694 2116 752 2156 non
769 2101 805 2156 ad
822 2116 939 2157 mensu·
996 2096 1019 2168 (1
1035 2095 1094 2152 Cor.
1112 2113 1140 2163 x,
1155 2095 1183 2162 l,
1199 2098 1226 2166 2,
1238 2096 1276 2165 6).
1294 2095 1328 2151 ut
1355 2095 1467 2153 addidit
1479 2097 1580 2156 dicans
1605 2116 1612 2155 τ
1641 2104 1705 2159 rraec
1726 2110 1818 2162 auum

116 2210 181 2249 ram
196 2192 293 2258 datur,
310 2189 360 2245 sed
375 2204 464 2261 super
478 2189 644 2244 credentem
659 2193 738 2245 totus
764 2190 939 2257 infunditur,
994 2185 1091 2242 omnia
1105 2184 1201 2256 fiqurae
1216 2194 1313 2241 nostrae
1326 2189 1449 2257 luerunt.
1466 2187 1547 2251 Quod
1562 2189 1649 2247 hodie
1663 2192 1753 2249 etiam
1768 2210 1819 2267 ga·

117 2282 190 2339 Nam
202 2281 228 2335 si
240 2279 303 2335 dies
318 2278 456 2333 amnibus
472 2276 623 2348 aqualiter
642 2278 784 2346 nascitur,
800 2284 828 2335 et
853 2280 877 2335 si
895 2277 940 2335 sol
995 2273 1081 2343 ntur,
1102 2279 1134 2329 ut
1149 2291 1200 2347 per
1214 2274 1372 2331 exorcistas
1387 2291 1457 2332 voce
1473 2277 1602 2335 bumana
1625 2285 1653 2337 et
1675 2285 1819 2355 potestque

116 2386 208 2442 super
222 2384 322 2424 omnaa
333 2366 395 2438 pari
412 2370 439 2421 at
450 2365 626 2437 aqualiluoe
637 2366 940 2439 ditlunditur‚quantn
994 2363 1094 2423 diuina
1109 2362 1271 2436 flagellatur
1285 2368 1312 2421 et
1328 2370 1431 2421 uratur
1444 2371 1474 2423 at
1489 2372 1661 2440 torqueatur
1671 2371 1817 2447 diabolus,

116 2456 213 2530 magis
228 2454 361 2511 Christus
375 2452 421 2509 sol
431 2458 459 2508 ot
475 2452 540 2509 bias
551 2470 637 2511 varus
652 2454 818 2513 indcalasia
832 2457 940 2515 sualu·
994 2457 1023 2509 et
1037 2469 1104 2510 eum
1120 2452 1236 2509 axirasa
1251 2457 1280 2509 et
1294 2452 1430 2511 homiues
1444 2454 1495 2511 Dei
1511 2456 1659 2515 dimittere
1679 2477 1756 2533 sapa
1771 2460 1816 2521 ui.

116 2563 182 2603 men
199 2546 263 2600 vite
278 2548 391 2599 aterna
407 2542 467 2613 pari
486 2542 652 2614 aequalitate
678 2542 825 2617 largituri
851 2547 940 2618 cujus
994 2546 1052 2613 ost,
1068 2542 1099 2599 in
1114 2558 1147 2599 eo
1161 2546 1259 2599 mmeu
1272 2543 1350 2614 quad
1361 2542 1467 2600 dixerit
1481 2544 1573 2613 fallat,
1589 2548 1655 2605 etirl
1676 2551 1754 2622 quod
1766 2568 1818 2624 par

114 2632 289 2706 equalitatis
304 2634 521 2688 sacramentum
541 2631 641 2688 1150
653 2632 786 2690 videmus
802 2635 830 2689 iu
842 2636 940 2693 llaodo
994 2631 1175 2693 Pharaonem
1185 2630 1266 2703 prius
1275 2634 1391 2704 gestum
1400 2632 1558 2691 estendam
1570 2636 1817 2699 mendacioobsti-

115 2742 181 2783 essa
196 2722 374 2780 salebrosum
390 2719 568 2791 (Haedui),
594 2722 713 2777 eumde
730 2722 802 2779 roelo
831 2740 940 2781 rnanna
994 2719 1121 2779 nationis
1135 2733 1159 2775 et
1175 2718 1287 2775 fraudis
1302 2725 1441 2776 exerceat.
1457 2720 1531 2779 Cum
1542 2726 1639 2781 tamen
1656 2727 1693 2785 ad
1707 2744 1817 2801 aquam

115 2814 258 2871 deflueret
272 2810 329 2883 (53)
344 2816 372 2866 et
387 2811 552 2865 futurorum
569 2810 803 2883 prefiguratione
817 2810 939 2869 alimen·
994 2807 1154 2866 salutarem
1162 2810 1250 2879 atque
1260 2808 1296 2863 ad
1308 2807 1447 2878 baptismi
1458 2812 1722 2872 sanotillcstionem
1736 2818 1816 2873 uani-

118 2910 181 2961 tum
198 2898 550 2975 paniserelestisetoibum
561 2898 669 2955 Cbristi
684 2901 827 2957 venientis
842 2905 939 2959 osten·
994 2901 1053 2967 tur,
1069 2895 1143 2951 scire
1158 2896 1300 2953 debemus
1314 2900 1344 2951 et
1355 2895 1445 2954 fidere
1460 2898 1599 2970 quiaillio
1613 2902 1749 2960 diabolus
1764 2920 1816 2979 op-

116 2992 200 3049 derat
214 2991 280 3063 (uu.
297 2988 358 3044 illio
372 2988 450 3043 enim
464 2987 526 3043 sina
549 2987 775 3045 discriminarat
795 3006 882 3047 sexus
895 2991 939 3047 uel
994 2985 1142 3058 primitur,
1158 2988 1187 3039 st
1201 2983 1289 3041 homo
1304 2989 1361 3040 [leo
1376 2984 1490 3042 dieatus
1515 2987 1612 3045 divina
1634 2989 1817 3065 indulgentia

114 3082 209 3139 astatis
223 3095 326 3152 gomor
348 3095 364 3132 a
384 3075 510 3149 singulis
525 3076 674 3148 equaliter
702 3076 935 3151 colligebatur¹³.
993 3074 1143 3131 liberatur.
1160 3072 1232 3129 Nam
1248 3072 1271 3129 si
1288 3074 1363 3129 sieut
1373 3075 1479 3148 scorpii
1493 3082 1523 3133 et
1536 3083 1696 3152 serpentes,
1714 3082 1765 3155 qui
1784 3082 1815 3141 in

112 3169 196 3227 Unda
211 3167 370 3242 apparebat
395 3164 501 3221 Cbristi
518 3165 731 3237 indulgentiam
746 3166 935 3227 etooelaslem
951 3150 973 3219 C
991 3162 1069 3221 aioeo
1088 3161 1255 3235 praevalent,
1277 3162 1307 3217 in
1327 3179 1433 3234 aquarn
1464 3166 1635 3239 precipitati
1660 3171 1816 3243 prorutam

109 3260 236 3333 gratiam
248 3255 435 3329 postmodum
447 3259 615 3310 secuturam
629 3254 780 3327 aqualiter
794 3256 933 3315 omuibus
991 3268 1049 3309 uon
1070 3254 1195 3322 possunt
1209 3250 1229 3285 ¹⁸
1244 3255 1295 3307 aut
1310 3267 1365 3307 sua
1389 3268 1501 3309 venena
1520 3255 1643 3313 retinere
1662 3258 1694 3329 ¹⁰,
1724 3258 1767 3317 sie
1784 3266 1814 3321 et

108 3347 199 3404 dividi
215 3348 278 3402 sine
293 3361 379 3400 sexus
393 3342 541 3405 varietate,
558 3343 621 3398 siue
634 3344 933 3400 annorumdisnrimi·
987 3340 1108 3412 spiritus
1124 3356 1250 3411 nequam
1266 3339 1299 3407 ²⁰,
1315 3340 1365 3413 qai
1391 3342 1498 3414 saorpii
1509 3348 1538 3399 et
1545 3350 1695 3417 serpentes
1710 3348 1811 3422 euml*

109 3454 157 3507 ne,
173 3436 236 3492 siue
250 3434 418 3505 acceptioue
432 3448 574 3502 personae,
586 3448 675 3505 super
690 3450 806 3489 omnem
824 3434 871 3490 Dei
885 3450 934 3505 pa-
987 3428 1097 3498 tantur,
1113 3434 1142 3484 et
1156 3433 1255 3483 tamen
1271 3445 1322 3503 par
1338 3446 1391 3486 nos
1405 3430 1474 3486 data
1490 3448 1508 3487 a
1522 3432 1646 3493 Domino
1666 3440 1811 3509 potestate

107 3528 212 3599 pulum
221 3522 362 3596 spiritalis
373 3521 589 3593 gratiamnnus
600 3520 725 3577 iniundi.
737 3522 933 3579 Planeoadam
987 3518 1146 3584 oaloantur,
1162 3534 1334 3590 permanere
1345 3518 1423 3575 ultra
1435 3536 1491 3576 non
1504 3523 1665 3595 possuntin
1681 3524 1811 3587 hominio

87 3614 203 3687 ¹pratia
217 3610 371 3687 spiritalis,
387 3626 451 3681 que
463 3608 614 3680 aequaliter
627 3608 656 3663 ia
674 3610 931 3683 baptismoaere-
986 3607 1236 3679 oorpura.inquo
1263 3606 1410 3679 baptizato
1440 3608 1470 3665 iu
1498 3611 1678 3671 sanctificato
1708 3616 1813 3691 ineiplt

104 3700 437 3769 dentibussumiturss,
454 3698 718 3755 inconversatione
747 3703 834 3771 atque
863 3706 932 3756 satu
986 3696 1113 3769 Spiritus
1129 3700 1248 3753 turtius
1263 3696 1404 3755 habitura.

105 3798 207 3849 nostra
221 3790 410 3863 postmodum
421 3786 466 3843 vel
483 3788 626 3844 rninuitur
639 3787 683 3845 vel
699 3794 841 3862 augetur;
859 3793 891 3844 ut
901 3789 931 3845 in
1022 3784 1095 3843 XVI.
1109 3784 1168 3841 lion
1183 3784 1310 3856 danique
1324 3790 1354 3841 et
1368 3788 1455 3843 robus
1484 3788 1557 3861 ipsis
1585 3792 1762 3864 experimur,
1778 3798 1812 3853 ul

105 3879 263 3953 Evangelio
279 3877 462 3934 tlanriuieum
480 3893 580 3932 semen
595 3876 747 3949 aqualiter
757 3879 931 3947 seminatur,
987 3874 1160 3933 necessitate
1175 3878 1296 3945 urgente
1309 3875 1338 3929 in
1354 3876 1527 3949 aegritudine
1548 3880 1685 3951 baptizati
1700 3887 1729 3937 et
1742 3900 1811 3956 gra-

106 3963 573 4041 sedprovarietateterroealiud
592 3965 759 4023 absumitur
792 3966 871 4024 aliud
902 3968 931 4023 in
986 3965 1057 4021 tiam
1072 3962 1222 4019 eonsaouti
1237 3963 1520 4023 osreantimrnundo
1535 3968 1709 4043 spirituque
1726 3977 1815 4031 antea

825 4102 928 4163 varia
943 4098 1104 4161 lectiones.

147 4208 365 4265 nutrierimus
372 4206 534 4279 judicatur.
552 4205 688 4278 quisquis
702 4212 780 4263 Lana.
821 4210 842 4241 ¹²
863 4207 893 4263 Si
906 4208 1007 4261 inanes
1032 4204 1096 4258 unu.
1114 4203 1139 4271 1,
1154 4204 1181 4257 2.
1211 4204 1469 4271 bora,Lim.t'bor.
1500 4207 1554 4262 NC.
1591 4209 1615 4261 l.
1656 4210 1678 4250 ¹³
1705 4213 1814 4272 (iomar

106 4281 218 4355 singuli
246 4279 397 4353 equaliter
437 4275 612 4341 colligebant
642 4280 717 4334 Lam.
756 4280 810 4336 NG.
840 4280 868 4335 2.
900 4279 950 4333 lia
989 4276 1009 4311 ¹⁴
1040 4274 1199 4345 AEqualiter
1227 4273 1438 4345 colligebantur
1479 4278 1553 4333 baar.
1585 4279 1663 4335 Ebor.
1697 4284 1751 4339 uu.
1782 4284 1810 4341 l.

107 4348 668 4425 ¹⁸Baptizabantarlam.lidi.libor.
708 4352 943 4407 ¹'Testabantur
961 4346 1120 4405 tumbert.
1147 4346 1382 4414 teutonus
1400 4349 1424 4402 t.
1477 4348 1498 4383 ¹⁷
1527 4349 1557 4404 in
1587 4354 1702 4424 Moysen
1734 4356 1813 4412 tara.

103 4424 178 4481 tina
195 4426 275 4480 Ebur.
295 4422 349 4480 ΝΕ.
368 4423 391 4477 Ι·
420 4422 447 4473 2.
487 4420 507 4455 ¹⁸
523 4418 568 4475 Sia
583 4422 656 4493 tips.
672 4430 698 4478 et
710 4428 772 4505 vett.
789 4422 947 4479 Praevalere
961 4424 1069 4493 posunt
1084 4417 1159 4501 droa
1189 4417 1288 4487 lttpall.
1318 4418 1424 4489 Pomel,
1465 4420 1486 4455 ¹⁰
1516 4420 1650 4479 lletinare
1678 4428 1815 4485 nesoiunl

105 4496 185 4623 (ὁποι.
211 4491 493 4623 ιΕὸονηῐἍΰῖἱὶιΒοο.
527 4492 555 4545 ’3.
596 4494 967 4567 ²⁰..tnsp1ritusnequam
983 4492 1058 4547 aum.
1081 4489 1159 4545 tter.
1188 4488 1246 4545 NG.
1278 4492 1302 4545 t.
1333 4489 1397 4545 Bod.
1427 4492 1455 4546 2.
1484 4490 1612 4549 Possunt
1638 4500 1667 4551 ot
1690 4498 1814 4571 spiritur

127 4582 197 4623 eoa.
226 4576 317 4623 ὀπτα.
359 4582 405 4635 tpu
431 4603 436 4614 .

812 4648 857 4709 St.
874 4642 994 4707 Baluzii
1008 4644 1102 4701 notae.

145 4752 199 4825 (51)
216 4753 254 4809 Ad
268 4753 430 4825 firmitatem
444 4758 590 4813 coetestem.
611 4753 705 4810 (lodex
732 4752 883 4822 Fanensis,
899 4750 934 4805 acl
947 4762 973 4826 ῃ
988 4743 1125 4803 Tibullus
1137 4742 1189 4799 lib.
1206 4761 1235 4817 x,
1251 4743 1324 4818 eleg.
1335 4746 1372 4802 5:

105 4826 270 4908 firmitatem
293 4828 396 4883 celesti
422 4831 515 4901 pratia
537 4828 697 4901 plenissime
718 4834 806 4897 posset
837 4840 933 4897 perue-
1018 4850 1118 4903 uultus
1133 4850 1203 4901 urin
1217 4854 1306 4903 terras
1321 4851 1514 4918 deplueretque
1529 4855 1607 4921 lapis.

108 4910 185 4953 aare.

145 4967 203 5039 (52)
218 4968 460 5025 Scandalioantor.
477 4970 521 5026 ila
535 4973 645 5025 veteres
661 4968 803 5024 editiones
819 4971 847 5023 et
861 4982 934 5037 qua·
1023 4956 1221 5043 Tertullllssllss
1235 4957 1266 5015 5¹²
1279 4957 1353 5016 ΗΜΘ
1363 4959 1397 5016 (¹0
1411 4963 1562 5030 Vallem,
1576 4969 1635 5036 ΡΝ(
1645 4982 1756 5023 ΝΜ
1775 4982 1817 5023 θ’·

108 5044 181 5095 tuor
196 5038 261 5095 libri
276 5045 397 5097 vetares.
422 5042 573 5097 Manutius
587 5045 615 5097 et
631 5046 695 5112 post
719 5056 786 5097 eum
801 5038 850 5094 alii
861 5037 935 5094 scri·
987 5030 1104 5089 antalam
1116 5030 1253 5101 pluviam.
1775 5104 1779 5110 ,

110 5118 236 5183 pserunt
248 5112 490 5168 scandalis-antur.
507 5114 575 5177 Qua¹
596 5112 681 5168 lectio
706 5113 810 5167 nititur
835 5116 934 5165 aucto·
1024 5102 1081 5172 (54)
1095 5102 1259 5160 Oilssmlml·
1277 5104 1407 5187 Quill-¹¹9?
1418 5103 1486 5188 libii
1502 5108 1623 5165 illese&
1634 5110 1814 5191 exprimento

112 5184 200 5236 ritate
213 5182 313 5237 decom
331 5188 460 5240 veterum
487 5183 710 5255 exemplarium.
741 5182 934 5257 Egnprael'ero
1024 5174 1079 5299 (55)
1097 5175 1292 5230 Testabantur.
1317 5174 1428 5249 Vrgrutr
1455 5181 1483 5231 et
1503 5192 1581 5259 ursus
1610 5176 1676 5234 librr
1703 5186 1814 5238 veteres

109 5256 250 5321 vetarem,
265 5254 305 5308 uti
318 5254 480 5322 meliorem,
497 5272 561 5312 meo
576 5255 827 5327 quidemjodioio.
844 5254 935 5311 Erunt
988 5243 1027 5301 ht
1049 5249 1099 5327 qul
1113 5248 1307 5301 tentabuntur·
1323 5248 1378 5328 ³⁰5¹
1392 5254 1488 5303 [³⁰¹⁰ss
1512 5248 1611 5316 fldem,
1642 5252 1742 5322 Ρθΰθῑθ
1769 5269 1816 5309 ⁰¹·

111 5324 248 5381 fortassis
264 5326 314 5395 qui
330 5327 413 5383 aliter
424 5328 560 5383 sentient,
988 5320 1091 5399 neptis,
1106 5322 1135 5371 et
1151 5317 1439 5400 quinqueanglrcsni
1450 5319 1560 5401 babent
1569 5322 1662 5447 faulo
1678 5327 1745 5378 aute
1767 5322 1814 5379 bu·

149 5396 205 5461 ¹53)
220 5396 326 5453 Mamm
338 5398 479 5469 defluam·
495 5399 589 5455 Codex
604 5398 701 5453 Sancti
715 5397 805 5453 Amul
828 5396 869 5459 hi,
891 5396 934 5453 (ι).
987 5396 1138 5459 persuasor.
1161 5390 1198 5445 At
1223 5391 1371 5447 lleaoensrs
1387 5397 1415 5445 at
1439 5392 1528 5446 adrtro
1553 5390 1677 5449 berellii
1707 5394 1817 5453 babent

108 5468 220 5539 plueret.
237 5468 323 5525 lleota
339 5474 477 5541 proiecto.
503 5472 550 5527 Pa.
573 5486 697 5538 arxvru;
727 5472 759 5526 Et
785 5415 863 5541 pluit
878 5467 934 5524 illis
989 5459 1180 5548 Moneantur.
1277 5532 1283 5545 ι
1386 5532 1391 5543 Ι
1616 5534 1622 5548 1

109 5554 217 5594 mantra
234 5538 272 5595 ud
289 5542 524 5599 rnandacundam.
549 5540 731 5607 Collumella,
760 5542 812 5607 lib.
827 5558 846 5597 x
861 5556 868 5594 ε
1023 5532 1083 5657 (οὓ)
1096 5530 1127 5585 la
1141 5532 1213 5586 nabe
1230 5533 1258 5586 et
1273 5548 1303 5587 aa
1317 5548 1399 5589 marr.
1415 5531 1481 5589 Haea
1494 5548 1552 5589 nnn
1579 5538 1708 5593 earstsut
1721 5538 1753 5595 in
1767 5554 1817 5596 ca·

143 5610 229 5674 inque
244 5612 319 5662 sinus
333 5614 425 5664 matris
440 5614 558 5665 violento
572 5612 675 5677 depluit
688 5613 782 5664 imbrs.
988 5600 1052 5661 diue
1084 5602 1162 5659 ancli
1183 5601 1341 5677 Aruulphi.
