3892 6104
55 265 117 329 rar
471 265 548 330 reo
570 263 625 327 ss.
647 262 869 347 supparus,
887 258 1123 345 ¹astru-rorasse
1143 260 1194 347 nr
1216 260 1352 325 secus
1704 269 1763 353 rav
1857 222 1862 229 ’

53 404 149 469 erant,
166 401 341 457 estuantem
356 404 386 459 et
396 399 546 477 sitientem
560 396 653 464 valde,
670 393 787 453 sordido
799 393 884 452 voltu
897 394 924 465 Α
940 391 962 449 ti
977 395 1046 450 sunt
1057 391 1111 449 soli
1124 392 1723 471 pervivorumsuffragialiberantur.0uod
1735 400 1762 459 si

55 494 82 546 et
97 487 197 545 colore
212 488 333 562 pallido,
350 492 379 546 et
393 489 503 547 vulnus
517 487 548 542 iu
558 485 632 543 fecie
643 486 718 557 ejus,
730 485 806 556 quod
818 499 885 539 cum
939 487 1006 555 post
1016 482 1195 553 baptismum
1208 483 1680 560 Dinocratesidololatriapollutus
1695 490 1760 560 suit,

56 582 224 639 moreretur
238 577 342 635 habuit
343 617 398 634 .....
412 577 468 635 Pro
482 576 537 633 hoo
551 589 620 649 ergo
635 573 798 631 orationem
811 570 886 629 sece-
941 575 975 626 ut
986 569 1083 626 innuit
1091 571 1286 645 Augustinus,
1294 572 1404 630 nullius
1415 591 1485 632 saue
1501 575 1637 649 precibus
1648 578 1762 638 meritis

58 683 137 723 ram:
155 666 276 724 etinter
292 683 340 725 me
350 672 381 724 et
392 665 475 723 illum
485 663 598 738 grande
613 669 675 719 erat
689 658 886 735 diadema(vel
940 659 1034 730 poeuis
1048 659 1135 715 eximi
1151 660 1256 733 potuit.
1272 661 1403 737 Denique
1415 665 1588 722 tenebrosus
1603 665 1652 723 illc
1668 666 1763 735 locus,

59 756 228 827 diastema),
243 756 285 812 ita
297 760 330 812 ut
344 759 467 828 uterque
487 753 524 811 ad
538 752 663 809 invicem
673 749 810 827 accedere
828 763 886 805 non
941 747 991 804 ubi
1001 746 1169 806 Dinocrates
1193 749 1406 820 includebatur,
1422 770 1440 810 a
1454 756 1625 833 Purgatorio
1641 772 1763 829 prorsus

58 861 227 921 possemus.
237 845 306 901 Drat
321 843 427 919 deinde
443 843 473 901 iu
489 842 553 915 ipso
566 840 630 899 loco
649 838 699 897 ubi
714 837 887 916 Dinocrates
940 835 1072 893 diversus
1083 853 1272 894 communem
1283 837 1660 909 illumcerceremsonat,in
1674 861 1763 916 quem

59 940 129 1003 eret,
147 930 590 1007 piscinaplcuasqua,altiorem
602 926 764 1000 marginem
774 925 887 983 habeus
940 940 1043 983 omues
1058 929 1163 998 preter
1177 932 1338 1001 martyrum
1354 928 1470 986 animos
1490 931 1605 1001 conjici,
1621 931 1760 991 Patribus

60 1039 150 1097 qnam
172 1027 240 1080 erat
262 1026 377 1079 statura
399 1019 493 1095 pueri,
507 1024 537 1077 et
561 1017 736 1089 extendebat
751 1031 783 1072 se
798 1014 886 1071 Dino·
940 1012 1762 1094 benemultisltlontanistisquecreditum.lliucscriptum

59 1118 153 1171 crates
169 1111 259 1185 quasi
270 1111 428 1169 bibituros.
444 1113 504 1182 ligo
515 1108 662 1176 dolebam,
691 1102 770 1177 quod
799 1108 828 1160 et
843 1102 886 1176 pi·
940 1101 1119 1159 Tertulliano
1136 1103 1458 1177 :Totaperedieiclavis
1472 1112 1542 1165 tuus
1563 1109 1685 1182 sanguis
1706 1115 1761 1169 est.

59 1199 204 1259 seinaills
218 1216 328 1274 squam
341 1197 618 1264 babebat,ettameu
629 1190 889 1267 propternltitudi-
940 1191 977 1249 Dt
991 1190 1072 1264 ipsos
1087 1192 1269 1263 patriarchas
1296 1193 1418 1252 inferius
1433 1195 1556 1253 detineri
1571 1196 1695 1271 putavit,
1711 1198 1762 1256 do·

61 1289 287 1363 nemmarginis
310 1287 457 1346 bibiturus
471 1303 530 1353 nep
550 1288 637 1361 esset
654 1284 689 1341 Dt
720 1285 887 1362 experrects
941 1296 994 1337 nec
1009 1297 1027 1337 a
1041 1278 1156 1337 Christo
1186 1279 1389 1341 liberarentur.
1415 1283 1448 1341 In
1464 1300 1498 1341 eo
1525 1301 1651 1352 carcere,
1675 1300 1763 1357 quem

60 1395 136 1445 sum,
150 1382 182 1435 et
195 1376 320 1451 cognovi
330 1377 449 1434 fratrem
460 1390 559 1453 meum
570 1373 713 1431 laborare.
729 1370 785 1429 Sed
796 1370 886 1426 conil-
941 1366 1078 1445 limbum
1093 1369 1270 1429 recentiores
1297 1371 1409 1447 dicunt,
1432 1371 1601 1432 Dinocrates
1628 1362 1764 1433 collocari

63 1468 168 1526 debam
182 1468 373 1542 profuturam
385 1464 548 1523 orationem
559 1478 655 1521 meam
669 1459 762 1519 labori
771 1459 850 1533 ejus,
856 1461 887 1519 et
941 1458 1125 1533 censebatur.
1143 1481 1157 1510 a

60 1554 433 1629 orabamprosoomnibus
454 1552 559 1629 diebus
575 1565 728 1629 quousque
749 1545 886 1606 transivi·
975 1545 1036 1604 Vll.
1053 1547 1108 1604 'l'ot
1122 1564 1217 1621 nugas
1232 1564 1395 1622 nunquam,
1411 1555 1493 1631 puto,
1516 1551 1562 1609 vir
1576 1553 1763 1611 doetuseffu·

60 1645 319 1705 musincercerem
330 1648 520 1701 cestrensem.
530 1641 651 1701 Munere
660 1638 738 1697 enim
745 1634 886 1694 castrensi
940 1637 1046 1704 tiisset,
1060 1635 1116 1692 uisi
1127 1636 1338 1695 catholicorum
1350 1638 1490 1712 dogmata
1500 1641 1693 1715 impugnandi
1701 1630 1765 1699 libi·

60 1751 180 1793 eramus
193 1733 367 1807 pugnaturi.
393 1728 496 1790 Natale
509 1736 580 1788 tuno
603 1733 680 1786 octa
708 1726 841 1795 tenerier
857 1728 887 1782 et
902 1768 926 1835 B
941 1725 1009 1782 diue
1026 1729 1109 1782 ectus
1125 1725 1228 1783 luisset
1243 1727 1272 1782 iu
1297 1744 1436 1809 preceps.
1464 1729 1586 1805 Liquere
1608 1730 1637 1787 in
1658 1729 1763 1804 primis

60 1824 112 1881 leci
128 1840 184 1896 pro
198 1821 251 1879 illo
266 1821 429 1879 orationem
445 1821 492 1878 die
515 1823 544 1878 et
557 1822 643 1876 nocte
658 1833 779 1891 gemens
801 1818 830 1872 et
844 1811 887 1870 la·
942 1816 1023 1887 putet
1034 1814 1174 1871 adversus
1190 1816 1348 1886 Augustini
1375 1817 1554 1890 opinionem,
1576 1818 1760 1877 Dinocratem

60 1929 212 1987 erymans,
227 1916 261 1968 ut
287 1910 360 1967 mibi
378 1911 544 1983 donaretur.
574 1907 626 1965 Die
644 1911 753 1972 autem,
783 1902 887 1977 quoin
941 1901 1151 1975 quiseptenuis
1162 1902 1493 1977 obiit,baptismumnon
1504 1906 1596 1965 luisse
1607 1907 1761 1979 adeptum,

62 2017 147 2059 nervo
163 2000 345 2066 mansimus,
356 2002 508 2056 ostensum
523 2001 569 2055 est
584 1993 732 2053 mibihoo.
742 1992 831 2050 Video
842 1991 887 2048 lo·
941 1990 1019 2057 quod
1035 1995 1065 2047 et
1078 1991 1188 2047 sororis
1201 1991 1333 2064 exemplo
1348 1995 1463 2066 probat,
1480 1999 1509 2052 et
1519 2012 1553 2051 ex
1568 2011 1601 2053 eo
1616 1996 1694 2069 quod
1710 2012 1762 2068 pa·

62 2107 123 2146 rum
134 2087 238 2156 illum,
254 2104 343 2160 quem
366 2086 495 2144 viderem
509 2085 707 2154 tenebrosum,
723 2097 788 2141 esse
810 2079 887 2137 luci·
940 2083 986 2136 ter
999 2096 1017 2136 a
1031 2078 1171 2153 religione
1191 2079 1357 2139 Christiana
1368 2083 1443 2140 loret
1453 2082 1576 2143 alienus.
1587 2084 1648 2159 Ego
1663 2088 1761 2142 eutem

61 2179 146 2246 dum3
162 2181 194 2234 et
222 2176 411 2234 Dinocratem
435 2175 546 2232 mundo
561 2189 691 2247 corpore,
708 2171 780 2229 bene
798 2169 886 2227 vesti·
940 2167 1051 2241 liquere
1066 2173 1148 2241 puto,
1165 2169 1346 2229 salutaribus
1367 2170 1454 2229 undis
1469 2160 1653 2245 Dinocratem
1671 2172 1764 2231 luisse

61 2274 133 2338 tum,
149 2265 390 2339 refrigerantem,
404 2267 459 2321 etc.
475 2263 558 2321 Tunc
567 2260 695 2319 intellexi
710 2257 886 2318 translatum
941 2257 1093 2330 perfusum
1111 2259 1282 2330 :quodcum
1294 2264 1355 2317 totu
1364 2258 1513 2335 Perpetuo
1527 2260 1685 2331 familiu,ut
1700 2263 1764 2335 ipss

62 2372 124 2413 cnm
140 2371 211 2412 esse
227 2356 264 2410 de
278 2370 372 2425 piene.
940 2346 1094 2420 perspicue
1108 2350 1244 2404 testatur.
1261 2345 1368 2404 Christi
1385 2347 1554 2424 religionem
1566 2349 1765 2419 coleret,vero·

92 2441 393 2499 t⁷1.llalehabethic
407 2439 710 2509 locus,Protestnntes,
727 2441 828 2510 atquo
838 2435 888 2492 lle-
940 2433 1037 2509 simile
1053 2451 1111 2492 non
1127 2435 1176 2508 sit,
1192 2434 1334 2494 sollicitos
1363 2453 1413 2495 eos
1428 2456 1486 2496 non
1513 2438 1613 2506 luisse,
1630 2443 1662 2496 ut
1670 2455 1761 2515 puero

63 2532 156 2591 clesiae
165 2536 307 2589 Romans
324 2530 397 2587 tides
413 2530 448 2586 de
463 2527 646 2602 Purgatorio,
662 2527 742 2586 etde
757 2525 886 2582 vivorum
940 2523 1128 2603 periclitanti,
1144 2541 1197 2598 per
1206 2524 1345 2598 baptismi
1360 2532 1588 2599 sacromentum,
1605 2533 1763 2601 antequam

59 2622 198 2698 precibus
209 2636 265 2694 pro
276 2618 422 2676 defunctis
435 2616 627 2674 invictissime
638 2615 792 2681 astruitur,
803 2614 888 2671 adeo·
939 2613 1104 2699 decederet,
1121 2614 1335 2672 subveniretur.
1352 2618 1435 2673 Unde
1448 2616 1561 2674 nullum
1577 2622 1623 2675 est
1644 2616 1764 2674 omuino

60 2728 112 2784 que
127 2727 189 2767 nen
198 2709 321 2778 mirum,
337 2707 364 2764 si
373 2707 437 2779 ejus
448 2706 653 2763 auctoritatem
662 2703 825 2776 Basuagius
835 2720 889 2760 nu·
941 2706 1147 2777 argumentum
1166 2704 1243 2775 quod
1259 2719 1294 2761 ex
1304 2704 1412 2761 sororis
1426 2704 1558 2779 exemplo
1569 2704 1695 2762 conficit.
1710 2704 1763 2762 Fa·

59 2800 102 2874 gis
111 2798 257 2872 pluribus
273 2801 302 2853 et
312 2795 551 2853 cavillationibus
561 2798 683 2851 conatus
693 2798 738 2851 est
752 2791 885 2850 elevare:
940 2796 1004 2851 teor
1018 2790 1096 2848 enim
1111 2790 1235 2847 dilatum
1255 2792 1358 2850 multis
1373 2792 1441 2848 olim
1458 2795 1549 2851 luisse
1568 2794 1760 2863 baptismum,

61 2890 130 2946 «De
147 2904 211 2962 qua
240 2886 366 2956 visione,
395 2885 492 2958 inquit
506 2884 562 2956 (37)
584 2883 746 2940 audiendus
761 2885 806 2939 est
827 2887 887 2937 Au·
941 2872 999 2938 nisi
1013 2879 1077 2937 vitae
1093 2880 1256 2953 perieulum
1272 2880 1459 2939 immineret:
1476 2885 1506 2939 at
1520 2882 1569 2938 ubi
1585 2882 1613 2938 in
1630 2880 1762 2955 proximo

58 2978 202 3051 gostinus
212 2976 296 3047 (38):
313 2997 328 3024 »
348 2979 387 3030 De
403 2973 490 3029 tratre
505 2977 604 3029 autam
620 2975 725 3028 sanctie
741 2969 887 3041 Perpetua
941 2966 1112 3026 discrimine
1127 2969 1300 3025 versabatur
1310 2968 1439 3026 bominis
1468 2969 1762 3043 salus,quistantam

58 3068 230 3131 Dinocrate,
243 3079 298 3121 nec
313 3061 459 3136 scriptura
473 3061 539 3135 ipse
553 3059 694 3118 canonica
707 3062 762 3127 est,
777 3055 888 3115 necilla
941 3058 1041 3115 credet
1055 3056 1084 3112 in
1101 3053 1214 3112 familia
1227 3054 1394 3115 Christiana
1413 3057 1556 3115 desidiam
1572 3060 1605 3115 ut
1620 3056 1700 3115 nulla
1714 3072 1764 3114 eos

59 3156 100 3213 sic
115 3152 254 3228 scripsit,
265 3152 310 3209 vel
327 3152 494 3224 quicunque
509 3149 584 3207 illud
600 3148 729 3222 scripsit,
745 3152 779 3204 ut
802 3134 925 3205 illumG
943 3145 1025 3221 pueri
1040 3143 1070 3200 in
1086 3144 1225 3201 extremis
1251 3146 1363 3219 agentis
1390 3163 1461 3204 cura
1482 3145 1623 3221 tetigerit,
1651 3144 1764 3203 nullam

57 3260 185 3318 puerum
192 3236 887 3314 quiseptennismortuusluerat,siuebaptismc
943 3232 1063 3294 omuino
1073 3232 1304 3292 sollicitudiuem
1316 3235 1471 3308 gesserint,
1488 3240 1521 3292 ut
1536 3232 1764 3308 regenerationis

63 3335 176 3390 diceret
191 3331 291 3387 fuisse
302 3330 472 3385 defunctum
485 3345 492 3384 :
505 3345 557 3401 pro
573 3343 631 3401 quo
653 3325 704 3384 illa
718 3325 890 3382 imminente
943 3322 1057 3381 lavacro
1073 3324 1103 3380 in
1118 3328 1246 3380 extremo
1261 3322 1366 3380 saltem
1380 3322 1553 3401 spiritu,ch
1568 3322 1656 3381 invito
1671 3326 1764 3397 patre,

61 3422 220 3494 marmio,
237 3420 368 3476 creditur
397 3417 544 3485 exaudito,
561 3422 594 3472 ut
609 3433 627 3473 a
641 3414 734 3489 peonis
750 3414 890 3472 transier-
944 3410 1194 3487 pertunderetur?

57 3516 141 3569 retur
162 3509 200 3566 sd
218 3508 361 3581 requiem.
374 3506 448 3565 Nom
464 3505 546 3562 illius
561 3503 651 3563 elatis
665 3503 758 3578 pueri,
774 3508 892 3561 etmen-
983 3508 1093 3567 Deinde
1121 3509 1163 3566 nit
1176 3507 1379 3582 purgatorium
1409 3508 1464 3567 heo
1481 3508 1629 3584 Perpetua
1656 3507 1768 3566 visione

58 3601 107 3657 liri
134 3603 165 3656 el
179 3613 285 3655 terum
299 3594 391 3667 loqui,
420 3600 449 3652 θῑ
476 3594 617 3663 θουῦῑθτί,
647 3598 676 3650 ct
698 3609 802 3667 negare
829 3594 892 3666 jam
946 3600 1044 3675 ignem
1060 3597 1216 3672 exstingui.
1246 3598 1365 3655 Nonita
1392 3598 1488 3655 visum
1504 3604 1549 3656 est
1563 3598 1603 3657 Cl.
1620 3596 1770 3656 Hosltenio

60 3692 202 3763 possunt.
212 3686 320 3744 Dtideo
330 3701 398 3741 cum
409 3683 672 3758 baptizantur,jom
682 3687 711 3739 et
726 3681 892 3757 symbolum
948 3686 998 3762 qui
1015 3685 1126 3744 adhaec
1155 3686 1303 3761 Perpetua
1331 3687 1435 3759 verba,
1449 3712 1463 3739 «
1479 3688 1661 3745 AEstuantem
1685 3686 1770 3744 valde

65 3779 211 3849 addunt,
226 3780 256 3831 st
271 3774 328 3848 ipsi
340 3790 393 3847 pro
412 3789 444 3831 se
458 3774 495 3830 ad
510 3774 687 3846 interrogata
706 3772 893 3844 respondent.
948 3781 978 3834 et
990 3775 1148 3845 sitientem,
1167 3774 1264 3832 »hanc
1274 3775 1344 3832 satis
1359 3776 1491 3849 opposito
1502 3781 1600 3833 notam
1616 3775 1768 3848 adjunxit:

66 3867 141 3936 Quis
167 3865 265 3940 igitur·
278 3864 335 3920 seit
349 3865 427 3921 m
443 3867 542 3919 utrum
552 3879 624 3937 puer
638 3861 687 3918 ille
702 3864 769 3935 post
783 3860 895 3934 baptis·
950 3891 964 3918 a
980 3864 1118 3938 Apprime
1137 3863 1199 3920 hec
1221 3870 1387 3937 congruunt
1401 3881 1468 3921 cum
1481 3864 1614 3923 doctriua
1637 3863 1770 3921 Ecclesia

65 3971 151 4013 urum
167 3951 523 4028 persecutionistempore
538 3955 647 4023 apatre
661 3949 751 4023 impio
766 3965 818 4023 per
833 3949 895 4006 ido·
951 3952 1228 4026 dePurgatorio,ubi
1239 3957 1311 4010 aestu
1323 3952 1428 4027 etigne
1441 3954 1545 4009 animo
1558 3957 1768 4027 torquentur·

66 4045 224 4102 lolatrism
251 4042 340 4098 luerit
353 4040 498 4098 alienatus
512 4057 530 4097 a
543 4038 669 4111 cbristo,
686 4043 804 4112 propter
818 4039 896 4111 qued
951 4041 1071 4113 Deinde,
1081 4042 1152 4115 quia
1168 4058 1226 4097 uon
1237 4042 1273 4098 ed
1283 4042 1528 4114 exstinguendum
1541 4042 1627 4098 modo
1638 4043 1773 4115 purgato·

67 4133 98 4190 in
123 4131 349 4190 damnationem
378 4129 482 4187 mortis
512 4129 587 4200 ierit,
606 4146 659 4186 neo
677 4129 745 4185 inde
773 4127 897 4202 nisipro
952 4129 1029 4189 rium
1046 4129 1155 4203 iguem,
1171 4130 1222 4186 sed
1234 4130 1331 4203 ipsum
1348 4146 1464 4203 quoque
1478 4129 1772 4204 Purgateriumever·

68 4222 190 4281 Christo
206 4210 897 4292 moriturssororisprecibusdonatuserieritt»
952 4219 1087 4285 tendum,
1103 4218 1164 4274 haec
1182 4218 1343 4292 Basnagius
1368 4219 1512 4291 observat,
1537 4215 1774 4291 operaepretium

71 4312 265 4384 Baptismnm
290 4326 348 4366 non
365 4309 503 4381 adeptum
532 4305 898 4378 suisseDiuocratem,qul
953 4308 1021 4378 erit,
1051 4305 1278 4364 illiusauimum
1306 4308 1384 4364 m
1400 4306 1429 4362 in
1445 4306 1617 4365 memoriam
1642 4322 1776 4363 revocare

72 4399 226 4473 septennis
241 4399 301 4455 sato
316 4398 434 4454 iunctus
449 4400 520 4465 erut,
531 4413 564 4454 eo
579 4395 671 4468 liquet
682 4396 758 4469 quod
774 4400 803 4452 et
818 4411 901 4452 seror
954 4396 1102 4469 doctrine,
1118 4412 1206 4470 quom
1220 4395 1319 4470 sepius
1334 4395 1441 4469 legisse
1454 4394 1588 4453 existimo
1604 4396 1681 4469 apud
1693 4392 1776 4451 uobi-

73 4488 146 4559 ejus
154 4489 217 4560 jam
228 4491 333 4560 nupta,
341 4487 506 4560 jamsnnos
521 4484 595 4542 duos
610 4487 639 4541 et
653 4483 755 4558 viginti
772 4488 850 4552 nata,
860 4489 900 4540 ta·
916 4506 939 4573 D
954 4484 1041 4542 liores
1055 4484 1215 4557 theologos,
1241 4488 1271 4540 et
1285 4483 1494 4542 catholicarum
1522 4484 1650 4558 partium
1670 4483 1777 4541 acerri-

74 4594 143 4633 men
159 4580 223 4634 erat
239 4577 315 4633 inter
339 4574 566 4632 catechumenos
581 4578 610 4630 at
624 4577 737 4646 patera
761 4570 902 4646 religione
959 4591 1022 4631 mos
1038 4573 1205 4629 defensores
1217 4589 1224 4629 :
1237 4573 1349 4649 ¹dogma
1360 4571 1427 4628 fidei
1444 4590 1501 4630 non
1517 4589 1582 4630 esse
1596 4573 1701 4647 ignens
1716 4589 1778 4629 cor·

74 4664 327 4725 Christisusloret
337 4664 460 4721 alienus.
473 4664 553 4732 Quod
567 4679 636 4719 casu
652 4661 787 4736 precibus
803 4660 905 4735 Perpe·
959 4678 1058 4736 poree,
1075 4678 1112 4718 on
1128 4660 1193 4718 aliis
1223 4661 1326 4734 pranis,
1342 4662 1470 4719 tenebris
1484 4667 1566 4736 puta,
1582 4679 1715 4732 nroerore,
1730 4660 1783 4718 tri·

77 4761 138 4813 tom
151 4755 325 4813 Dinocrates
351 4752 469 4810 liberari
485 4770 543 4808 non
558 4751 665 4825 potuit.
683 4750 791 4809 Deinde
805 4751 904 4807 oxhac
960 4750 1043 4808 stitia
1058 4749 1235 4824 crucientur,
1248 4750 1355 4824 quibus
1365 4768 1432 4809 cum
1443 4753 1543 4809 exhao
1557 4752 1617 4809 vita
1627 4753 1782 4817 decedunt,

77 4845 195 4903 visione
205 4843 395 4918 purgatorius
406 4842 482 4916 ignis
498 4840 704 4915 exstinguitur.
714 4838 904 4897 Noninllam·
959 4838 1071 4913 aliquid
1095 4844 1228 4913 superest
1239 4840 1269 4897 in
1280 4842 1379 4898 lutura
1389 4842 1448 4899 vila
1457 4843 1655 4916 purgandum.
1669 4840 1780 4898 Sanein

78 4934 152 5001 mis,
166 4933 218 4991 sed
234 4932 265 4989 in
279 4932 343 4990 loco
359 4932 516 4988 tenebroso
530 4934 696 4989 versantem
720 4927 905 4987 Dinocratem
961 4928 1085 4989 concilio
1100 4928 1268 4987 Florentino
1297 4930 1379 4988 nulla
1403 4931 1493 4988 lorme
1518 4932 1637 4988 Latinos
1661 4929 1783 4985 interet

79 5021 170 5078 vidit.
185 5021 337 5096 Perpetua,
359 5020 414 5078 soli
443 5038 545 5094 poenae,
562 5036 625 5092 ques
653 5019 752 5076 damni
768 5023 822 5091 est,
848 5035 906 5075 uon
962 5019 1076 5077 Graecos
1090 5018 1126 5076 de
1149 5017 1320 5094 Purgatorio
1345 5019 1541 5077 controversia
1556 5019 1619 5092 luit,
1644 5015 1782 5090 quamvis

80 5127 193 5171 sensns
205 5112 370 5170 subditum.
383 5110 484 5184 Itaque
498 5109 672 5167 Ruiuortum
689 5108 730 5165 nil
742 5108 827 5181 Juvat
837 5106 908 5165 sisio
961 5109 1090 5169 Greci«
1106 5108 1322 5183 purgatorium,
1335 5126 1392 5166 non
1418 5109 1528 5183 ignem,
1552 5108 1603 5164 sed
1622 5105 1782 5163 obscurum

80 5202 145 5259 hmo
155 5201 307 5274 probando
323 5203 457 5257 mortuos
468 5215 582 5273 possea
596 5197 691 5272 pesnis
706 5214 780 5270 quas
791 5196 907 5270 patiun·
963 5199 1119 5273 quemdom-
1137 5197 1232 5256 locum
1245 5215 1278 5254 ac
1293 5196 1427 5254 laborum
1441 5197 1562 5269 plenum
1575 5217 1589 5247 n
1606 5211 1670 5251 esse
1681 5209 1781 5251 oense·

83 5296 134 5347 tur
147 5306 202 5364 per
216 5290 348 5347 vivorum
365 5305 464 5363 preces
479 5288 607 5346 liberari.
619 5287 730 5344 Etenim
748 5284 907 5343 exLatino·
966 5293 1031 5347 rcut
1047 5306 1053 5345 :
1071 5293 1099 5343 et
1113 5288 1184 5344 dum
1201 5287 1404 5359 Purgalorium
1420 5285 1611 5341 admitterent
1632 5285 1700 5358 (39),
1724 5284 1786 5341 sive

85 5396 153 5436 rum
163 5374 909 5452 sententiapoenasensusquibaptismumcousecu·
965 5376 1044 5452 iguis
1063 5377 1148 5446 illud,
1164 5377 1223 5433 sive
1245 5375 1421 5444 obscuritas,
1436 5373 1497 5429 sive
1511 5374 1608 5443 turbo,
1620 5374 1681 5430 sive
1695 5374 1724 5430 id
1734 5390 1787 5453 ge·

121 5522 181 5597 (37)
197 5524 281 5580 Anno
294 5522 358 5593 205,
374 5538 522 5581 num.v11.
1002 5521 1058 5595 (39)
1071 5513 1132 5574 ster
1151 5517 1204 5593 πῦρ
1229 5512 1310 5587 tecto,
1335 5510 1388 5571 ster
1413 5512 1494 5596 ζόφος
1518 5513 1563 5572 καὶ
1597 5513 1710 5591 θύελλα,
1736 5510 1789 5573 rire

123 5597 186 5672 (38)
202 5594 312 5653 Liblte
326 5597 423 5653 aalma
435 5603 462 5654 et
475 5596 536 5667 ejus
548 5593 664 5666 origine,
681 5606 745 5665 cap.
762 5591 806 5650 i0.
969 5590 997 5648 τὶ
1011 5590 1114 5667 ἕτερον,
1130 5586 1161 5643 οὐ
1175 5584 1366 5666 διαφερόμεθα.
1382 5589 1459 5679 sess
1473 5590 1523 5651 25,

249 5722 379 5784 Parvos.
403 5723 455 5784 ΙΙΙ.
1613 5719 1631 5785 e
