3892 6104
112 336 171 397 aar
635 337 853 399 NOVA'l'lANl
874 334 1124 397 recasurum
1147 334 1300 397 aetram
1674 330 1681 339 '
1765 336 1827 403 tte

111 468 219 537 lorum,
236 468 376 543 paulatim
398 471 540 545 disruptis
568 477 596 528 ot
621 472 771 545 ‹lissiputis
792 470 932 539 tenebris,
950 472 1025 539 Aut
1037 474 1065 527 et
1079 476 1155 527 neus
1165 470 1213 537 sit,
1231 469 1300 541 quia
1315 470 1363 525 Dei
1381 470 1473 527 Filius
1487 474 1542 537 est,
1560 475 1589 527 et
1616 470 1750 546 Angelus
1775 474 1823 541 sit,

112 560 195 616 estus
205 558 361 615 luminaris
372 559 459 617 istius
472 562 670 619 mediocribus
687 562 876 617 incrementis
889 560 942 617 sal·
997 561 1136 631 quoniam
1148 560 1488 632 pateruaedisposltiouis
1498 564 1692 619 annuntiator
1702 568 1750 619 est
1761 580 1768 619 :
1780 564 1825 619 ia·

112 648 206 705 lenter
216 666 375 721 assurgens
387 650 487 707 oculos
498 651 652 707 hominum
665 649 943 707 sensimassuelacit
997 650 1126 719 tclligcre
1142 650 1248 705 dehent
1262 654 1364 705 contra
1378 651 1545 721 Scripturas
1561 668 1592 707 se
1606 668 1695 725 agere
1711 652 1825 709 hareti-

114 736 150 793 ad
167 740 262 793 totum
278 738 378 794 orbern
394 756 481 795 suum
507 742 662 796 l'ercnnum
687 757 738 813 por
763 740 944 795 incrementa
998 739 1033 811 ci,
1051 740 1100 811 qui
1116 738 1263 793 christum
1282 756 1349 797 cum
1366 739 1467 796 dicant
1492 756 1523 795 se
1545 746 1574 796 et
1601 740 1748 814 Angelum
1771 760 1825 799 ere·

116 826 279 881 radiorum.
295 826 343 883 Sic
359 844 427 899 ergo
443 834 470 885 ct
485 830 628 895 Christus,
653 830 682 884 id
705 834 747 885 cst
771 830 867 901 image
893 828 942 883 Dei
999 829 1077 889 dero,
1095 827 1188 883 nolint
1203 827 1286 883 illum
1299 828 1387 884 etiam
1404 834 1496 885 Deum
1513 830 1719 903 pronuntiare,
1743 848 1825 904 quem

114 916 143 971 et
154 914 245 971 Filius
261 916 319 987 Dei,
332 918 368 973 ab
382 918 552 975 hominihus
573 920 737 988 inspicitur,
754 936 813 991 qua
833 922 946 991 poterat
998 917 1028 973 iu
1046 917 1137 973 Veteri
1151 918 1338 974 Testamenta
1351 920 1387 973 ad
1411 918 1611 975 visitationem
1638 922 1759 993 generis
1777 920 1827 977 hu·

114 1002 217 1059 videri.
234 1004 269 1059 Et
285 1005 349 1061 idco
365 1007 509 1079 fragilitas
525 1011 554 1063 et
570 1009 757 1064 mediocritas
780 1008 867 1063 sortis
890 1006 944 1061 hu·
1000 1006 1079 1061 mani
1097 1008 1197 1086 legunt
1212 1024 1288 1078 saepe
1309 1008 1434 1063 venisse.
1461 1008 1566 1065 Adhuc
1585 1009 1693 1081 adjecit
1719 1010 1828 1083 illapsos

116 1108 212 1149 mauae
226 1110 278 1165 par
293 1095 390 1167 ipsum
404 1095 502 1167 alitur,
520 1098 703 1169 producitur,
732 1098 891 1153 educatur:
914 1100 947 1151 ut
1000 1098 1078 1166 (deu.
1095 1095 1476 1163 urm,-l),Abrahsevisum
1492 1096 1584 1153 Deum
1601 1098 1826 1169 apudquereum

115 1181 754 1257 aliquandoDeumquoqueipsumPatrem,
772 1182 948 1242 assistem-
1002 1184 1140 1251 Mambre‚
1158 1184 1408 1256 sedenteipsead
1439 1186 1548 1241 ostium
1577 1187 1764 1244 tabernaculi
1784 1190 1828 1245 sui

113 1270 189 1327 lium
206 1272 384 1344 conspicere,
403 1276 507 1347 possit,
523 1279 556 1330 ut
570 1280 624 1343 est,
639 1275 757 1346 videre,
783 1292 819 1330 nc
844 1275 949 1343 majes'
1003 1273 1142 1339 meridie;
1158 1277 1186 1328 ct
1201 1272 1404 1343 nihilominus,
1419 1290 1486 1329 cum
1502 1279 1562 1331 tres
1572 1276 1779 1348 conspexisset
1791 1276 1828 1335 vi·

117 1360 188 1417 tatis
202 1360 298 1433 ipsius
310 1363 462 1433 repentino
472 1368 501 1419 et
512 1363 689 1421 intolerabili
702 1365 814 1436 fulgore
829 1380 947 1435 percus·
1003 1379 1060 1429 ros,
1076 1378 1169 1417 unum
1184 1378 1219 1417 eu
1235 1361 1293 1418 illis
1307 1362 1463 1420 Dominum
1477 1380 1669 1436 nuncupasse
1683 1390 1692 1434 ς
1708 1382 1827 1437 quorum

120 1466 154 1506 ee
168 1448 303 1523 intercipi
319 1450 425 1523 possit,
442 1458 475 1509 ut
488 1453 582 1509 Deum
599 1458 714 1510 Patrem
730 1470 817 1525 quem
832 1468 948 1525 semper
1003 1466 1068 1507 cum
1080 1450 1167 1523 pedes
1180 1449 1309 1519 lavisset,
1322 1451 1471 1508 cineritios
1487 1468 1579 1525 panes
1589 1468 1659 1508 cum
1677 1454 1792 1528 butyro,
1801 1460 1829 1513 et

120 1538 242 1611 optavit,
260 1539 431 1597 videreneu
452 1543 553 1614 possit.
576 1544 615 1599 Es
639 1560 696 1615 quo
720 1542 811 1598 Filius
834 1546 879 1597 ost
899 1541 948 1599 hic
1001 1539 1195 1612 ipsiuseopia
1214 1539 1299 1597 lactis
1328 1541 1421 1609 ollcrt,
1451 1546 1480 1597 et
1505 1546 1537 1597 ut
1565 1542 1702 1614 hospites
1730 1544 1827 1600 retenti

119 1628 170 1701 qui
182 1628 313 1695 videtum
327 1630 375 1685 Dei
387 1636 485 1687 autern
508 1631 609 1699 Filius,
622 1632 670 1688 Dei
681 1632 809 1687 Verbum
823 1636 881 1699 est,
900 1631 946 1687 Dei
999 1634 1195 1695 vescerentur,
1213 1630 1357 1687 hortatur.
1374 1631 1521 1702 Postque
1537 1636 1566 1687 ct
1581 1633 1661 1703 quod
1687 1636 1768 1703 pater
1789 1632 1828 1689 lu·

117 1720 216 1774 autem
231 1716 360 1774 Verbum
377 1736 442 1775 caro
459 1722 567 1777 lactum
584 1726 629 1777 est
643 1725 670 1777 et
691 1722 832 1777 liutritavit
851 1722 880 1775 in
898 1737 945 1777 uo·
1001 1723 1086 1774 turus
1097 1720 1286 1790 esset,audit:
1299 1720 1640 1791 etquodSarauxoreJ‘us
1657 1721 1827 1793 parituraex

116 1806 179 1863 his:
196 1807 243 1863 hic
263 1811 360 1865 autem
377 1808 511 1866 Christus
528 1815 583 1867 est.
617 1812 695 1881 Oria,
721 1810 842 1881 malurn,
873 1810 945 1865 ratio
962 1844 986 1908 B
1002 1807 1065 1878 ipso
1076 1807 1170 1862 lilium
1183 1812 1272 1875 essct,
1288 1808 1391 1863 ediscit
1402 1826 1408 1863 :
1421 1814 1449 1863 et
1459 1810 1495 1864 de
1509 1809 1590 1865 exitu
1600 1810 1824 1881 Sodomitarum,

119 1900 165 1953 est
182 1900 214 1951 ut
229 1896 381 1953 dubitetur
395 1898 472 1955 Deus
488 1899 555 1969 dici,
573 1900 621 1970 qui
638 1904 679 1955 tot
701 1901 796 1955 modis
811 1900 888 1955 Deus
903 1899 947 1953 in·
1003 1912 1069 1968 queo
1085 1898 1273 1952 inurebantur
1288 1897 1358 1968 pati,
1375 1899 1556 1969 recognoscit
1568 1914 1574 1954 :
1588 1900 1705 1971 etquod
1717 1904 1825 1971 propter

120 1983 264 2057 telligitur
277 1987 455 2057 aporohari?
478 1991 517 2044 Ao
543 1989 566 2043 si
591 1994 620 2044 et
644 1992 717 2061 Agar
735 1989 810 2061 (Gerr.
836 2005 893 2057 xva,
908 1989 949 2059 7),
1005 1984 1162 2041 clamorem
1178 1986 1373 2041 Sodomorum
1387 1986 1464 2042 Deus
1474 1987 1686 2057 descendisset,
1698 1987 1822 2043 addiscit.

119 2073 255 2131 ancillam
270 2078 345 2131 Surae
361 2078 396 2131 de
411 2078 498 2133 domo
513 2079 636 2147 ejectam
653 2078 800 2150 pariteret
820 2080 950 2149 fugatam
1005 2074 1066 2137 Quo
1082 2074 1111 2129 in
1128 2074 1189 2129 loco
1210 2074 1234 2129 si
1261 2074 1376 2130 Patrem
1400 2073 1503 2129 volunt
1526 2075 1617 2130 videri
1645 2082 1717 2131 tunc
1744 2076 1823 2133 luisse

117 2161 492 2237 Angeluscenvenitapud
517 2168 627 2221 iontem
653 2184 734 2238 eques
760 2166 789 2221 in
812 2167 860 2222 ria
883 2166 950 2234 Sur,
1006 2179 1074 2217 cum
1090 2161 1209 2233 Angelis
1233 2162 1347 2218 duobus
1377 2160 1504 2235 hospitio
1533 2166 1698 2235 receptum,
1722 2163 1821 2218 Patren

119 2250 195 2321 luges
212 2266 317 2307 causas
333 2252 494 2327 interrogat
509 2260 596 2325 atque
610 2254 726 2325 accipit,
743 2260 772 2309 ot
802 2259 868 2327 post
891 2254 952 2309 hac
1006 2250 1516 2308 visibilemhnrreticicrediderunt:
1535 2252 1670 2307 siautsm
1681 2251 1819 2324 Angelum,

122 2338 302 2397 humilitatis
317 2343 440 2399 oernsilia
461 2342 603 2416 porrigit;
633 2361 715 2417 spem
748 2350 885 2417 praetcrea
911 2334 953 2399 illi
1008 2358 1074 2397 cum
1091 2357 1126 2396 ex
1140 2340 1257 2411 Angelis
1272 2340 1368 2397 tribus
1384 2358 1462 2396 uuus
1477 2340 1818 2414 Dominusnuncupatur:

126 2428 252 2483 materni
269 2430 397 2486 nominis
414 2431 492 2501 lacit,
510 2432 644 2504 quodque
659 2448 693 2487 ex
709 2432 953 2503 uteroejusmul-
1009 2448 1070 2497 cur,
1088 2431 1164 2503 quod
1182 2448 1238 2487 aon
1255 2428 1338 2498 solet,
1361 2429 1490 2503 Angelus
1516 2430 1594 2486 Deus
1618 2430 1752 2487 dicitur?
1773 2428 1828 2501 aisig

125 2518 191 2571 tum
204 2532 303 2573 semea
319 2523 395 2575 essct
410 2521 539 2576 suturam
556 2522 681 2593 spondet
696 2526 785 2593 atque
797 2522 954 2593 promittit,
1009 2520 1160 2592 quonium,
1176 2523 1208 2573 ut
1223 2518 1280 2575 Dee
1295 2519 1371 2574 Patri
1387 2518 1576 2575 invisibilitas
1592 2520 1711 2592 propria
1729 2520 1822 2595 redde-¹.¹

133 2606 161 2660 at
176 2607 254 2677 qued
272 2606 375 2663 Ismacl
391 2625 425 2664 ex
441 2609 491 2665 illa
505 2610 585 2665 nasci
602 2611 731 2673 haberet.
757 2616 786 2667 et
811 2628 877 2667 cum
901 2628 955 2667 ece·
1010 2614 1068 2678 tur,
1083 2612 1112 2663 et
1127 2608 1235 2680 Angelo
1252 2607 1370 2680 propria
1384 2606 1573 2663 mediocritas
1588 2606 1760 2675 remittatur,
1771 2622 1812 2663 eeu

130 2692 202 2749 teris
211 2695 408 2765 aperitlocum
419 2698 610 2755 habitationis
625 2700 729 2771 ipsius,
741 2702 955 2772 actumqucde-
1009 2696 1067 2753 uisi
1084 2697 1132 2751 Dei
1149 2697 1250 2767 Filius,
1267 2696 1316 2768 qui
1331 2701 1360 2752 et
1375 2702 1451 2752 treus
1465 2701 1520 2765 est,
1548 2696 1673 2751 Abraha
1694 2697 1776 2767 visus,
1791 2698 1811 2751 et

131 2781 724 2859 scribit:huncautcmAregeluru,⁰2⁰
746 2794 774 2845 ct
799 2790 954 2845 hominum
1009 2784 1364 2859 hospitioreccplusesse
1388 2786 1523 2841 credetur
1551 2786 1618 2857 (Sl).
1648 2786 1727 2850 Quod
1751 2783 1808 2841 euin

129 2870 282 2944 Scriptura
300 2875 437 2947 proponit
451 2882 481 2932 et
495 2876 587 2933 Deum
605 2880 685 2949 (uum
708 2894 760 2933 nec
788 2878 844 2951 (33)
871 2879 956 2936 bene·
1009 2880 1071 2930 erat
1085 2876 1214 2942 saturus,
1231 2874 1427 2930 meditabatur
1442 2874 1472 2929 in
1488 2878 1687 2943 sacramento,
1712 2872 1808 2929 Abrabe

127 2960 285 3019 dictionem
296 2966 418 3023 seminis
430 2968 627 3039 promisisset,
639 2967 695 3023 nisi
705 2968 866 3040 Angeluset
878 2968 955 3025 Deus
1010 2964 1103 3019 sactus
1116 2964 1234 3037 hospes,
1250 2964 1327 3034 apud
1346 2963 1470 3019 Abrahae
1500 2963 1578 3019 ulios
1604 2964 1719 3019 saturus
1740 2962 1806 3035 (iere.

125 3049 242 3120 fuisset)
256 3069 263 3107 :
279 3060 411 3124 quarunt
426 3056 497 3127 quid
522 3056 551 3111 in
583 3057 720 3127 prasenti
743 3059 805 3113 loco
827 3058 955 3114 heretici
1009 3070 1070 3123 sur,
1086 3053 1134 3123 5),
1151 3054 1236 3124 cujus
1247 3052 1375 3107 illiorum
1387 3052 1486 3123 pedes,
1496 3052 1532 3107 ad
1543 3050 1740 3122 probationem
1749 3046 1806 3121 quel

124 3142 258 3195 tractent.
275 3141 358 3199 Pater
373 3143 429 3199 luit
442 3144 497 3200 iste
514 3145 565 3215 qui
581 3146 617 3201 ab
643 3147 718 3217 Agar
734 3146 816 3202 risus
838 3150 891 3217 est,
916 3163 953 3201 an
1009 3143 1072 3215 ipse
1088 3146 1175 3209 esset,
1192 3140 1285 3197 abluit
1297 3158 1304 3209 ;
1318 3140 1443 3195 reddens
1459 3142 1533 3197 tm
1551 3140 1582 3195 in
1597 3140 1668 3195 tiliis
1694 3141 1738 3211 jus
1758 3138 1806 3193 het·

125 3228 208 3283 non?
222 3230 292 3301 quia
306 3232 382 3289 Deus
399 3234 511 3305 positus
527 3238 581 3290 est.
605 3235 660 3290 Sed
687 3234 763 3291 absit
782 3236 873 3292 Deum
899 3205 990 3291 Po-(i
1010 3232 1173 3303 pitulitatis,
1190 3230 1266 3303 quud
1283 3228 1442 3301 aliquande
1468 3228 1509 3284 illi
1538 3229 1716 3302 feneraverat
1737 3230 1805 3299 pater.

125 3320 199 3374 trem
215 3320 357 3393 Angelum
372 3322 469 3379 dicere
484 3344 490 3391 3
507 3341 543 3381 ne
559 3324 641 3379 alteri
664 3325 800 3380 subditus
828 3326 876 3391 sit,
900 3340 952 3380 cu·
1008 3321 1088 3377 Unde
1104 3323 1132 3376 et
1148 3334 1184 3375 uc
1198 3336 1257 3391 qua
1270 3324 1349 3375 esset
1364 3318 1509 3374 dubitatio
1537 3318 1609 3390 quin
1637 3318 1694 3375 iste
1712 3312 1805 3373 surde

122 3408 173 3479 jus
187 3407 317 3481 Angelus
333 3410 430 3467 suerit.
460 3413 515 3467 Sed
545 3412 690 3483 Angelum
719 3414 816 3469 tlicent
843 3414 950 3471 luisse:
1006 3410 1113 3481 hospes
1144 3408 1256 3477 luisset,
1285 3407 1315 3462 in
1345 3408 1563 3463 Sodomitarum
1593 3407 1673 3462 exitu
1713 3402 1805 3478 ponitur

127 3498 272 3567 quomodo
288 3512 354 3569 argu
372 3504 447 3556 licus
462 3501 527 3570 crit,
543 3501 567 3575 si
582 3501 712 3574 Angelus
727 3502 880 3557 iuit‘lcmn
893 3519 949 3558 non
1006 3498 1084 3571 (Gerr,
1097 3516 1156 3563 xrs,
1171 3498 1227 3569 23).
1244 3497 1379 3565 Quosdam
1393 3497 1465 3567 ptuit
1484 3496 1619 3551 Dominus
1643 3512 1724 3568 saper
1743 3488 1804 3549 Sedl-

126 3584 234 3642 sithoc
248 3602 354 3641 nomon
370 3590 488 3661 Angelis
518 3607 647 3661 unquam
678 3606 866 3657 corrccesum3
893 3593 949 3647 nisi
1005 3588 1469 3655 oranretGomorrbumipuernet
1497 3576 1804 3657 sntpearouomtsrte

126 3673 266 3744 queniam
281 3692 316 3731 ex
336 3679 460 3749 utroque
482 3678 570 3735 latere
595 3696 648 3735 rios
672 3680 779 3735 veritas
803 3680 833 3736 in
863 3680 950 3737 istam
1005 3680 1081 3736 culo.
1094 3678 1141 3734 Sic
1155 3678 1234 3734 eninr
1249 3682 1278 3733 et
1304 3677 1460 3750 prophetes
1476 3692 1511 3731 es
1526 3692 1653 3748 persona
1669 3677 1732 3732 Dei:
1749 3667 1801 3729 ert·

125 3761 274 3819 concludit
287 3766 481 3824 scatentium:
500 3768 569 3840 quia
583 3770 639 3839 (30)
656 3768 817 3841 intelligere
846 3770 949 3826 debes·
1006 3771 1074 3825 rcrti
1087 3784 1144 3835 ees,
1160 3768 1267 3839 inquit,
1287 3768 1357 3823 sieut
1380 3767 1512 3822 subuertit
1535 3766 1674 3821 Dominus
1699 3764 1751 3835 (35)
1767 3758 1801 3813 St·

125 3867 191 3909 mus
205 3852 254 3909 Dei
271 3853 376 3910 Filium
390 3855 498 3915 luisse:
515 3857 565 3929 qui
593 3856 731 3928 quoniam
758 3874 792 3913 ex
818 3860 873 3914 Deo
893 3863 948 3923 est,
1004 3855 1502 3927 dorrruniettlcmorrbum(.·tmos1v,
1520 3856 1575 3926 11).
1592 3854 1732 3911 Dominus
1754 3856 1804 3918 erut

124 3941 229 3998 merite
244 3948 331 4015 Deus,
344 3944 414 4016 quia
427 3944 478 4001 Dei
494 3946 595 4013 Filius,
611 3946 707 4002 dictus
724 3947 781 4003 sit:
807 3948 948 4019 quoniam
1003 3948 1160 4004 Sodomam
1177 3945 1330 4013 subvertit,
1343 3944 1372 3999 id
1386 3948 1441 4014 ast,
1452 3943 1530 4000 Deus
1540 3944 1699 3999 Sodomam
1711 3942 1807 4029 subiet·

124 4031 643 4105 Patrisubdituset[31]annuutiator
653 4040 778 4106 paternae
789 4037 948 4095 voluntatis
1004 4038 1053 4094 tit:
1075 4035 1167 4092 sedin
1182 4034 1372 4091 subversione
1387 4034 1583 4090 Sodomorum
1599 4032 1738 4088 Dominus
1751 4020 1810 4103 pltssl

124 4126 179 4189 est,
195 4122 292 4194 magni
308 4123 422 4179 consilii
436 4125 565 4197 Angelus
578 4126 787 4197 prenuntiatus
803 4131 857 4184 cst.
873 4128 948 4201 Ergo
1002 4126 1101 4199 ignem
1113 4142 1129 4180 a
1139 4124 1274 4180 Domino.
1284 4122 1335 4178 llio
1347 4126 1446 4178 autem
1457 4118 1814 4178 DominusvisusestAbrfl·

123 4207 365 4281 sihiclocus(1t·2)
381 4227 474 4283 neque
484 4228 615 4284 personae
630 4213 724 4269 Patris
751 4215 895 4287 congruit,
912 4232 948 4273 ne
1003 4217 1047 4272 hm
1058 4216 1151 4271 Deus:
1163 4213 1348 4269 Deusautem
1360 4211 1521 4283 hiohospes
1532 4216 1577 4267 est
1589 4210 1730 4278 Abrahae,
1744 4206 1815 4295 riettl

124 4298 253 4370 Angelus
267 4299 419 4368 dictussit,
434 4318 529 4373 neque
541 4319 670 4374 persona
693 4303 805 4375 Angeli,
820 4322 856 4359 no
872 4309 948 4363 Deus
1004 4307 1103 4375 utique
1114 4302 1183 4377 quia
1194 4301 1363 4358 tactuszsed
1375 4292 1817 4371 curnPater,quia(36)inrisib¹·

25 4410 28 4419 ·
125 4389 333 4459 pronuntiatus
348 4390 405 4447 sit:
422 4408 551 4463 persona
567 4396 666 4449 autern
681 4392 785 4448 Christi
812 4396 947 4452 convenit
1001 4396 1181 4463 lis,nectunc
1191 4391 1382 4463 utiquevisus
1393 4389 1432 4446 sit
1442 4408 1449 4457 ;
1460 4388 1542 4445 visus
1553 4392 1601 4445 est
1611 4368 1816 4460 ethoepitietssl

769 4520 926 4583 Gallandii
941 4519 1197 4584 commentarius.

163 4620 220 4693 (29)
235 4622 304 4677 Nam
315 4638 374 4687 nec,
391 4627 445 4678 etc.
458 4623 523 4679 llao
546 4624 634 4680 verba
658 4626 841 4697 parenthesis
857 4628 988 4697 formal)
1005 4629 1082 4684 dicat
1098 4625 1267 4697 predictum
1292 4623 1448 4695 Scriptura
1478 4622 1588 4691 locum,
1619 4638 1707 4695 quem
1733 4606 1839 4675 auctm

127 4693 213 4766 posui
227 4709 293 4749 cum
311 4694 410 4750 Franc.
428 4694 526 4761 lunio,
542 4701 571 4752 et
585 4696 737 4767 periodum
753 4698 843 4753 desivi
863 4701 950 4756 verbo
1005 4697 1148 4757 edisserit.
1168 4697 1208 4752 lu.
1827 4738 1831 4747 .

128 4766 255 4834 tractent,
267 4765 351 4820 aliter
365 4781 398 4820 ac
426 4767 507 4831 editi,
527 4783 614 4822 sensu
638 4774 736 4823 tamea
759 4772 949 4841 suffragante,
1040 4772 1097 4842 (33)
1113 4772 1209 4839 ipsius.
1236 4766 1360 4838 Conjicit
1382 4765 1548 4821 Jacksonus
1570 4764 1728 4835 legendum
1752 4748 1848 4835 ip⁵²⁸'

129 4842 161 4893 ut
175 4835 320 4909 integram
337 4838 526 4908 perpendenti
551 4840 703 4909 periodum
725 4856 789 4911 que
814 4841 917 4914 incipit
934 4861 952 4898 a
1005 4843 1059 4897 Sed
1077 4845 1192 4897 obstare
1204 4840 1321 4895 videtur
1332 4838 1499 4907 conjunctio
1511 4836 1690 4909 praecedens.
1838 4878 1850 4927 p

127 4909 224 4966 verbis
239 4910 275 4963 Ac
288 4910 314 4963 si
328 4914 355 4963 ct
370 4910 453 4977 ,ipen
470 4910 588 4979 piutcbit.
605 4912 740 4967 tarmes.
1042 4914 1097 4984 (st)
1110 4912 1252 4967 t‘rrrtehua
1268 4912 1311 4965 lta
1326 4910 1396 4965 editi
1412 4910 1447 4965 ad
1475 4926 1567 4964 unum
1583 4924 1698 4975 omues,
1714 4900 1840 4975 exce?

163 4982 220 5106 (30)
232 4981 312 5049 Quia.
325 4980 497 5050 Suspicatus
514 4981 885 5055 tvelehmanustegendum
897 5002 950 5057 prm
1007 4983 1257 5050 tt'elehmanicue,
1275 4982 1324 5037 uhi
1337 4998 1476 5037 excusum
1493 4980 1626 5037 studiose
1640 4982 1777 5035 emautur.

127 5056 154 5109 et
191 5069 224 5109 oc
240 5053 356 5107 videtur
371 5052 478 5121 aptius.
497 5054 536 5107 lo.
1042 5058 1098 5128 (3.3)
1115 5056 1258 5111 Danuvius.
1280 5054 1326 5109 Sic
1342 5052 1500 5117 l’aruclius,
1529 5068 1654 5123 eamque
1679 5040 1850 5107 lectiou9

161 5124 215 5193 (31)
232 5125 366 5193 Otroia-ium
382 5126 460 5178 l’ctri
483 5123 607 5179 subditus
629 5132 665 5179 ct.
695 5125 805 5180 Sensus
828 5126 952 5197 requirit
1006 5124 1672 5197 adnicutcmNovstiauiquieamdempuulo
1701 5126 1765 5195 post

22 5218 29 5225 ·
126 5194 182 5277 legi
197 5196 241 5253 vel
255 5200 280 5252 ct
296 5197 436 5267 praesciam,
453 5196 495 5250 vel
507 5198 637 5267 ‹puerru'um
649 5200 755 5259 uertere,
771 5200 895 5266 autquid
911 5200 951 5253 si·
1007 5201 1089 5272 petit,
1106 5202 1206 5254 tuetur
1220 5198 1395 5253 ducksonus.
1412 5196 1454 5251 Al.
1472 5197 1553 5251 Deus.

127 5267 651 5339 rnrle.'iresvcrovocessequentes,
680 5270 759 5322 l'utri
777 5270 901 5324 ,victricius
915 5276 951 5335 et,
1043 5274 1098 5342 pst)
1127 5272 1206 5339 Qreic.
1236 5270 1279 5324 lta
1303 5272 1380 5324 recte
1405 5267 1573 5323 emendarit
1610 5250 1850 5323 melcumani?

127 5338 243 5393 exhibet
257 5337 345 5393 editio
363 5338 493 5409 pamelii,
509 5344 681 5411 mgrrmcuto
710 5340 836 5393 auctoris
867 5341 895 5395 in
921 5342 950 5397 id
1007 5342 1387 5414 procarraccetenses.

126 5409 335 5465 consentiente.
352 5410 432 5473 Quod
457 5418 553 5466 autem
570 5410 635 5465 aliis
651 5410 759 5465 absunt
773 5412 880 5466 eiusdem
904 5429 951 5468 vo·
1041 5418 1097 5485 (37)
1112 5415 1242 5483 Hospitio.
1259 5412 1339 5467 llanc
1366 5410 1455 5467 ctiam
1474 5424 1575 5466 vocem
1599 5414 1679 5465 recte
1707 5400 1846 5463 restit*

127 5496 185 5537 eas.
203 5481 615 5553 omittendiansamarripuit
632 5481 849 5538 wolchmanus.
868 5483 910 5539 lu.
1005 5484 1084 5540 idcm
1101 5484 1320 5550 tt'clehmanus,
1338 5500 1388 5555 pro
1418 5482 1555 5554 impress.
1584 5480 1747 5564 liespitibus.
1776 5476 1849 5533 SV

163 5551 265 5621 (32)3ι’
281 5550 484 5608 dicturuslta
501 5552 655 5609 t‘arnclius.
674 5554 704 5609 ln
726 5554 791 5609 aliis
816 5555 899 5609 codd.
927 5557 952 5611 si
1007 5556 1486 5627 ursleemisitverhactucceptus,
1504 5570 1568 5625 qua
1588 5554 1850 5611 retinentem&

128 5622 213 5694 locas,
229 5623 339 5678 omisso
354 5625 406 5695 bic,
423 5642 497 5697 ipuos
516 5628 634 5681 secutus
658 5630 703 5680 cst
726 5626 948 5682 lt'clchmauus.
1006 5629 1085 5685 editi.
1125 5630 1165 5685 lo.

125 5692 184 5753 Sed
199 5693 295 5755 male:
312 5710 381 5753 nam
396 5696 498 5754 vocata
515 5695 566 5755 illa
580 5696 809 5759 demonstrativa
823 5702 889 5773 apte
903 5698 952 5757 iu·
