3892 6104
1654 25 1660 33 =
1691 44 1696 61 Ι
1748 25 1890 68 ‘'1'12'5'7'2.

1801 52 1806 60 ι
1878 50 1896 70 μ

1769 88 1778 96 -
1796 70 1813 97 Ι·
1842 69 1885 99 ...1¹

1847 107 1855 116 -

177 244 255 305 itit
697 240 750 303 DE
771 240 1067 303 amauricouutt
1089 238 1351 304 transuere.

175 372 399 437 satharcheos
420 372 583 429 secundum
612 371 815 445 Evangelicam
841 372 941 428 1οΠ
971 376 1000 427 st
1014 374 1041 439 A
1056 370 1158 427 tots}
1173 375 1206 426 ut
1221 372 1335 443 possint
1349 370 1411 427 deri
1425 370 1462 427 de
1478 370 1654 428 adversariis
1678 368 1768 425 amici
1791 371 1821 424 et
1843 369 1878 425 da

176 460 367 531 apostolicam
380 462 609 517 contesetionem
623 462 804 517 adversarios
819 460 926 517 Christi
941 461 998 531 (13)
1053 460 1234 516 antichristis
1249 461 1406 516 Christiani
1421 462 1488 533 (iti.
1506 461 1601 515 Exstat
1615 460 1665 517 bec
1676 458 1829 515 concilium
1843 456 1877 513 od

175 552 204 603 et
218 548 408 605 antichristos
432 550 603 622 appellatos,
633 551 748 620 qnando
774 549 811 604 ad
841 548 998 605 Ecclesiam
1053 564 1082 619 p.
1097 549 1160 614 329,
1175 549 1240 605 edit.
1256 549 1484 607 caecumine&
1503 548 1648 621 Cypriani.

176 638 317 703 venerint,
329 636 556 695 unicoCcclesie
565 639 712 710 baptismo
723 636 912 709 baptizandos
923 651 997 704 osso,

892 734 1058 797 lariorum
1074 742 1167 797 notae.

176 828 324 906 δεχόμεθα,
349 831 394 885 καὶ
415 832 465 900 τὴν
488 832 600 905 πρώτην
617 832 722 905 ἡμέραν
745 834 875 903 ποιοῦμεν
899 828 997 890 αὐτοὺς
1052 830 1181 887 Primum
1198 832 1234 889 ab
1249 850 1282 889 eo
1294 834 1349 890 hoc
1364 834 1509 889 monitum
1524 837 1579 903 eat,
1595 832 1673 904 quod
1689 834 1718 887 et
1734 828 1875 886 olbiara·

175 902 364 987 Χμιοτιονοὺς,
392 904 442 971 τὴν
469 900 497 957 δὲ
522 900 647 979 δευτέραν
681 902 917 989 κατηχονμένονς,
941 900 998 955 εἶτα
1052 904 1383 974 nusinl’rsefctioucod
1406 904 1434 960 S.
1461 904 1597 977 Cypriani
1619 902 1668 975 Op.
1691 902 1824 958 ostendit
1844 916 1870 971 p·

174 994 209 1045 τῃ
231 973 310 1049 τρίτῃ
338 974 511 1049 ἐξορκίζομνν
541 976 588 1047 μὶν
617 974 724 1041 αὐτοὸς,
755 994 822 1045 μετα
844 977 892 1027 τοῦ
911 972 996 1049 ippu-
1050 990 1101 1029 1111
1116 980 1215 1039 ctxvt,
1232 978 1423 1032 interamnae
1444 982 1593 1047 utcunque
1617 975 1653 1029 de
1675 974 1798 1029 veritate
1824 969 1871 1033 Ba,

174 1050 220 1099 σ“ν
242 1045 333 1121 τρίτον
358 1044 395 1106 εἷς
415 1047 446 1099 τὸ
477 1045 631 1121 πρόσωπον,
660 1046 704 1100 ναὶ
730 1044 768 1105 εἰς
792 1046 825 1098 τὰ
850 1046 917 1100 oza.
947 1042 997 1098 Καὶ
1051 1046 1151 1116 ptiami
1166 1046 1368 1103 hereticorum
1384 1048 1568 1120 disputantes
1580 1061 1761 1101 consensum
1773 1043 1861 1099 fuisse

168 1066 257 1178 siles<
281 1120 457 1190 κατηγοῦμεν
493 1116 600 1188 αὐτοὺς,
631 1118 676 1172 καὶ
704 1120 836 1189 ποιοῦμεν
860 1115 994 1191 χρονίζειν
1051 1117 1333 1188 Baptismumlllum
1353 1117 1469 1174 nullum
1484 1118 1591 1175 habore
1607 1116 1712 1173 salutis
1727 1118 1869 1173 elie-otum,

169 1186 207 1248 tl<
237 1188 288 1255 τὴν
323 1178 479 1257 ἐκκλησίαν,
517 1190 561 1243 καὶ
596 1189 745 1263 ἀκροᾶσθαι
776 1192 829 1241 τῶν
872 1190 994 1263 ι’ροφῶν,
1051 1188 1868 1257 donecconfirmatuslueritaucloritateEcclesiaeatque

166 1258 212 1313 καὶ
235 1260 297 1313 τότε
321 1258 418 1320 αὐτοὺς
457 1259 632 1334 βοπτίζομεν.
663 1262 767 1317 Utrum
799 1277 833 1315 ex
862 1258 995 1331 paritatis
1050 1261 1178 1333 episcopi
1191 1278 1280 1331 supor
1294 1266 1470 1318 revertentes
1493 1261 1529 1317 ad
1558 1259 1726 1315 Ecclesiam.
1754 1259 1868 1329 Deinde,

167 1330 292 1398 ratione,
307 1332 356 1402 qui
373 1348 432 1387 non
447 1333 564 1405 gravius
575 1337 710 1388 errarunt
722 1331 848 1397 Arianis,
865 1331 994 1387 blacedo·
1050 1332 1260 1402 Cypriauumct
1270 1334 1387 1388 domum
1400 1349 1502 1389 omues
1508 1332 1700 1403 judicavisse,
1712 1328 1867 1401 disciplina

166 1402 275 1473 nianis,
292 1402 471 1475 reiiquisque
483 1406 661 1460 enumeratis
690 1404 844 1470 hereticis,
874 1401 995 1457 canonis
1050 1400 1867 1528 magisquamtideiremcontroversamesse3atqueita

166 1472 257 1545 hujus
272 1475 378 1529 uirtute
395 1492 445 1546 per
460 1474 595 1531 Chrisma
607 1476 635 1531 in
646 1474 802 1531 Ecclesiam
819 1474 878 1528 sint
890 1474 995 1528 admit·
1050 1474 1104 1529 Ecc
1117 1491 1183 1529 esur
1199 1474 1310 1530 licitum
1326 1491 1390 1530 esec
1405 1493 1438 1531 ex
1454 1475 1640 1546 dispensandi
1654 1475 1723 1545 jure
1744 1490 1798 1529 suo
1819 1476 1866 1526 lta·

169 1545 261 1613 tendi,
278 1561 335 1600 non
350 1546 536 1602 obstantibus
551 1547 646 1603 verbis
661 1546 720 1601 illis
737 1544 896 1631 generatim
927 1560 993 1616 per·
1049 1545 1156 1616 ptismo
1172 1546 1339 1602 istiusmodi
1355 1548 1397 1601 vel
1413 1547 1511 1602 irritos
1526 1545 1570 1602 rel
1586 1546 1721 1601 firmatos
1745 1545 1864 1600 habere:

166 1616 380 1699 stringentibus
411 1616 460 1677 τὰς
490 1614 577 1678 ἄλλος
606 1616 691 1677 πάσας
719 1614 844 1691 aspicem,
873 1616 994 1670 minime
1048 1632 1217 1741 quanquam
1234 1618 1360 1673 multum
1377 1617 1743 1688 intersediscrepaverint
1762 1622 1864 1671 veteres

166 1688 313 1744 dixerint:
358 1693 435 1744 certe
464 1687 923 1754 balsamoniniocum,credidit
950 1684 992 1739 ὅτι
1048 1688 1089 1743 ili
1103 1689 1138 1744 de
1154 1705 1187 1743 eo
1204 1690 1279 1760 quod
1296 1690 1333 1745 ab
1346 1688 1475 1744 Ecclesia
1490 1690 1551 1745 fleri
1576 1693 1734 1760 oporteret.
1759 1687 1798 1741 Ad
1820 1702 1863 1759 po·

165 1758 261 1819 πάντες
289 1757 315 1811 οἰ
344 1757 535 1832 βαπτιζόμενοι
568 1759 606 1821 εἰς
642 1758 703 1843 μίαν
736 1754 880 1812 neesib-rom
900 1754 992 1810 πάλιν·
1047 1760 1154 1815 sterius
1171 1760 1223 1815 boc
1237 1761 1313 1831 quod
1330 1761 1443 1829 attinet,
1459 1776 1496 1814 an
1514 1759 1725 1829 lstaecquaestio
1736 1758 1863 1814 addisci·

167 1829 353 1905 βαπτίζονται.
370 1832 542 1903 Quanquam
559 1849 616 1887 non
642 1837 682 1887 tta
710 1829 803 1885 multo
823 1834 897 1901 post,
922 1830 988 1883 Cre·
1045 1830 1155 1902 plinam
1174 1834 1267 1903 magia
1283 1849 1371 1914 quam
1389 1832 1424 1887 ad
1440 1832 1526 1887 iidem
1544 1833 1690 1902 pertinere
1705 1830 1778 1886 olim
1803 1844 1863 1885 cen·

166 1903 267 1973 gorius
282 1902 318 1958 M.
331 1902 438 1958 trinam
464 1904 637 1959 mersionem
648 1920 682 1959 ea
702 1902 841 1973 Hispania
863 1902 987 1972 proscrl·
1043 1908 1166 1967 seretur,
1183 1902 1230 1958 alii
1247 1903 1300 1957 viri
1318 1902 1481 1959 doctissimi
1501 1907 1576 1957 recte
1591 1902 1788 1957 dubitarunt:
1802 1906 1831 1955 et
1843 1900 1863 1957 si

187 1974 237 2041 sit,
263 1974 364 2030 dicens
379 1976 451 2030 lib.1
476 1975 566 2046 Epist.
591 1977 642 2029 ll:
668 1975 786 2029 Nedum
820 1972 890 2043 quod
904 1972 987 2044 sime-
1043 1974 1159 2029 nonita
1183 1992 1214 2029 se
1242 1976 1365 2031 invicem
1391 1973 1492 2030 violari
1516 1975 1604 2029 tidem
1632 1973 1778 2029 alterutra
1799 1988 1861 2044 pars

166 1990 244 2111 baut,
255 2047 376 2117 saciant,
402 2054 528 2101 nostrum
554 2062 702 2101 certiorem
717 2046 987 2112 vicissepiorientur.
1043 2045 1198 2117 putaverit,
1215 2051 1247 2100 ut
1260 2046 1411 2101 hereticos
1427 2060 1492 2101 esse
1506 2046 1690 2101 adversarios
1710 2044 1862 2126 judicaret.

165 2116 232 2181 Oua
248 2118 312 2187 ejus
327 2117 483 2187 sententia,
499 2116 777 2187 aquaratToletaua
795 2116 905 2187 synodo
920 2130 987 2169 con·
1043 2117 1115 2171 Vide
1131 2118 1207 2171 inter
1221 2117 1295 2172 alios
1309 2118 1453 2171 Joanuom
1470 2115 1595 2173 Placette
1609 2116 1643 2170 V.
1661 2116 1696 2171 D.
1712 2133 1743 2171 ru
1767 2116 1863 2171 Obser-

166 2190 284 2245 ssrmata
297 2192 369 2243 erat.
379 2188 432 2244 ilbi
444 2189 602 2255 decretum,
614 2188 752 2257 Simplcm
780 2195 917 2242 terr-eumer
931 2188 987 2240 Bc·
1042 2192 1109 2243 ooli.
1122 2190 1373 2243 ilistorico-ls'ccles.
1390 2206 1419 2260 p.
1436 2189 1500 2243 102-
1511 2190 1587 2243 -lll.
1600 2188 1738 2243 Disertim
1751 2188 1863 2259 quidem

184 2260 259 2314 immi
274 2262 446 2315 mersionem.
462 2262 595 2329 Agnosco
606 2276 722 2331 gravem
733 2264 762 2314 et
772 2257 941 2313 diuturnam
953 2257 989 2311 da
1044 2259 1085 2315 ait
1099 2260 1280 2329 Augustinus
1295 2260 1347 2315 lib.
1364 2278 1381 2312 ν
1393 2259 1427 2314 de
1447 2262 1600 2331 licptismo,
1616 2276 1681 2329 cap.
1697 2260 1746 2325 25,
1775 2260 1864 2313 vicasse

162 2276 365 2385 bareticorum
399 2330 549 2399 baptismo
582 2331 820 2395 controversiam,
864 2328 989 2400 egregiis
1042 2328 1863 2403 peccesCisristiiuconiibaseorurnffitepbanietCyprianil,

162 2400 196 2457 D.
213 2402 370 2473 Augustini
400 2402 518 2473 scriptis
543 2401 665 2457 feliciter
695 2399 989 2472 tandcmaliquando
1043 2412 1073 2457 at
1087 2404 1118 2456 ia
1131 2404 1185 2457 iub
1200 2402 1397 2471 disceptatione
1408 2404 1518 2458 trullum
1531 2404 1658 2457 intercus
1669 2400 1862 2456 mulumscbit·

163 2473 339 2543 discussam,
355 2478 394 2539 et,
410 2476 516 2545 atejus
531 2477 616 2529 verbo
629 2479 702 2539 utar,
718 2474 887 2543 elipantum
904 2471 989 2541 cujus
1043 2476 1140 2528 emulis
1154 2476 1287 2529 oriretur.
1304 2480 1341 2529 At
1355 2475 1467 2530 interea
1482 2472 1620 2529 Placettio
1635 2474 1735 2528 visum
1751 2478 1797 2528 est
1809 2476 1863 2527 Ste-

164 2544 281 2599 invictis
304 2544 468 2600 rationibus
491 2544 588 2611 cessit,
618 2562 676 2616 qua
728 2549 785 2599 atet
806 2542 989 2598 Christianus
1044 2544 1174 2615 phanum
1191 2562 1220 2600 re
1251 2546 1315 2617 ipsa
1339 2544 1611 2600 excommunicasse
1636 2544 1862 2607 dissentientem

165 2615 245 2671 orbis
262 2634 269 2681 ;
285 2621 312 2671 et
328 2632 416 2671 unam
432 2618 519 2671 tidem
531 2616 633 2672 saltem
656 2616 691 2669 de
706 2562 856 2687 baptismo
876 2612 988 2679 habuit,
1044 2618 1121 2688 quod
1137 2616 1256 2687 quidem
1268 2616 1424 2671 verisimile
1435 2616 1595 2672 iocitlocus
1608 2615 1863 2686 firmilianisnpu

165 2688 243 2759 quod
258 2692 288 2742 et
303 2689 423 2742 unicum
437 2690 555 2759 ognovit
569 2704 694 2759 semper,
711 2688 802 2742 donec
819 2686 872 2739 hoc
889 2690 989 2739 nostro
1044 2688 1189 2743 adductus
1204 2689 1239 2743 ad
1256 2704 1321 2759 pag.
1340 2688 1401 2742 15¹2.
1417 2688 1558 2758 Tempore
1572 2692 1672 2743 tamen
1696 2686 1790 2759 Xysti,
1806 2700 1861 2741 auc·

163 2758 685 2830 seculoAnaboptistarumfurores;
713 2775 769 2813 nou
798 2757 988 2813 ecclesiarum
1043 2756 1861 2831 cessorisStephani,querubortrcmetpecr'firumsacerdo·

164 2830 263 2898 modo,
293 2830 456 2885 sedetiam
487 2832 661 2901 gravissimo
687 2826 988 2899 rerumpublicarum
1044 2829 1582 2902 temPontinsCyprianidiaconuain
1601 2826 1860 2900 l'ticmagistrisui

1005 1796 1030 1860 ll

164 2902 273 2957 damno
301 2903 524 2957 recruduerunt.
552 2904 719 2974 Promptum
742 2900 907 2965 estdicere,
936 2902 987 2953 Ca·
1044 2901 1181 2973 appellat,
1198 2908 1226 2957 ot
1241 2904 1327 2973 cujus
1344 2904 1515 2973 martyrium
1532 2902 1595 2972 ipse
1610 2898 1858 2955 commemoratio

163 2975 269 3029 none8
296 2973 412 3028 concilii
442 2972 548 3028 Nicaeni
578 2974 746 3029 decretum:
778 2970 907 3043 liaplrtio
927 2969 988 3022 ὀνο·
1043 2973 1166 3043 epistola
1182 2990 1286 3037 sunau,
1302 2972 1340 3028 al.
1358 2990 1438 3039 axau,
1455 2973 1627 3099 Cdvpriauus,
1640 2972 1708 3027 lites
1724 2972 1857 3026 isteron·

165 3042 303 3116 μαζθντων
325 3044 372 3115 μὶν
396 3042 494 3105 αὖτοὺς
528 3042 666 3119 bullepot<
698 3062 764 3097 ποτε
797 3041 988 3115 προνεργομέ-
1044 3044 1467 3126 νομίῑνιθιιίοεοι·ἰθοιιῑυν.8ο
1502 3043 1732 3099 hechactenus.
1753 3044 1858 3098 Constat

163 3134 217 3167 νων
252 3111 281 3169 δὲ
311 3118 346 3187 τῇ
377 3112 510 3187 aetoliae]
544 3115 587 3169 mi
621 3112 791 3187 inoccatum]
828 3109 987 3182 Ἐκκληοίᾳ,
1043 3122 1144 3186 utiquc
1160 3114 1373 3187 patrocinatum
1390 3132 1454 3171 osse
1470 3113 1623 3187 praesulcm
1642 3116 1803 3170 Romanum
1817 3128 1856 3165 ve·

165 3184 234 3240 itm
290 3186 527 3260 ειροθετονμένονς
566 3185 674 3253 αὐτοὺς,
708 3186 797 3257 μένειν
833 3182 921 3245 οὓτως
960 3162 1096 3241 trctari
1112 3186 1215 3241 saliem
1229 3186 1459 3242 occidentalium
1475 3186 1694 3249 consuetudini,
1710 3201 1768 3240 nou
1781 3182 1855 3239 modo

164 3257 204 3328 τῷ
218 3254 253 3310 κλ
267 3276 327 3329 ,ριμ
344 3259 489 3314 Nimirum
511 3260 543 3314 ut
556 3258 705 3313 Novatiani
719 3274 776 3313 non
803 3260 918 3311 tanturn
939 3272 989 3325 pro
1044 3258 1212 3314 traditionis
1222 3275 1312 3329 quam
1324 3257 1514 3329 apostolicam
1530 3274 1595 3313 esse
1606 3256 1745 3321 credidit,
1756 3270 1855 3311 conser-

162 3330 525 3393 Christianis,sedetinm,
551 3330 752 3385 sindolernm
773 3328 906 3391 admissi,
938 3344 989 3399 pro
1043 3329 1430 3393 vaudmcuusa,sodetiam
1442 3326 1854 3400 moturebaptizandiaauiro·

162 3400 277 3457 clericis
292 3401 464 3457 habeantur.
476 3402 642 3459 Noratianis
654 3401 772 3472 quidem
783 3417 817 3456 eo
828 3398 991 3471 promptior

162 3473 257 3533 venia,
285 3472 364 3543 qula,
380 3478 413 3528 ut
439 3474 481 3528 ait
512 3473 665 3529 balsamon
689 3471 751 3546 περὶ
777 3470 827 3537 τὴν
844 3468 933 3523 πίστιν
950 3470 988 3541 μὴ

169 3540 366 3619 σφαλλόμενοι,
392 3540 456 3597 ἀλλ’
486 3542 524 3603 ὡς
557 3543 723 3615 ἀσυμπαθεῖς
756 3540 988 3615 κατακρινόμινοι.

166 3614 223 3670 Sed
247 3614 272 3669 si
295 3615 513 3685 perpendantur
531 3632 596 3687 qum
610 3616 772 3670 canonibus
787 3614 989 3684 sequentibus,

168 3685 230 3742 scil.
241 3701 318 3740 nono
330 3691 359 3741 ct
370 3687 483 3742 decimo
497 3687 718 3751 habeutur‚scil.
731 3687 807 3756 qirod
824 3685 990 3757 grauiorum

166 3758 325 3813 eriminum
349 3758 401 3823 rei,
427 3759 572 3813 autetiam
584 3758 669 3830 lapsi,
686 3758 755 3813 siud
765 3774 863 3813 sacros
873 3754 991 3811 ordines

166 3828 328 3901 promoveri
344 3828 612 3901 contingatsoisoue
629 3829 743 3883 ὁκννὼν
759 3826 790 3882 οὗ
801 3827 949 3901 προσίεται,
963 3830 991 3881 ct

165 3898 328 3975 γνωσθέντες
342 3901 543 3974 καθαιροῦνται,
559 3902 758 3974 suspicabitur
773 3901 893 3956 hostros
904 3914 991 3954 cano·

168 3988 302 4039 ues,uon
319 3973 354 4027 de
381 3974 561 4029 admissione
584 3973 613 4028 iu
642 3972 799 4028 Ecclesiam
828 3971 991 4042 quidquam

167 4048 313 4103 statuere:
330 4044 380 4099 sed
397 4045 432 4099 de
447 4046 539 4117 gradu
553 4044 751 4100 ecclesiastico
772 4049 919 4113 suscepto,
942 4044 993 4095 aut

170 4115 331 4175 retinendo·
348 4122 399 4171 out
411 4117 571 4172 omittendo
588 4115 792 4188 praescribere:
810 4114 947 4169 nimirum
960 4114 994 4167 ut

169 4186 298 4254 ordines,
324 4188 384 4241 sive
410 4203 460 4259 per
484 4188 709 4258 surreptionem,
740 4185 880 4241 sivealias
894 4183 989 4239 collati

168 4256 340 4314 hominibus
368 4258 438 4313 olim
462 4259 687 4314 Nirvatianarum
716 4256 843 4329 partium
859 4257 993 4327 Κανοροῐς

168 4348 245 4399 ποτε,
262 4330 318 4384 rari
334 4328 516 4386 habeantur:
537 4330 694 4386 criminum
721 4344 788 4385 vero
815 4328 993 4398 graviorum,

170 4409 220 4456 aut
235 4402 387 4471 apostasiae
407 4404 565 4473 compertis
598 4401 740 4469 concessi,
770 4416 890 4472 prorsus
919 4397 993 4452 irriti

1045 3400 1236 3457 straiiorandi
1249 3401 1442 3472 Baptismum,
1452 3416 1538 3472 quom
1552 3399 1579 3451 oi
1588 3398 1743 3475 ὁμόφρονες
1752 3396 1854 3467 Stepha-

1046 3488 1083 3527 no
1099 3489 1185 3526 aarum
1200 3488 1265 3525 esse
1280 3472 1397 3527 aiebant
1418 3472 1581 3527 secundum
1613 3488 1713 3526 sacras
1738 3476 1851 3531 tttteras,

1045 3544 1122 3615 quod
1142 3544 1228 3598 refert
1242 3542 1404 3615 Cyprianus
1418 3542 1449 3597 iu
1464 3541 1587 3613 Epistola
1617 3542 1653 3596 ed
1673 3542 1809 3609 Quintum,
1829 3554 1851 3609 p.

1047 3616 1107 3682 iiii,
1123 3613 1230 3685 aliique
1241 3612 1376 3669 nonnulli
1386 3612 1441 3671 loci
1457 3614 1625 3669 ostendunt.
1637 3614 1673 3668 At
1682 3612 1792 3668 utinam
1802 3610 1850 3665 sie

1046 3686 1161 3757 phanus
1176 3686 1204 3739 in
1220 3702 1261 3752 rc,
1279 3692 1311 3740 ut
1324 3702 1391 3741 cum
1408 3687 1569 3757 Augustino
1585 3684 1701 3755 loquar,
1717 3702 1735 3739 a
1748 3680 1851 3737 totallc-

1045 3757 1136 3814 ciseio
1151 3757 1281 3811 nondum
1296 3757 1404 3815 decisa.
1423 3756 1560 3811 similiter
1573 3759 1662 3826 atque
1676 3756 1777 3810 eadem
1790 3752 1851 3831 dore

1046 3845 1132 3897 agere
1147 3844 1247 3883 secum
1263 3829 1367 3883 statuit
1381 3828 1411 3883 S.
1428 3827 1586 3898 Dionysius
1601 3826 1810 3881 Alexandrinus
1829 3838 1850 3875 ur

1045 3896 1179 3972 epistola,
1196 3916 1283 3969 quam
1300 3916 1390 3971 supro
1405 3900 1439 3954 ad
1457 3917 1484 3970 p.
1512 3898 1574 3965 175,
1600 3898 1684 3953 alleri
1712 3896 1811 3957 l'cllus,
1823 3892 1850 3947 ad

1046 3970 1246 4026 Philemonem
1264 3972 1427 4025 liemanum
1443 3970 1552 4039 scripta
1562 3986 1685 4041 maguae
1696 3973 1725 4023 et
1737 3972 1776 4022 ire
1796 3980 1851 4020 uen-

1046 4042 1177 4099 tlsaimas
1193 4041 1335 4097 Ecclesiae
1350 4040 1389 4101 εὶς
1405 4036 1459 4112 ἔριν
1475 4041 1520 4094 καὶ
1544 4038 1712 4115 φιλονεικῑαν
1741 3984 1850 4109 ὲμθολεῖν

1047 4131 1105 4169 non
1124 4114 1324 4169 sustinuisset.
1344 4114 1451 4167 liouru.

1084 4185 1208 4239 Eisioie
1229 4200 1292 4255 qum
1319 4183 1355 4238 ud
1381 4184 1531 4237 labienum
1557 4182 1646 4236 (treci
1670 4198 1722 4253 pro
1750 4174 1853 4253 epistola

1048 4257 1083 4312 ad
1099 4202 1289 4317 lusitanum,
1306 4254 1384 4309 illam
1402 4256 1435 4308 ad
1452 4253 1626 4309 ianuarium
1642 4250 1854 4332 supposuerat!

1048 4333 1189 4398 tanquam
1204 4343 1345 4381 cnutonem
1361 4325 1474 4381 concilii
1487 4325 1576 4393 hujus
1597 4341 1661 4380 eam
1679 4330 1769 4378 totam
1791 4334 1853 4375 ruse·

1049 4401 1146 4453 rebant
1165 4398 1227 4453 suis
1242 4398 1402 4453 codicibus.
1432 4397 1472 4452 lta
1490 4398 1602 4461 dicunt,
1628 4397 1772 4467 synodum
1794 4392 1852 4447 banc

169 4468 992 4529 estimeniur.Sadnihilstatuo.Unumobserrareliceat.
1049 4473 1142 4523 ποσῶν
1170 4472 1223 4521 τῶν
1255 4464 1373 4521 redden
1401 4464 1622 4539 προγενεστέραν,
1649 4474 1677 4521 et
1699 4466 1852 4521 celebratam

168 4548 199 4599 b.
217 4544 410 4611 Augustinum
428 4546 477 4615 qui
506 4544 535 4598 in
558 4544 696 4615 Baptismi
714 4544 827 4615 negotio
857 4532 1199 4613 Cyprianillleidsaioo
1216 4539 1361 4615 basilius,
1388 4556 1473 4610 porro
1502 4539 1646 4594 Nouatum
1672 4538 1852 4609 pireabyierum

167 4608 341 4671 auctoritate
357 4615 516 4685 plurimum
533 4617 729 4687 premebatur,
745 4630 839 4669 cauare
856 4630 916 4668 suus
940 4612 992 4667 ad-

168 4702 270 4742 versus
281 4689 342 4740 tam
358 4702 443 4757 grave
455 4687 667 4758 praejudicium,
693 4685 812 4741 unicum
825 4685 883 4739 sere
894 4682 993 4754 presi-

170 4758 252 4815 dium
274 4757 418 4829 petirissa,
434 4760 511 4830 quod
541 4758 659 4817 diceret,
671 4757 742 4811 nihil
759 4758 795 4812 oli
823 4755 994 4811 Ecclesioeo

168 4845 263 4901 usquc
278 4828 441 4897 delinitum,
454 4834 483 4885 et
502 4829 622 4900 proinde
638 4828 772 4901 Cypriani
797 4843 924 4882 errorem
943 4826 993 4897 qui

169 4902 357 4959 decessorum
370 4902 483 4973 placitis
494 4906 522 4955 et
532 4900 656 4956 decretis
670 4898 818 4955 mordicus
829 4898 992 4961 insistebat,

168 4978 363 5029 eatrauoxam
376 4972 483 5028 inisse:
502 4972 662 5043 presertim
678 4988 745 5025 cum
761 4970 909 5025 nemiuem
925 4984 994 5023 con·

169 5046 322 5103 demutaret
334 5044 383 5115 quii
395 5044 464 5100 alibi
481 5044 613 5115 gentium
630 5058 730 5111 agens,
743 5041 791 5096 ubi
805 5057 931 5095 carrouea
946 5037 994 5093 isti

169 5133 227 5173 non
243 5116 439 5181 obtinuerant,
461 5116 589 5171 ecelesia
604 5130 663 5169 sue
694 5112 824 5168 moribus
855 5116 994 5168 uteretur.

169 5190 252 5243 Fano·
267 5218 303 5227 -
318 5188 385 5243 Posi
394 5187 470 5243 lecta
485 5186 601 5258 egregia
616 5186 684 5251 ista,
704 5184 795 5239 addas
810 5199 845 5237 oa
874 5182 995 5248 utiliter,

170 5276 236 5329 uince
252 5259 472 5313 Pearsoniusdo
487 5260 563 5313 Ainis
577 5258 679 5312 eadem
695 5256 840 5311 sententia
863 5258 996 5326 paraton-

171 5330 251 5384 tibus
264 5332 361 5401 posuit
374 5330 404 5386 in
416 5330 515 5384 ,θηηιιθ
538 5332 672 5401 Ομρνὶοο.
694 5330 730 5383 ad
746 5344 782 5383 an
798 5328 861 5387 2⁷17,
884 5330 952 5380 sect.
978 5340 998 5379 u

173 5406 202 5455 et
217 5417 258 5453 ru.
278 5406 315 5457 lie
329 5400 533 5457 haereticorum
549 5406 647 5456 autem
663 5399 812 5490 Baptismo
828 5396 925 5468 aliquo
941 5395 999 5451 alia

174 5474 297 5543 pratens
312 5489 411 5543 supra,
429 5489 495 5527 cum
513 5472 548 5527 ad
564 5472 683 5527 initium
699 5472 791 5527 toncii
807 5468 935 5539 Cerillae.
969 5484 997 5521 ν.

174 5546 204 5597 et
218 5541 308 5609 hujus
322 5543 415 5614 ipsius
430 5543 544 5611 synodi,
559 5548 621 5599 tum
634 5542 713 5611 alibi,
729 5546 838 5597 anuota
848 5545 926 5595 sunt.

213 5612 353 5667 Craterum
370 5614 406 5667 cl.
423 5602 610 5675 blarahnllns,
627 5614 761 5685 Cypriani
778 5613 932 5682 interpres,
949 5607 998 5679 qui

113 5689 157 5754 Ι
171 5684 347 5757 dereptimo
363 5686 418 5739 boc
431 5686 600 5759 Cyprianiio
621 5686 745 5740 concilio
769 5684 913 5739 eruditam
945 5682 1001 5735 llis·

1050 4610 1506 4675 Romanun1,}i0vntionaeuenosi
1518 4609 1660 4679 originem
1672 4616 1848 4685 atqueoouieo

1049 4684 1178 4740 dedisse.
1196 4683 1238 4738 lta
1250 4700 1377 4739 errorem
1393 4683 1483 4737 errori
1501 4680 1667 4743 cumulant,
1693 4682 1767 4735 inter
1782 4675 1847 4731 alios.

1049 4756 1202 4811 balsamon
1219 4758 1246 4809 ot
1269 4760 1414 4813 Zonaras:
1430 4758 1460 4809 et
1473 4751 1604 4807 solemne
1619 4757 1664 4807 est
1673 4747 1847 4807 Orientalibus

1049 4830 1108 4881 lere
1129 4826 1284 4890 universis,
1312 4827 1342 4880 in
1370 4826 1459 4879 rebus
1478 4822 1708 4879 occidentalium
1735 4822 1847 4897 perpelli

1049 4898 1235 4954 hallucinari.
1248 4896 1330 4953 Fran.
1351 4928 1381 4938 --
1393 4896 1432 4951 De
1443 4894 1563 4950 nomina
1572 4894 1692 4965 quidem
1718 4893 1844 4964 bereum·

1050 4970 1109 5024 cha
1127 4969 1260 5033 bomani,
1275 4984 1341 5022 nam
1354 4968 1497 5022 Nouatum
1510 4966 1712 5037 presbyterum
1724 4962 1842 5027 Carthagi·

1051 5040 1262 5096 nensemCraeci
1276 5038 1354 5094 haud
1366 5035 1843 5120 cogitabant,utrumfuerit-veretri,

1052 5129 1088 5167 an
1103 5111 1198 5183 potius
1207 5111 1497 5175 Nm=ctimcm,‹lrctum
1509 5125 1600 5180 supra
1610 5113 1656 5164 est
1666 5108 1702 5163 ad
1713 5108 1741 5163 S.
1750 5094 1842 5179 curtilii

1051 5181 1201 5255 epistolas,
1212 5200 1239 5253 p.
1254 5182 1297 5235 to.
1308 5182 1449 5237 Craterum
1459 5180 1584 5251 epistola
1593 5178 1644 5235 illa
1655 5180 1691 5235 ad
1701 5178 1839 5247 Jauuautlm

1053 5253 1452 5324 adConcil.vCarthagincnse
1463 5250 1599 5323 pertinet,
1625 5266 1747 5317 utacum
1758 5249 1841 5303 nomint

1053 5326 1167 5381 concilii
1177 5326 1286 5395 scripta
1295 5324 1391 5385 inerit,
1404 5340 1477 5379 ame
1488 5340 1579 5405 supra
1588 5268 1678 5378 albata
1696 5326 1748 5377 est.
1760 5320 1838 5373 uncor-

1089 5398 1145 5465 (13)
1154 5395 1330 5452 ,θιίνοννονίοο
1341 5394 1445 5452 Christi
1458 5394 1580 5451 Addidit
1590 5386 1840 5467 porticulamcitltt

1054 5468 1230 5523 aduersarios
1246 5484 1280 5522 ea
1291 5466 1353 5523 suis
1365 5466 1486 5523 sortasse
1496 5470 1648 5537 sumptam
1660 5462 1793 5521 codicibus
1802 5456 1839 5507 Bt·

1055 5540 1160 5607 lazius,
1177 5540 1227 5594 aod
1244 5544 1363 5594 ceteras
1384 5537 1540 5599 editiones.
1569 5536 1770 5609 Augustinum.
1788 5526 1840 5581 Gli·

1055 5606 1841 5693 oumquelnterpretationem,hicquidemmagisseqneo·

1056 5684 1109 5738 das
1124 5698 1188 5737 esse
1204 5682 1282 5737 duur.
1300 5683 1411 5737 ltouru.

185 5756 349 5816 stationem
366 5757 508 5833 Caprium
523 5774 572 5815 suo
597 5756 716 5832 adiecit,
730 5757 807 5813 inter
831 5754 889 5811 alia
908 5750 1003 5807 mult-a
1092 5755 1146 5821 (i-il
1159 5754 1312 5810 Christiani
1322 5754 1438 5809 Zonara
1449 5748 1601 5807 Scholium
1614 5752 1650 5807 ad
1662 5750 1782 5807 Graecam
1793 5738 1847 5795 Cor·

185 5846 225 5889 ec
233 5830 296 5891 duo
304 5832 436 5907 probare
447 5832 589 5906 pluribus
596 5829 785 5907 argumentis
791 5828 1012 5905 aggressusest.

1064 5821 1427 5897 riliiintarprstatioaem
1454 5820 1542 5877 Δᾶται
1568 5820 1617 5897 μὶν
1647 5820 1694 5877 οὖν
1720 5818 1749 5875 αἱ
1771 5814 1850 5891 γνῶθ’*

1802 236 1890 301 titt·

1878 5928 1896 6010 i
