3892 6104
114 276 193 337 1339
637 274 688 333 DE
710 270 1007 335 HAEltEl'lCtlllUlll
1028 272 1293 335 anrlsttn'rb.
1742 274 1819 337 tato

114 405 258 475 inaudita,
275 404 329 461 troc
343 406 388 460 est
403 420 436 459 ex
451 404 513 461 sela
540 403 681 461 relatione
708 404 870 479 legatorum
887 405 936 477 qui
951 406 979 473 Α
994 420 1056 461 rern
1071 404 1192 472 laniunt,
1208 409 1238 462 et
1249 405 1458 461 commendata
1471 404 1613 479 Stephani
1636 426 1651 457 6
1666 405 1816 478 gravitate

116 497 202 551 erunt
216 493 362 565 episcopis
380 493 522 566 depositis
533 494 665 567 (basilidi
680 498 708 551 et
723 493 940 567 Martialilsnb-
996 494 1141 568 sapientia
1156 511 1208 551 nec
1225 511 1283 551 non
1299 511 1358 551 sua
1373 494 1524 567 religionis
1536 511 1570 551 ae
1586 493 1653 550 tidei
1667 494 1815 551 veritates

115 583 223 651 stituit,
239 586 267 637 et
281 600 315 638 ex
329 582 435 639 litteris
450 598 551 639 eorum
577 584 627 657 qui
650 584 705 641 hos
729 584 936 657 deposuerant,
995 582 1053 655 ipsi
1065 583 1232 655 significant
1246 600 1278 640 se
1293 583 1817 655 nullatenusdubitnrc‚aed«crederc

115 672 183 730 illos
199 672 414 728 substitueram
427 690 434 740 3
447 676 477 727 nt
488 672 517 728 bi
534 674 661 745 protecto
676 674 705 729 in
721 690 810 729 carisa
826 673 943 745 propria
996 671 1052 746 ipsi
1069 672 1212 745 placitura
1224 690 1288 746 que
1303 679 1332 730 et
1347 672 1483 747 religiosa
1498 674 1609 747 pariter
1635 678 1666 731 et
1691 690 1761 731 vern
1778 676 1816 731 lo·

116 764 208 817 testes
225 775 283 815 non
299 763 383 815 erant
395 759 503 829 idonei,
514 764 542 815 et
551 777 633 832 reque
644 761 792 834 imponere
801 761 942 835 Cypriane
996 767 1061 818 rent
1076 763 1132 835 (69)
1144 750 1154 831 ;’
1169 784 1183 812 n
1200 762 1299 835 qualia
1313 779 1420 836 nempe
1434 779 1498 819 esse
1524 763 1681 836 putabant,
1698 780 1761 837 qnae
1788 765 1815 821 in

115 852 263 922 poterant,
278 865 312 904 ac
327 848 475 922 Stephano
491 848 646 906 Basilides.
656 852 698 907 nb
710 850 849 921 Hispania
864 850 944 922 76666
996 868 1085 907 causa
1100 851 1239 925 baptismi
1254 852 1456 909 hereticorum
1472 856 1647 909 statuerant.

117 937 235 1011 quidem
250 939 356 1010 positus
382 942 442 994 crat
469 938 641 1012 Stephanus,-
669 944 700 995 at
724 939 860 1012 llispanis
884 956 942 995 non
1032 940 1357 998 SanctusPentilenubi
1370 945 1535 998 tantosnon
1547 941 1644 998 selum
1656 941 1815 1011 inOrientc,

121 1028 193 1084 adeo
208 1026 326 1101 propior
348 1028 558 1100 cyprianus,ut
569 1028 762 1101 qrrmllomem
779 1029 846 1085 inde
855 1045 942 1102 peno·
997 1029 1074 1101 qued
1084 1030 1148 1099 jam
1163 1030 1327 1097 resciverat,
1339 1032 1388 1087 aed
1401 1035 1430 1087 et
1440 1030 1470 1086 in
1482 1030 1589 1098 Africa,
1601 1036 1721 1103 tamque
1748 1032 1816 1087 cita-

116 1120 194 1173 trnre
209 1116 460 1189 poteratsallacia,
477 1134 535 1174 non
560 1118 705 1191 potuisset
724 1116 942 1173 etiamt'artha·
996 1121 1042 1175 tes
1068 1119 1103 1174 ad
1133 1119 1374 1192 proscribendum
1403 1119 1595 1193 apostolicam
1633 1120 1817 1179 traditionem

116 1204 215 1279 &nem
238 1222 245 1261 :
272 1222 339 1262 eam
368 1207 495 1263 maxime
518 1210 578 1263 tam
607 1224 674 1263 rara
697 1205 943 1279 Carthaginenses
997 1207 1100 1281 agitari
1116 1212 1215 1265 motus
1228 1209 1372 1281 cognorit,
1385 1208 1699 1283 idquenprasulihne
1718 1210 1820 1267 eximia

116 1294 193 1351 inter
208 1302 235 1351 et
243 1294 387 1367 Hispanos
403 1296 484 1353 nullo
497 1296 714 1368 jurisdictionis
728 1295 843 1352 vinculo
857 1294 942 1351 colli·
996 1297 1162 1354 sanctitatis
1177 1298 1375 1371 doctrinaeque
1386 1299 1464 1355 tama
1475 1298 1665 1371 pollentibus,
1677 1302 1820 1374 perspexit

115 1386 210 1457 gatos,
226 1400 315 1457 quam
333 1385 779 1459 frequentiaHispnnorumcum
790 1384 942 1453 tiemonis,
997 1386 1136 1442 continuo
1163 1402 1222 1458 quo
1256 1384 1477 1458 spectabiliores
1504 1391 1588 1443 erant
1615 1385 1747 1459 episcopi
1774 1388 1821 1461 qui

116 1472 223 1547 quilius
239 1473 359 1529 etoivili
375 1474 616 1531 eteoclesiastica
631 1479 774 1547 potestate
789 1474 941 1541 suberant,
996 1472 1129 1531 Ecclesia
1155 1474 1343 1531 traditionem
1386 1474 1551 1532 convellere
1581 1475 1766 1543 nitebantur,
1789 1493 1819 1533 eo

115 1560 296 1617 haberentur
306 1563 500 1631 commercia3
516 1564 692 1620 crediderim
706 1564 805 1635 potius
821 1563 898 1635 qued
910 1563 941 1620 in
996 1563 1114 1635 gravius
1138 1562 1273 1619 Ecclesia
1300 1563 1456 1620 imminere
1484 1563 1663 1637 periculum,
1691 1566 1821 1638 tantique

114 1650 403 1725 Hispaniaagebatur
415 1653 516 1709 1287
530 1651 623 1709 multo
639 1652 743 1709 melius
755 1652 853 1709 Remo
872 1652 941 1708 seiri
996 1650 1067 1707 mali
1083 1651 1191 1722 labem,
1208 1669 1268 1725 qua
1282 1670 1421 1725 magnam
1436 1653 1548 1722 Atrion,
1565 1670 1619 1711 nee
1635 1670 1696 1711 non
1711 1653 1821 1724 Cilicis,

113 1756 147 1797 ac
161 1741 320 1797 examinari
337 1742 500 1814 potuisses
524 1742 686 1814 Stephano,
712 1758 800 1814 quarn
825 1741 979 1845 Cartba-B
996 1744 1083 1813 atque
1098 1740 1286 1815 Cappadocia
1314 1747 1426 1814 partem
1456 1743 1559 1800 ms
1577 1744 1643 1815 jam
1673 1744 1819 1813 iniecerat,

113 1830 181 1903 gine
196 1848 213 1886 a
227 1830 382 1904 Cypriane.
994 1848 1094 1905 quare
1108 1832 1138 1887 in
1155 1831 1296 1887 finitimas
1312 1832 1469 1905 pervadere
1484 1850 1541 1889 nen
1570 1832 1740 1889 desistebat
1757 1849 1820 1907 pro-

149 1920 319 1991 nituerint,
335 1920 359 1976 si
376 1918 481 1994 placet,
494 1920 630 1977 basilidis
643 1919 768 1976 crimina
795 1919 938 1993 Cypriane
992 1920 1115 1987 vincias,
1131 1921 1209 1977 brevi
1226 1922 1354 1978 Atticam
1368 1926 1472 1994 totam,
1488 1926 1648 1995 totumque
1671 1922 1816 1981 Orientem

115 2008 219 2081 magis,
236 2025 325 2080 quam
340 2009 486 2081 Stephano
503 2009 636 2081 probata,
660 2008 763 2064 ideone
788 2008 938 2079 deceptus,
993 2011 1053 2068 iore
1065 2011 1591 2083 perdituram‚idcoquenecessarium
1604 2028 1672 2069 esse
1683 2012 1819 2086 providus

113 2095 157 2153 vel
173 2097 309 2153 incautus
323 2098 502 2171 Stephanus,
520 2097 590 2169 quia
605 2095 689 2152 illum
703 2097 764 2153 sedi
781 2114 840 2153 suae
856 2096 940 2152 resti·
994 2098 1135 2156 intellexit
1164 2116 1223 2156 non
1266 2099 1483 2175 qualecunque,
1512 2103 1563 2158 sed
1604 2102 1715 2159 elbcsx
1743 2104 1820 2175 juxa

113 2185 499 2244 tuittNullomedo.Cum
530 2186 609 2243 enim
633 2186 769 2242 Basilidis
796 2184 939 2258 depositio
994 2189 1310 2263 promptissimumque
1321 2193 1405 2247 tante
1416 2190 1820 2265 maleremedinm3qnaits·

114 2275 525 2347 abilispaniasactaluisset,
555 2292 613 2331 non
642 2274 775 2332 consulta
797 2276 866 2331 sede
883 2275 939 2331 llo·
995 2295 1051 2352 que
1066 2278 1095 2334 in
1111 2278 1299 2352 cyprianum,
1317 2279 1449 2353 aliosque
1469 2280 1626 2354 episcopos
1650 2283 1822 2339 auctoritate

116 2380 214 2431 mana,
230 2365 265 2421 ad
282 2382 370 2437 quam
386 2364 557 2437 hujusmodi
574 2382 668 2421 causa
684 2365 840 2421 referenda
856 2368 941 2420 erant
996 2367 1124 2442 pellebat
1137 2373 1303 2442 opportune
1319 2369 1412 2425 utitur
1426 2369 1508 2426 nulla
1519 2371 1751 2429 contradicendi
1763 2371 1821 2429 libl-

114 2456 189 2509 teste
204 2452 269 2525 ipso
285 2454 427 2527 Cypriane
443 2454 510 2528 (63),
527 2454 615 2527 idque
644 2454 780 2528 ignorare
808 2470 866 2511 non
886 2472 940 2527 pe·
995 2458 1073 2527 dine,
1090 2458 1142 2514 sed
1157 2474 1216 2514 uno
1229 2458 1398 2519 traditionis
1426 2458 1576 2517 seruandae
1606 2462 1731 2520 studio:
1755 2461 1820 2519 edi·

116 2542 207 2599 tuerit
221 2543 249 2599 S.
263 2542 441 2617 Stephanus,
457 2544 652 2617 Hispanorum
683 2548 747 2601 aeta
775 2542 941 2600 rescindere
994 2562 1086 2621 gnum
1102 2546 1241 2604 nimirum
1257 2547 1618 2622 existimanssireliquos
1634 2567 1744 2609 omnes
1762 2556 1820 2607 nn-

118 2632 231 2702 debuit,
246 2632 349 2690 saltem
366 2634 461 2707 quoad
476 2633 518 2689 illi
533 2650 653 2689 calisam
672 2634 773 2689 ordine
798 2632 940 2707 legitimo,
995 2639 1058 2692 tum
1074 2636 1142 2692 tidei
1156 2637 1309 2693 devotione
1323 2636 1461 2705 vinceret,
1478 2642 1626 2710 quantum
1647 2638 1710 2697 loci
1735 2644 1820 2696 aneto

118 2720 172 2779 hoc
187 2725 232 2779 cst
245 2722 362 2780 conscia
376 2727 405 2779 et
421 2724 562 2795 probante
576 2724 649 2780 Sede
662 2722 829 2797 Apostolica
844 2724 940 2779 denuo
994 2724 1080 2781 ritate
1094 2726 1253 2799 superabat
1267 2727 1335 2800 (70),
1350 2745 1364 2777 s
1384 2726 1500 2799 ipsique
1514 2744 1566 2800 per
1583 2728 1747 2801 epistolam
1770 2730 1818 2803 (71)

117 2811 388 2879 instaurarentoui
404 2812 488 2885 plura
503 2813 538 2869 da
553 2812 608 2869 heo
624 2812 821 2884 redesiderat,
834 2829 940 2869 eonsu-
995 2815 1127 2887 praecipit
1141 2815 1198 2888 (72)
1213 2815 1254 2871 nit
1270 2831 1335 2872 esse
1350 2815 1380 2871 in
1396 2815 1450 2871 heo
1464 2816 1581 2890 negotio
1608 2818 1816 2887 innovandam,

119 2900 160 2957 lat
175 2901 445 2959 eminentissimum
460 2902 628 2977 liguirrium
641 2903 707 2975 (61).
994 2903 1136 2978 precipit,
1148 2904 1280 2977 inquam,
1293 2908 1325 2959 ut
1336 2906 1430 2961 banus
1441 2908 1534 2978 pater,
1545 2905 1602 2979 qui
1624 2906 1669 2962 nil
1686 2906 1766 2981 tiliis,
1775 2906 1817 2964 ubi

153 2990 350 3063 Hispanorum
364 2992 411 3047 vin
422 2993 582 3060 sedaverat,
594 2998 644 3048 aut
654 2991 756 3048 sedare
780 2995 942 3049 tentaverat
995 2992 1082 3049 etiam
1098 2998 1221 3066 oportet,
1248 2994 1403 3067 precipere
1430 2993 1504 3063 vult,
1528 2995 1603 3067 quin
1633 3001 1665 3052 et
1692 2996 1816 3071 precepti

119 3079 222 3137 turbas
233 3081 388 3154 religiosus
399 3082 540 3149 Pontifex,
552 3099 619 3138 curn
630 3082 778 3155 graviores
788 3082 941 3138 Atrioano-
995 3082 1161 3154 equitatem
1176 3082 1288 3151 atterat,
1305 3083 1493 3155 modesteque
1521 3088 1664 3157 exponat.
1684 3086 1816 3159 cypriano

119 3186 185 3226 rum
197 3170 426 3228 et0rientulium
448 3187 632 3245 compescere
652 3171 765 3245 cogitur
780 3176 809 3228 et
823 3188 874 3245 pro
886 3189 941 3229 sua
956 3153 978 3221 C
996 3170 1074 3228 enim
1090 3170 1237 3243 signifieat
1253 3188 1312 3227 suae
1326 3171 1457 3245 opinioni
1472 3172 1656 3229 contrariam
1671 3190 1738 3232 esse
1756 3174 1814 3232 anti·

121 3276 185 3332 quae
201 3258 309 3317 limites
325 3279 381 3318 nen
398 3262 585 3335 agnoscebat,
598 3261 737 3333 pastorali
749 3260 945 3318 sollicitudine
997 3278 1098 3333 quarn,
1115 3278 1178 3333 qua
1192 3260 1318 3334 algebat,
1335 3265 1364 3317 et
1376 3277 1465 3332 quam
1480 3260 1649 3333 Cyprianus
1661 3262 1727 3337 ipse
1738 3286 1752 3314 a
1765 3260 1816 3319 ubi·

122 3348 189 3406 illos
205 3350 241 3407 ab
256 3366 353 3407 errore
363 3367 498 3408 reuocare
514 3351 628 3407 nititur.
641 3351 713 3407 Cum
725 3350 804 3407 enim
826 3350 944 3425 Cypria·
998 3368 1054 3423 que
1068 3350 1273 3406 intuebatur.»
1285 3348 1420 3407 Ecclesia
1435 3350 1628 3407 traditionem
1639 3369 1696 3409 seu
1711 3368 1815 3411 consue·

122 3456 178 3495 nna
193 3440 355 3513 postposita
369 3442 491 3514 antiqua
505 3446 534 3498 et
549 3441 718 3507 universali,
730 3456 818 3514 quam
836 3440 946 3513 ubique
998 3439 1131 3496 tudinem
1147 3440 1223 3513 (73):
1238 3457 1296 3513 quo
1312 3457 1383 3497 sano
1399 3444 1574 3513 argumento
1584 3440 1746 3511 humanas,
1756 3442 1815 3517 (13¹)

121 3528 292 3586 intuebatur
305 3529 441 3587 Ecclesiae
466 3530 677 3587 consuetudine
703 3530 770 3603 (65),
795 3530 945 3587 subintro-
998 3527 1107 3601 quibus
1117 3527 1289 3601 Cyprianus,
1299 3527 1407 3601 aliique
1418 3526 1601 3599 nitebantur,
1613 3532 1746 3589 rationes
1757 3530 1814 3587 seli·

121 3616 239 3674 ductam
256 3619 291 3673 ali
299 3619 458 3693 Agrippino
469 3620 682 3693 predecessore
696 3636 750 3676 sue
761 3620 797 3676 de
818 3618 945 3692 rebapti-
998 3618 1034 3673 de
1048 3618 1204 3674 evertebat.
1219 3616 1289 3685 Quis
1304 3618 1383 3673 enim
1400 3618 1512 3673 nesciat
1541 3620 1691 3677 rationem
1710 3634 1813 3677 omnen

121 3706 223 3763 zandis
239 3708 274 3764 nb
291 3707 434 3765 hereticis
449 3709 606 3780 baptizatis
634 3709 793 3765 ueritatem
818 3707 899 3780 sequi
915 3711 946 3765 et
998 3708 1158 3763 humanam
1175 3706 1307 3763 Ecclesia
1323 3706 1473 3763 traditioni
1489 3708 1653 3765 concedere
1669 3709 1813 3781 deberacc

123 3794 260 3869 amplecti
276 3797 430 3854 maluisset
443 3798 511 3871 (66),
527 3800 563 3854 66
591 3798 667 3854 hane
691 3796 897 3854 stabiliendam
911 3813 945 3854 se
998 3796 1456 3870 suspectam,utmitiualoquar,
1469 3796 1641 3855 habendam
1657 3814 1723 3857 csse
1743 3798 1813 3856 rstie

123 3883 303 3943 dilatandam
320 3888 394 3944 duas
421 3887 596 3961 Cartbagine
623 3888 719 3960 coegit
745 3888 883 3961 synodos,
913 3886 944 3943 in
999 3884 1442 3959 nemquntantaauctoritati
1472 3886 1660 3945 adversatur.
1677 3888 1756 3947 Hanc
1775 3889 1811 3945 in·

124 3974 232 4047 quibus
247 3978 349 4033 statuit
362 3994 497 4033 unacum
509 3977 618 4034 ceteris
629 3976 809 4050 coepiscopis
824 3991 945 4049 congre·
998 3991 1087 4049 super
1114 3974 1302 4032 traditionem
1331 3975 1487 4031 confirmat
1514 3975 1580 4047 ipso
1622 3976 1812 4036 hereticorum

123 4064 200 4138 gatis
215 4066 395 4138 baptismum
412 4071 493 4123 extra
503 4066 660 4124 Ecclesiam
675 4071 845 4139 susceptum
866 4066 896 4121 in
911 4081 946 4123 ea
1000 4064 1200 4138 exempte,qui
1212 4065 1248 4120 ad
1260 4080 1291 4121 se
1301 4064 1449 4121 venientes
1460 4065 1811 4141 nenrebaptizahaatttt).

122 4155 313 4227 repetendum
329 4172 394 4213 esee
423 4157 490 4229 (67).
520 4156 577 4213 Res
606 4156 665 4211 hac
693 4155 791 4229 magnl
807 4155 944 4227 ponderis
999 4152 1813 4226 AbsurdamquidamhsneStophanirationemcensehst

122 4248 194 4317 crat,
202 4248 231 4300 et
240 4246 274 4301 ad
286 4244 499 4302 sacerdotalem
506 4245 744 4302 auctoritntsmet
755 4244 791 4300 ad
809 4243 944 4301 Ecclesiae
1000 4240 1161 4315 Cyprianus
1173 4259 1180 4311 ;
1196 4258 1308 4311 verum,
1324 4245 1358 4298 ut
1372 4242 1547 4301 observabat
1561 4261 1622 4301 non
1638 4245 1812 4321 iampridem

121 4331 272 4390 catholiea
287 4335 429 4391 unitatem
438 4351 471 4390 ac
482 4333 945 4408 dignitatem,preprinepertine·
999 4331 1043 4387 vir
1057 4331 1201 4402 eruditus,
1218 4331 1253 4388 dc
1268 4331 1320 4388 ille
1333 4331 1418 4406 longe
1446 4332 1533 4389 aliter
1559 4333 1749 4406 judicabunt,
1770 4332 1811 4407 qui

121 4422 182 4493 bat,
197 4439 286 4495 quam
303 4429 335 4480 ut
359 4424 525 4481 inconsulto
553 4424 637 4480 item.
661 4422 801 4479 Pentitlce
823 4438 943 4479 exseeu-
1000 4435 1066 4476 eam
1080 4420 1222 4477 attentius
1237 4420 1447 4492 expenderint;
1463 4438 1531 4478 cum
1548 4423 1631 4480 enim
1647 4425 1687 4481 ab
1700 4422 1810 4483 Ecclesia

120 4511 194 4567 ttoni
210 4512 447 4580 demandaretur,
460 4513 583 4585 ideoque
597 4512 633 4568 de
648 4511 702 4567 hee
720 4511 835 4583 negotio
850 4534 864 4562 «
880 4512 943 4567 Ste-
958 4528 982 4595 D
999 4507 1172 4567 recesserint
1187 4525 1290 4565 omnes
1305 4509 1443 4582 haretici,
1459 4510 1569 4569 mirum
1586 4528 1649 4570 non
1663 4518 1708 4573 est
1725 4530 1770 4571 sos
1780 4513 1807 4569 de

122 4601 220 4674 phane
236 4602 362 4659 manime
376 4602 564 4659 scribendum
579 4617 645 4657 esse
662 4618 695 4657 ae
709 4618 776 4657 oum
792 4601 856 4675 ipse
871 4616 942 4657 con·
998 4597 1131 4654 doctriua
1141 4597 1219 4654 illius
1231 4614 1289 4655 non
1303 4597 1376 4655 nihil
1389 4598 1593 4667 retinere,imo
1609 4600 1808 4673 nullusreipsa

122 4691 276 4747 terendum
307 4714 321 4742 a
350 4691 453 4748 merito
478 4691 650 4764 judicarunt
678 4690 806 4764 episcopi
827 4690 944 4747 concilii
999 4690 1053 4756 eet,
1069 4686 1120 4759 qui
1136 4703 1194 4744 neu
1211 4685 1325 4761 aliquid
1353 4703 1388 4744 en
1415 4704 1450 4746 ea
1477 4688 1710 4760 retineat3cnm
1735 4690 1807 4763 igitur

120 4779 751 4855 Carthaginensiettitl).synodicamigiturad
761 4780 942 4853 Stephanum
999 4776 1188 4849 quantumvis
1204 4776 1280 4833 inter
1311 4794 1344 4833 ee
1371 4776 1561 4847 dissidentes,
1578 4779 1608 4835 in
1636 4778 1733 4854 aliquo
1753 4793 1805 4835 cnm

119 4870 251 4944 dirigunt
261 4868 427 4944 epistelam,
444 4871 474 4925 in
489 4885 548 4943 qaia
564 4870 660 4942 ipsum
677 4869 716 4924 rei
737 4872 826 4943 geste
840 4869 944 4927 certio·
999 4865 1127 4925 Ecclesia
1140 4866 1338 4940 consentiunt,
1348 4866 1404 4924 hoe
1418 4866 1455 4924 ab
1469 4867 1599 4927 Ecclesia
1612 4869 1672 4927 sibi
1686 4868 1804 4927 traditum

157 4980 215 5049 (63)
229 4983 261 5035 ln
278 4978 364 5052 epist.
379 4978 425 5047 55,
441 4977 477 5034 ad
493 4975 651 5035 Cornelium
674 4980 703 5033 et
726 4977 761 5033 68
777 4976 815 5033 ad
829 4975 945 5049 Stcplre-
1036 4972 1092 5047 (69)
1109 4972 1182 5029 lbid.

120 5068 190 5107 nura
205 5068 306 5124 supra.
1039 5048 1096 5116 (76)
1111 5044 1303 5103 Vincentinue
1319 5046 1407 5103 Lirin.
1424 5045 1455 5103 in
1471 5046 1638 5105 commonit.
1652 5064 1715 5122 cap.
1728 5047 1752 5105 a.

156 5122 333 5195 (illiterati.
350 5117 885 5205 iliopon.,tom.l,dissert.7etll.'
1048 5118 1081 5173 71
1110 5117 1183 5173 tbib.
1762 5128 1771 5157 ι

159 5196 216 5267 (65)
231 5196 260 5253 S.
283 5199 465 5278 Augustinus
489 5192 522 5249 de
544 5194 623 5319 66)).
647 5198 739 5247 errata-a
764 5192 877 5262 Deerat,
892 5189 945 5249 lib.
1065 5193 1083 5244 2
1108 5188 1291 5263 Augustinus
1317 5189 1349 5247 dc
1375 5192 1455 5265 Bapt.
1484 5194 1581 5248 contre
1601 5195 1714 5263 eoam,
1727 5190 1802 5255 libr,

124 5283 156 5335 n,
172 5284 235 5340 cap.
253 5268 280 5337 8,
297 5268 367 5324 edit.
384 5264 562 5322 benedictin.
601 5263 778 5332 a1·is.,1ors.
1001 5262 1085 5317 623.
1186 5332 1191 5343 Ι
1335 5333 1341 5345 .

160 5338 216 5409 (66)
231 5339 412 5411 Augustinus
426 5338 498 5394 ibid.
1037 5332 1093 5405 (73)
1109 5335 1281 5405 Cyprianus,
1296 5338 1382 5418 epist.
1396 5335 1443 5402 71,
1459 5333 1495 5391 od
1516 5335 1691 5407 Pompeium,
1705 5339 1731 5392 et
1750 5348 1799 5403 snp-

161 5412 216 5481 (67)
231 5413 394 5483 Cyprianus
408 5409 492 5482 epist.
508 5410 553 5475 70,
574 5408 610 5462 ud
632 5408 768 5478 episcopor
795 5404 945 5467 tt'umtdioe.
1026 5406 1094 5487 (73·
1110 5404 1265 5488 Eaenndus
1280 5405 1661 5491 Hermian,pre·de{enciene
1673 5410 1753 5491 triers
1762 5404 1798 5459 u·

124 5484 153 5534 et
166 5482 212 5565 72,
227 5491 263 5537 66
277 5484 443 5564 ⁸Stephanum
458 5496 556 5554 supra.
904 5548 910 5559 ι
998 5478 1082 5548 patret.
1099 5474 1150 5531 bb.
1165 5494 1195 5561 x,
1211 5493 1274 5549 cap.
1291 5478 1318 5549 3,
1331 5478 1402 5561 edit.
1419 5478 1617 5563 marmanda
1630 5480 1717 5550 Paris,
1736 5476 1797 5535 tote.

160 5552 217 5621 (aa)
232 5554 322 5627 Epist.
339 5554 441 5627 synod.
451 5554 498 5621 72,
509 5554 545 5609 ad
554 5552 731 5624 Stephon-om,
743 5550 945 5624 apudCypma·
1036 5550 1094 5623 (tt)
1108 5550 1279 5624 cyprianus,
1292 5555 1377 5623 epist.
1389 5550 1437 5623 71,
1452 5549 1489 5609 od
1501 5552 1675 5626 Pompeium.

126 5636 209 5681 num.
