3892 6104
110 283 172 349 {Ch
526 274 604 340 PRO
626 273 681 341 SS.
705 274 929 351 censerat,
951 274 1185 340 FELICITATE
1207 278 1257 379 ET
1278 274 1414 341 seclis.
1760 280 1820 342 leo

108 417 271 491 psit.Cum
287 414 329 471 ita
346 414 458 486 mamyr
483 409 655 468 Dinocrates
670 408 855 477 nonohierit,
885 407 1063 477 lat-Arint,
1077 408 1122 466 vel
1137 426 1172 467 ex
1185 410 1351 483 apostolicis
1365 409 1436 466 viris
1462 410 1625 484 qnitnmen
1654 427 1722 468 cum
1746 429 1816 486 apo-

108 521 176 564 eam
192 504 318 561 omnino
333 507 389 569 eet,
404 500 481 574 quod
495 498 537 556 ait
551 498 761 564 Tertullianus,
784 499 862 555 solos
877 498 940 554 Por
994 497 1079 554 stolis
1094 500 1319 571 perseveraverit
1334 520 1341 570 3
1358 500 1445 557 antei
1460 500 1555 557 aerius
1571 500 1681 556 inerint
1697 499 1817 558 institu-

109 600 233 668 petuam
249 593 281 649 in
292 589 428 665 paradiso
440 592 580 661 martyres
587 587 696 645 vidisse
708 604 716 647 ι
727 585 847 654 fanum,
862 585 939 659 quod
994 592 1040 654 tea,
1056 588 1208 644 traducem
1230 589 1296 644 fidei
1312 589 1349 645 ab
1361 588 1527 661 apostolicis
1541 588 1671 646 eeclesiis
1700 604 1818 663 accepe-

111 684 150 741 ait
163 681 348 755 Basnagins,
363 679 537 752 Perpetuam
557 693 593 735 ex
614 676 862 733 Montenistarum
878 674 940 748 opi·
994 674 1064 744 rint,
1079 680 1108 732 et
1121 677 1159 732 ah
1175 693 1278 733 earum
1293 676 1430 752 deinceps
1444 678 1649 736 communione
1665 694 1817 752 nunquam

110 774 209 844 niens,
226 786 334 829 omnes
358 771 440 825 extra
454 764 622 841 paradisum
637 765 667 822 in
696 765 760 822 loco
776 765 939 834 tenebroso,
995 764 1167 835 exciderint,
1177 765 1346 837 cujusmodi
1361 770 1445 823 erent
1456 766 1590 824 Ecclesie
1600 767 1741 824 Airieanae
1755 785 1818 839 qua

112 865 219 934 prater
251 863 415 931 martyrum
444 855 520 913 188
550 854 677 926 animae,
706 853 888 911 collocasse:
914 856 943 909 et
995 855 1032 912 ad
1051 858 1210 911 Romanam
1241 855 1397 912 Ecclesiam
1427 871 1512 913 suam
1539 855 1682 929 originem
1711 857 1817 914 relere-

111 948 220 1006 lalsum
236 948 366 1020 deniqne
381 945 446 1013 en't,
467 944 639 1016 Perpetuam
667 957 774 1014 eosque
798 945 941 1014 martyrae
996 942 1075 999 hant.
1091 941 1180 1017 Urget
1199 943 1360 1014 hereticos,
1375 947 1408 1000 ut
1422 961 1544 1001 suarum
1560 944 1748 1002 ecclesiarum
1765 945 1821 1003 ori-

111 1038 160 1112 qui
175 1054 209 1094 ee
225 1032 513 1107 mortissoeioeipei
528 1032 703 1100 addideras
718 1030 941 1103 scholaproees-
995 1031 1079 1103 gines
1102 1032 1191 1089 edant
1216 1037 1245 1089 et
1273 1033 1477 1106 episcoporum
1501 1033 1678 1106 catalogum,
1706 1038 1757 1091 aut
1782 1035 1819 1092 ad

113 1126 185 1184 aisse
200 1123 463 1191 montanistarum,
478 1136 638 1195 eorumque
653 1118 941 1178 imbutoeinieeedo·
996 1119 1143 1192 apostolos
1156 1121 1329 1194 perducant,
1345 1120 1391 1178 vel
1407 1121 1443 1177 ad
1458 1122 1635 1194 apostolicos
1657 1121 1746 1192 viros,
1773 1122 1819 1180 vel

112 1215 267 1290 gmatihue
280 1217 311 1270 et
325 1211 488 1284 disciplina.
995 1208 1125 1281 primum
1143 1208 1200 1266 sihi
1215 1209 1386 1283 episcopum
1402 1210 1438 1266 ah
1453 1209 1760 1283 ecolesiiaapostolieis
1775 1212 1823 1268 da-

146 1303 192 1361 vl.
210 1303 255 1359 Ex
269 1302 372 1359 eadem
392 1299 491 1359 Saturi
503 1298 617 1358 visione
638 1297 696 1356 alia
710 1297 785 1355 mihi
811 1295 943 1355 nesoitur
996 1299 1071 1365 tum,
1088 1315 1147 1357 nne
1163 1315 1230 1356 cnm
1245 1299 1312 1356 lidei
1328 1299 1452 1367 semine,
1467 1299 1634 1357 ostendant.
1652 1300 1695 1356 lta
1722 1300 1823 1357 adrer-

113 1392 297 1466 eonjectura,
312 1406 371 1463 qua
384 1387 617 1447 lacile'soadeam
637 1391 811 1460 Perpetuam
836 1385 944 1442 secioe·
996 1387 1446 1462 euehereticeeargumentatur,
1456 1392 1521 1446 tum
1533 1388 1824 1463 tihroltltllleproes·

116 1499 173 1556 qne
187 1485 337 1553 martyres
352 1494 369 1534 a
383 1477 627 1536 hlontanietarum
636 1474 842 1533 communione
852 1473 943 1531 inisse
996 1477 1180 1549 ereptionibus
1198 1477 1265 1551 (81),
1281 1482 1345 1535 tum
1373 1477 1447 1535 libro
1468 1481 1572 1550 quarto
1588 1478 1689 1535 Caetra
1711 1479 1825 1536 llarcio-

114 1585 260 1646 perquam
275 1567 401 1636 alienes,
417 1566 467 1624 sed
488 1565 518 1622 in
534 1563 668 1623 Ecclesia
696 1562 845 1622 catholica
874 1577 945 1635 pace
997 1578 1071 1634 nem,
1095 1563 1145 1621 uhi
1160 1564 1346 1622 Marcionitae
1363 1564 1409 1621 hie
1425 1566 1502 1622 inter
1530 1568 1634 1623 cetera
1657 1566 1752 1624 verbis
1780 1567 1823 1625 le·

116 1662 206 1733 atque
232 1657 345 1714 unitate
360 1659 390 1712 et
409 1655 500 1713 vitam
515 1654 644 1723 dualem,
659 1656 689 1711 et
716 1652 877 1726 gloriosum
892 1666 944 1725 pro
998 1653 1168 1726 caesit(82):
1183 1652 1839 1727 altahetplaueetilludeccleaiae,eedsnae,1

115 1747 235 1806 Christo
260 1744 437 1819 sanguinem
464 1742 622 1801 eliudisee:
640 1763 654 1793 a
671 1744 705 1798 et
718 1740 871 1810 exivimus,
899 1739 943 1796 in·
998 1745 1059 1799 tam
1075 1747 1217 1815 posterae,
1234 1758 1322 1812 quam
1337 1743 1494 1812 adulteres,
1510 1759 1635 1815 quarum
1651 1744 1676 1798 ei
1700 1760 1822 1801 censum

116 1835 181 1911 qnit
193 1836 334 1900 Saturus,
349 1838 378 1890 et
392 1832 521 1889 vidimus
535 1834 603 1888 ante
617 1830 694 1888 iores
715 1829 854 1904 Optatam
883 1827 944 1901 epi·
999 1829 1270 1904 requirae,laciliue
1285 1831 1634 1904 apostaticuminvenies,
1650 1847 1737 1904 quam
1753 1849 1825 1906 apo-

115 1940 241 1998 scopnm
257 1922 295 1979 ad
311 1923 471 1990 dexteram,
486 1924 515 1978 et
541 1919 698 1993 depastum
729 1917 943 1992 presbyterum,
998 1919 1148 1992 stetinum,
1166 1920 1312 1976 Marcione
1327 1919 1439 1977 scilicet
1449 1920 1608 1991 conditore,
1623 1920 1777 1995 veteliquo
1789 1922 1825 1978 de

115 2015 268 2072 doctorem
280 2012 317 2068 ad
332 2010 495 2076 sinistram,
511 2014 662 2082 separatos
674 2012 704 2065 et
718 2005 829 2075 tristes,
843 2010 871 2063 et
887 2005 944 2063 mi·
999 2009 1155 2067 llercionis
1165 2009 1308 2066 examine.
1327 2008 1450 2066 Faciunt
1464 2010 1544 2066 laves
1559 2014 1698 2079 etvespe,
1714 2010 1826 2067 iaciunt

114 2106 219 2161 urunt
233 2116 267 2159 se
282 2101 320 2158 ad
336 2099 425 2173 pedes
439 2097 536 2167 nohis,
548 2103 577 2155 et
593 2097 729 2154 dixerunt
742 2096 846 2153 nohis:
863 2094 946 2152 Com·
998 2098 1136 2156 ecelesiae
1163 2102 1192 2155 et
1208 2097 1393 2155 Marcionita.
1417 2119 1432 2149 »
1447 2099 1505 2155 Hoc
1520 2098 1623 2171 utique
1650 2102 1823 2173 argumento

114 2190 391 2267 poniteinternoe,
408 2186 683 2262 quiaexistieeteio
705 2184 943 2258 noarelinquitie.
999 2204 1151 2260 nunquam
1166 2187 1580 2258 Tertullianueiuieeetusus,
1604 2187 1630 2243 ei
1659 2187 1825 2261 unumepi·

113 2282 148 2338 Et
169 2280 305 2337 diximus
334 2277 418 2334 illies
444 2280 507 2334 Non
534 2280 613 2334 tues
642 2278 842 2349 papanoster,
859 2278 887 2331 et
912 2276 945 2330 tu
999 2293 1120 2350 scopum
1145 2274 1318 2333 acatholico
1334 2276 1469 2349 episcopo
1498 2280 1677 2349 separatum,
1707 2276 1823 2332 Menta-

116 2367 342 2443 preshytertut
356 2365 422 2439 quis
436 2382 486 2424 vos
500 2365 536 2421 ad
548 2364 637 2437 pedes
651 2366 765 2420 nostros
796 2362 946 2419 mittatis?
999 2366 1082 2423 nistre
1098 2365 1530 2438 Carthagineneeeidtemporis
1546 2364 1739 2434 habuissent;
1755 2380 1823 2421 cnm

116 2459 152 2516 Et
180 2457 324 2515 misimus
348 2471 413 2527 noa,
441 2457 470 2512 et
488 2452 632 2528 complexi
651 2451 718 2509 illes
744 2468 882 2509 sumus...
913 2449 947 2508 Et
1000 2455 1073 2513 nihil
1089 2453 1247 2528 proclivius
1268 2454 1372 2510 luisset
1385 2457 1416 2511 et
1444 2453 1569 2525 facilius,
1587 2470 1676 2526 quam
1691 2453 1765 2510 illud
1793 2454 1825 2509 in

116 2550 186 2606 dum
204 2544 359 2619 loquimur
376 2561 444 2600 cum
459 2544 512 2615 eis,
528 2544 665 2600 dixerunt
679 2541 738 2599 illia
749 2541 845 2615 angeli
862 2557 869 2599 :
898 2542 946 2597 Si·
1001 2560 1087 2604 suum
1103 2560 1235 2617 regerere
1249 2547 1408 2613 auctorem,
1425 2546 1453 2598 et
1463 2542 1656 2599 Montanistas
1666 2558 1780 2615 urgere,
1792 2545 1826 2598 ut

116 2638 177 2693 nite
187 2635 269 2704 illos,
287 2632 479 2706 refrigerent3
493 2635 523 2689 et
537 2630 563 2688 si
577 2647 652 2704 qnae
668 2630 783 2688 hahetis
799 2630 875 2686 inter
894 2646 945 2686 voa
1000 2649 1123 2691 suorum
1138 2633 1342 2705 episcoporum
1358 2630 1523 2704 catalogum
1539 2632 1668 2699 ederent,
1684 2648 1757 2687 num
1772 2631 1827 2688 lor

117 2724 331 2793 dissensiones,
347 2722 488 2778 dimittite
502 2720 584 2777 vehis
599 2718 736 2786 invicem:
750 2724 778 2776 et
793 2721 946 2778 conturha-
1003 2727 1030 2779 te
1044 2722 1186 2795 originem
1202 2719 1340 2777 suamvel
1351 2719 1732 2793 apostolis‚velapostolicis
1743 2719 1825 2792 viris,

117 2819 226 2871 verant
239 2828 300 2869 eos.
321 2811 356 2868 Et
371 2809 507 2867 dixerunt
534 2809 658 2883 Optato:
688 2809 804 2882 corrige
831 2808 945 2883 plehem
1000 2813 1054 2869 aot
1068 2811 1169 2867 saltem
1182 2808 1351 2883 apostolicis
1365 2808 1497 2865 eeclesiis
1512 2809 1661 2877 deberent,
1677 2825 1714 2865 an
1728 2809 1827 2882 potius

119 2908 215 2970 mam,
231 2901 303 2975 quia
316 2899 360 2956 sie
374 2899 409 2955 ad
428 2903 458 2956 te
472 2897 650 2955 conveniant
664 2896 746 2970 quasi
762 2897 799 2955 de
813 2896 887 2954 circo
903 2914 948 2954 re·
1001 2903 1148 2966 Montano,
1163 2897 1206 2956 vel
1222 2897 1307 2955 alicui
1324 2898 1359 2954 dc
1369 2897 1497 2953 Montani
1508 2897 1651 2953 examine.
1663 2899 1698 2954 dt
1711 2896 1827 2954 Tertul-

122 2993 259 3060 deuntes,
288 2994 318 3046 et
341 2989 377 3045 de
399 2987 573 3044 tentionibus
598 2991 781 3044 aurientes.»
810 2987 947 3061 Optatam
1002 2984 1826 3060 lianue,utsupraostendimus,nonseadhucpatahatah

121 3080 213 3139 istum
229 3077 502 3150 Carthaginensium
509 3076 751 3134 Montanietarum
766 3075 948 3149 episcopum,
1005 3073 1640 3152 apostolicarumecolesiammcommunione
1659 3075 1828 3148 precisum,

122 3175 151 3226 et
164 3167 468 3242 aspasiumejuedem
479 3177 562 3223 eectae
571 3167 774 3239 presbyterum
788 3165 948 3240 Basnagiua
963 3148 985 3218 C
1004 3171 1077 3224 etex
1091 3164 1249 3222 Catholicis
1263 3168 1293 3221 et
1306 3163 1491 3222 Montanistia
1506 3180 1599 3220 unum
1619 3164 1739 3221 coutlari
1748 3164 1831 3221 erhi-

124 3259 202 3327 facit‚
219 3262 251 3314 et
265 3255 440 3313 attemtrnm
452 3254 777 3313 existimatnostrorum
787 3257 949 3327 martyrum
1004 3257 1137 3314 trabatur
1152 3253 1284 3312 Ecclesia
1303 3271 1408 3327 corpus
1426 3271 1433 3311 :
1450 3254 1528 3327 quod
1543 3253 1573 3309 in
1588 3254 1720 3311 adversis
1735 3269 1829 3311 mem·

121 3350 191 3404 deta
205 3345 411 3403 concinnasse.
426 3346 533 3400 Contra
564 3342 783 3400 eruditissimus
798 3342 902 3416 Pagiue
917 3358 951 3399 ex
1003 3345 1065 3401 brie
1075 3343 1196 3402 diversis
1211 3343 1447 3401 institutionibus
1463 3347 1613 3417 regeretur
1627 3363 1638 3412 ,·
1653 3359 1707 3399 nec
1735 3342 1827 3399 disei-

125 3433 349 3493 suhministrata
363 3432 452 3489 eihie
472 3430 508 3488 cl.
525 3431 629 3488 ahbate
645 3430 790 3487 Ludovico
813 3430 848 3487 de
876 3429 951 3486 Teur
1004 3432 1152 3507 plicarum
1166 3432 1347 3500 varietatem,
1361 3430 1443 3490 salva
1456 3431 1525 3488 fidei
1549 3431 1661 3504 regula,
1689 3431 1828 3489 eeclesia·

124 3522 326 3582 observatione
341 3522 433 3590 docet,
459 3519 741 3594 Carthaginensium,
771 3518 872 3592 utique
897 3517 949 3574 Ca·
1004 3539 1071 3580 rum
1086 3522 1190 3580 ledere
1205 3522 1348 3580 unitatem
1365 3538 1373 3591 ;
1389 3523 1468 3579 unde
1480 3521 1532 3578 illa
1545 3523 1610 3595 ejus
1625 3538 1679 3579 vox
1693 3522 1729 3578 de
1756 3538 1826 3594 apo·

123 3607 950 3683 tholicerum,0ptatumluissespiscopum,ethggrippini
1004 3609 1115 3668 stolicis
1129 3607 1259 3666 ecelesiis
1273 3608 1420 3682 loquentis
1436 3626 1443 3666 :
1461 3631 1476 3660 a
1492 3609 1555 3666 Una
1577 3608 1706 3667 Ecclesia
1721 3626 1827 3667 sumus

124 3717 334 3767 successorem,
346 3705 375 3756 et
389 3699 470 3757 hisee
479 3697 765 3773 Actiseupplandum
780 3697 950 3754 eorumdem
1004 3698 1071 3772 (83).
1086 3698 1168 3755 »Sed
1183 3698 1330 3771 quomodo
1356 3715 1415 3754 una
1444 3697 1581 3770 Ecclesia,
1605 3697 1630 3754 si
1658 3699 1827 3756 cathedram

124 3793 328 3865 episcoporum
357 3787 541 3845 Lateroulum
562 3789 640 3861 apud
668 3787 895 3845 Sohclstratium
920 3786 950 3842 in
1005 3788 1145 3844 adversus
1160 3787 1329 3845 cathedram
1344 3787 1513 3856 erexissent,
1540 3787 1753 3861 etepiecopum
1781 3789 1831 3845 ad·

124 3881 242 3938 dissert.
259 3880 298 3935 de
312 3877 442 3936 Ecclesia
454 3877 599 3934 Africana.
618 3877 696 3934 lianc
720 3875 890 3950 opinionem
905 3891 951 3932 se·
1004 3892 1108 3935 versus
1123 3877 1293 3949 episcopum
1307 3876 1556 3933 constituissent?

125 3971 273 4042 quendam
291 3968 422 4038 omnino,
439 3965 585 4034 existimo,
596 3965 951 4038 eamqueindeconflrmo,
1040 3967 1148 4024 Verum
1162 3965 1413 4038 quemadmodum
1438 3965 1648 4034 Tertullianus,
1664 3966 1715 4022 ubi
1730 3967 1831 4022 contra

125 4059 201 4130 qued
218 4056 323 4115 nullus
336 4059 408 4112 tunc
422 4055 513 4113 luisse
526 4056 660 4113 videatur
673 4053 846 4127 Carthagine
869 4053 952 4110 Mon·
1005 4056 1157 4113 hereticos
1173 4055 1314 4127 disputat,
1327 4055 1530 4127 cpiscoporum
1554 4056 1685 4112 ordinem
1707 4053 1829 4126 extollit,

126 4148 299 4205 tanistarum
315 4145 480 4218 episcopus.
496 4143 613 4202 Nullius
628 4144 754 4217 proiecto
765 4142 861 4199 insuia
869 4141 953 4198 libris
1006 4146 1047 4202 ita
1061 4144 1092 4202 in
1107 4143 1190 4201 lihris
1203 4144 1344 4201 adversus
1358 4142 1523 4201 Catholicae
1548 4143 1696 4217 deprimit,
1711 4160 1743 4199 ac
1772 4143 1831 4199 lere

125 4252 254 4309 unquam
265 4234 399 4292 meminit
417 4231 626 4301 Tertullianus,
650 4233 722 4305 quin
750 4232 864 4289 nullum
888 4235 951 4289 tum
1005 4234 1089 4293 laicis
1118 4238 1276 4308 peraequat,
1318 4234 1458 4290 adversus
1480 4232 1631 4290 hereticos
1663 4233 1829 4306 disputans,

125 4325 226 4396 tuisse,
242 4322 512 4398 pluribusinlocis
526 4322 766 4379 manifestissime
789 4321 952 4378 indicat.1d
1007 4321 1540 4396 nullameineepiseopisapostolieis
1568 4338 1664 4378 veram
1698 4323 1830 4395 agnoscit

125 4416 202 4472 enim
219 4411 440 4470 evidentissime
454 4410 527 4468 nihil
538 4410 674 4484 colligere
685 4410 784 4468 videor
795 4409 874 4467 exiis
889 4426 953 4466 om·
1007 4410 1166 4469 Ecclesiam
1185 4410 1259 4483 ;qui
1272 4415 1370 4465 tamen
1386 4408 1416 4465 in
1433 4404 1516 4465 lihrie
1544 4408 1685 4466 adversus
1703 4407 1831 4465 Catholi-

124 4504 213 4561 nihus
226 4502 312 4571 locis,
324 4501 353 4558 iu
364 4502 471 4573 quihus
482 4501 672 4558 traditionum
684 4499 886 4558 auctoritatem
901 4499 953 4556 ad·
968 4521 992 4588 D
1008 4518 1057 4559 coe
1075 4499 1233 4556 Ecclesiam
1247 4497 1277 4553 in
1292 4497 1388 4554 trihus
1399 4496 1481 4554 laicis
1492 4497 1657 4570 constituit,
1667 4496 1781 4555 utlihro
1796 4498 1834 4554 lle

125 4609 227 4651 samus
242 4591 393 4649 haereticos
409 4594 512 4664 urget.
528 4588 596 4646 Vult
611 4592 689 4646 enim
719 4589 868 4646 Christum
898 4590 953 4644 do·
1006 4587 1344 4659 extemeeee.(8t)2«
1369 4585 1424 4642 Ubi
1440 4590 1511 4656 tres,
1527 4585 1656 4644 Ecclesia
1681 4590 1735 4657 eet,
1765 4585 1834 4644 licet

126 4683 251 4741 ctrinam
267 4696 354 4738 suem
369 4679 509 4753 apostolis
525 4679 779 4736 communicasse:
805 4678 953 4752 apostolos
1007 4677 1084 4735 laici.
1105 4699 1118 4727 ι)
1133 4677 1168 4732 Et
1182 4675 1257 4731 libre
1280 4676 1316 4731 lle
1330 4677 1400 4745 lupa
1428 4676 1457 4731 in
1478 4680 1614 4748 persecat.
1631 4676 1707 4750 (85):
1726 4699 1740 4728 α
1769 4676 1833 4734 Non

125 4773 196 4829 stris
211 4769 382 4845 apostolicis
394 4785 469 4840 quos
489 4767 701 4842 persingulas
729 4768 861 4825 civitatee
892 4766 952 4838 epi·
1007 4770 1091 4839 potes
1106 4765 1270 4821 discurrere
1286 4779 1336 4836 per
1351 4763 1497 4837 singulae,
1512 4764 1552 4820 sit
1566 4766 1620 4822 tihi
1635 4769 1664 4822 et
1679 4766 1709 4821 in
1736 4765 1832 4821 trihus

126 4878 229 4933 scapos
252 4859 565 4927 constituerunt;hoe
593 4874 661 4915 vero
690 4858 752 4915 euie
778 4855 954 4914 successeri-
1008 4853 1171 4911 Ecclesia.»
1187 4857 1221 4909 Et
1244 4851 1295 4910 lib.
1312 4854 1349 4911 lle
1372 4854 1488 4927 pudicit.
1500 4855 1556 4926 (86)
1572 4873 1608 4911 :a
1635 4858 1699 4911 Non
1735 4851 1833 4910 Eccle-

126 4950 193 5021 bne,
221 4950 251 5006 id
294 4953 340 5005 eet
368 4948 405 5004 iis
433 4948 483 5020 qui
509 4947 647 5021 deinceps
670 4947 742 5003 viris
783 4943 953 5018 apostolicis
1008 4944 1054 5002 sia
1074 4959 1215 5001 numerus
1238 4943 1478 5015 episcoporum.»
1508 4943 1652 5016 Cogitanti
1668 4940 1751 5010 nihil,
1781 4956 1833 4996 cur

127 5038 312 5095 ordinatione
346 5036 479 5111 legitima
508 5040 725 5093 successerunt.
756 5035 875 5104 Statuit,
904 5049 953 5090 ees
1009 5033 1081 5090 adeo
1104 5032 1160 5089 sihi
1191 5031 1336 5089 contraria
1363 5031 1394 5088 in
1420 5032 1501 5088 hisee
1524 5030 1609 5087 libris
1635 5029 1772 5097 effutiret,
1802 5027 1832 5083 id

127 5129 272 5183 duntaxat
285 5126 436 5192 eeclesiae,
453 5141 504 5196 pro
518 5125 594 5181 veris
615 5128 644 5181 et
656 5123 825 5197 apostolicis
854 5122 954 5179 existi·
1009 5138 1103 5178 unum
1119 5121 1155 5177 sd
1170 5121 1304 5177 animum
1321 5120 1457 5176 occurrit.
1474 5120 1545 5175 Cum
1558 5116 1693 5174 catholici
1704 5115 1834 5188 episcopi

126 5216 332 5287 mandesque
345 5215 376 5271 in
392 5213 455 5271 suis
469 5212 553 5270 laetis
569 5212 735 5285 digerendis
749 5213 953 5285 episcoporum
1009 5208 1233 5267 Montanistasa
1251 5208 1456 5265 communione
1471 5206 1654 5278 repellerent,
1667 5219 1761 5277 neque
1775 5203 1835 5277 ipsi

127 5305 296 5378 catalogum
317 5303 353 5361 ad
383 5298 571 5375 aliquamvel
587 5318 622 5360 ex
644 5301 785 5376 apostolis
810 5299 952 5373 perduxe-
1009 5300 1099 5358 alium
1113 5315 1173 5356 sua
1188 5301 1271 5356 secta
1286 5297 1428 5354 haherent
1442 5296 1624 5369 episcopum,
1638 5293 1694 5351 hoc
1709 5294 1745 5350 ad
1760 5293 1837 5351 eola-

160 5465 334 5540 (Bttcap.3
367 5467 398 5522 et
417 5478 500 5536 seqq.
1057 5461 1092 5518 84
1117 5460 1230 5532 Capi.

174 5539 212 5593 82
238 5539 308 5610 Cap.
322 5536 350 5593 5.
1057 5534 1092 5588 85
1113 5531 1183 5602 Cap.
1200 5530 1244 5586 lt.

161 5539 223 5685 *833
236 5608 299 5667 Lib.
310 5609 348 5666 lie
359 5607 463 5679 virete.
483 5605 605 5664 veland..
622 5620 685 5678 cap.
700 5603 728 5661 2.
1046 5604 1093 5675 (ee
1119 5605 1188 5676 Cap.
1198 5600 1244 5656 21.
