3892 6104
115 254 192 320 {243
640 251 691 312 DE
713 251 1010 317 HAEEETlCORUM
1032 255 1297 320 suauissima.
1745 265 1822 327 1244

115 405 180 444 nem
192 386 421 459 ipsorumsemel
435 385 693 444 mortuussulsset.
706 385 803 458 ltaque
814 386 890 458 quod
903 386 938 441 ad
955 387 980 454 Α
995 403 1112 461 quoque
1127 388 1193 445 ildei
1212 387 1357 463 integrum
1383 391 1438 448 boc
1462 393 1549 450 modo
1577 396 1606 450 et
1628 393 1684 452 hac
1710 395 1822 454 ratione

115 476 368 551 ipsnsdiscipnlos
397 477 644 550 perunctusque
671 476 816 548 integram
845 493 940 549 neque
992 477 1068 533 tradi
1085 478 1114 534 in
1137 479 1265 536 Ecclesia
1295 481 1399 538 merito
1427 483 1595 553 consuevit;
1612 502 1648 541 ne
1676 485 1821 544 invocatio

113 566 270 640 perfectam
288 567 374 622 ildem
391 565 530 622 babuisse
545 565 592 622 his
609 564 703 621 modis
718 566 828 638 quibus
840 566 939 621 retuli·
993 567 1120 622 nominis
1136 571 1204 623 lesu
1221 586 1285 641 quas
1302 569 1412 627 aboleri
1424 588 1480 628 non
1493 576 1822 646 poleet‚eontsmptuia

114 673 181 712 mus
198 655 402 722 inveniuntur;
419 660 446 710 et
462 657 538 727 quod
556 655 646 711 multo
660 655 777 728 gravius
792 658 847 724 est,
863 654 940 710 sicut
993 655 1078 711 nobis
1093 655 1227 712 videatur
1250 657 1369 715 habita:
1387 660 1464 730 qnod
1481 661 1581 733 ulique
1602 678 1661 718 non
1690 667 1819 734 oportet;

112 742 938 817 inEvangelicccatatnannemscriptumest‚etiamalios
993 759 1162 815 quanquam
1177 744 1245 801 talis
1260 746 1413 815 invocatio,
1430 748 1455 804 si
1471 748 1543 805 nibil
1559 766 1739 822 eorumquae
1765 768 1821 807 me-

113 833 303 906 baptizabant
316 835 406 906 (loen.
421 851 464 889 111.
480 835 537 903 22).
994 832 1172 890 moravimua
1186 839 1321 890 secutum
1344 836 1440 906 fuerit,
1458 838 1493 893 ab
1519 839 1690 910 operatione
1715 839 1820 895 salutis

149 925 180 979 x.
198 923 337 978 Praeterea
353 923 422 995 quid
438 922 572 979 dicturus
587 939 618 979 es
635 923 670 978 de
684 922 730 978 bie
746 921 796 995 qul
812 921 939 994 plerum·
993 925 1134 977 cossatae
1149 927 1241 980 vacet.
1262 924 1379 981 Dicente
1394 925 1472 981 enim
1487 927 1620 998 apostolo
1640 943 1730 984 unum
1758 944 1821 985 osse

115 1029 171 1086 que
187 1017 223 1068 ab
239 1012 384 1085 episcopis
400 1013 535 1084 pessime
551 1012 780 1069 conversationis
791 1010 939 1084 baptisan-
994 1009 1142 1081 baptisma.
1159 1012 1269 1083 (Eptes.
1280 1030 1318 1068 iv.
1329 1016 1368 1085 5),
1380 1031 1498 1071 necesse
1517 1022 1562 1073 cst
1573 1015 1758 1074 invocatione
1768 1035 1820 1075 uo·

113 1106 178 1158 tur:
195 1102 245 1175 qui
263 1107 356 1158 tamen
373 1102 501 1173 tandem,
512 1118 580 1157 cum
597 1105 672 1158 Deus
684 1100 818 1170 voluerit,
829 1100 858 1156 in
875 1115 938 1156 sce·
993 1100 1081 1156 minis
1091 1101 1159 1158 Jesu
1169 1110 1373 1176 perseverante
1387 1104 1533 1177 ;quianon
1542 1111 1820 1180 potestaquoqnam

113 1190 223 1247 lenibus
238 1191 301 1247 suis
322 1190 457 1259 convicti,
473 1190 560 1247 eliam
581 1189 645 1263 ipso
672 1192 729 1263 (24)
744 1195 795 1246 ant
818 1206 939 1263 prorsus
993 1195 1147 1250 hominum
1164 1210 1228 1265 que
1243 1193 1333 1249 semel
1349 1193 1483 1250 luvocata
1506 1199 1552 1251 est
1575 1196 1695 1265 aulerci,
1714 1196 1741 1252 si
1759 1213 1819 1254 eam

112 1281 200 1336 eliam
211 1280 476 1335 communicatione
489 1279 665 1351 privantur?
677 1285 734 1336 Aut
744 1279 815 1351 qnid
826 1283 939 1335 statuss
993 1288 1095 1340 contra
1109 1283 1256 1339 decretum
1270 1282 1468 1355 apostolorum
1485 1285 1637 1356 geminare
1651 1284 1718 1342 ausi
1734 1284 1818 1341 tueri·

113 1369 151 1423 de
166 1369 208 1425 eis
223 1369 270 1440 qui
282 1368 472 1443 abepiscopis
482 1385 568 1442 prave
579 1368 776 1425 sentientibus
786 1367 938 1440 autimpe-
994 1389 1061 1428 mus
1080 1371 1229 1428 nimietate
1245 1370 1403 1443 prestandi
1419 1370 1478 1429 imo
1493 1374 1713 1444 superaddendi
1727 1374 1818 1448 bapti·

115 1457 735 1531 ritioribusluerintbaptizatilquandonon
749 1457 938 1529 adliquidum
994 1462 1096 1518 ematis
1111 1461 1225 1518 studio:
1242 1460 1267 1517 si
1283 1459 1331 1516 ille
1350 1461 1400 1534 qui
1420 1461 1457 1516 ad
1482 1460 1642 1518 Ecclesiam
1668 1463 1818 1521 revertitur

113 1551 143 1604 et
157 1548 268 1618 integre
280 1546 324 1604 vel
339 1547 427 1603 etiam
443 1546 527 1603 aliter
542 1564 631 1619 quam
660 1547 820 1619 oportetin
849 1546 939 1602 tradi·
993 1549 1067 1607 nolit
1088 1550 1184 1606 denuo
1200 1549 1352 1622 baptizari,
1365 1550 1497 1606 futurum
1512 1555 1598 1607 estut
1612 1551 1817 1609 defraudemus

115 1636 195 1692 tione
209 1635 384 1692 sacramenti
399 1636 506 1692 luerint
521 1635 609 1692 locuti
623 1654 630 1704 3
643 1640 719 1692 certe
739 1640 788 1692 aut
814 1635 938 1692 interro·
993 1637 1171 1712 baptismate
1182 1637 1307 1710 spiritali
1319 1653 1483 1710 eumquem
1493 1643 1635 1711 putamus
1646 1641 1816 1698 defraudan-

114 1724 246 1800 gaveriut
260 1725 341 1799 quid,
358 1728 408 1780 aut
422 1724 636 1797 interrogantes
655 1741 672 1781 a
694 1724 940 1798 respondentibus
956 1760 979 1826 B
995 1728 1064 1784 dum
1082 1745 1140 1784 nou
1156 1743 1221 1784 esse
1235 1725 1412 1798 baptismate
1426 1744 1520 1799 aqua.

113 1816 260 1872 audierint
274 1817 352 1890 quod
368 1815 489 1873 nrinime
501 1815 543 1873 ita
557 1816 730 1890 interrogari
746 1820 797 1872 aut
817 1833 938 1889 respon·
1030 1817 1077 1874 xl.
1093 1815 1167 1883 Quid
1179 1821 1276 1872 autem
1288 1820 1399 1872 statues
1410 1816 1441 1873 in
1451 1833 1608 1890 personam
1620 1819 1688 1889 ejus
1702 1818 1816 1875 verbum

113 1906 175 1963 deri
191 1907 295 1976 debet;
312 1908 389 1980 qnod
404 1910 503 1964 tamon
523 1923 581 1964 non
595 1906 681 1964 valde
700 1906 781 1963 illam
807 1910 939 1963 nostram
993 1906 1139 1963 audientis
1153 1904 1202 1978 qui
1217 1906 1290 1961 torte
1305 1904 1506 1978 apprehensus
1518 1907 1547 1962 in
1566 1907 1688 1965 nomine
1719 1907 1815 1965 Christi

112 1999 222 2053 rectam
240 1997 327 2053 illem
339 1997 434 2063 ludat,
450 1997 501 2052 sed
517 2014 575 2053 non
590 1999 651 2053 tam
673 2006 774 2053 ornate
798 2000 830 2053 ut
853 1999 887 2052 tn
910 1997 940 2051 et
993 1997 1094 2054 statim
1110 1995 1272 2062 confessus,
1284 2010 1317 2050 ac
1329 1993 1505 2067 priusquam
1516 1995 1660 2068 baptizari
1671 2013 1815 2071 aquapen-

113 2085 284 2159 composite‚
296 2085 345 2142 isti
358 2084 676 2159 quoqueaimplicicres
689 2085 823 2142 hominos
834 2089 939 2158 myste-
994 2085 1160 2141 mitteretur
1173 2085 1210 2156 el,
1225 2083 1312 2140 tuerit
1324 2084 1465 2157 punitue3
1484 2088 1583 2140 utrum
1615 2086 1730 2157 perisse
1757 2103 1814 2142 eum

116 2175 193 2230 rium
214 2173 281 2230 fidei
306 2175 432 2231 tradant.
449 2175 584 2232 Dicturus
608 2191 639 2231 es
663 2175 741 2231 enim
762 2175 863 2247 utiquc
887 2190 939 2247 pro
994 2173 1197 2249 pronuntiabis
1212 2173 1354 2244 quianon
1370 2173 1815 2247 cataquabaptisatns,anvero

115 2266 166 2319 tuo
182 2261 325 2335 singulari
340 2262 503 2335 diligentia.
518 2263 572 2318 hoa
588 2279 704 2336 qnoque
718 2263 814 2319 denuo
842 2263 939 2336 bapti·
994 2263 1104 2337 aliquid
1116 2262 1297 2320 extrinsecus
1308 2260 1484 2334 patrocinari
1498 2263 1533 2319 ad
1545 2262 1815 2321 salutemsxistima·

115 2351 224 2408 candos
238 2367 313 2416 esse,
330 2367 396 2406 enm
412 2351 539 2407 maxime
553 2352 595 2408 eie
610 2368 657 2407 res
673 2351 747 2407 desit
766 2355 818 2407 aut
844 2352 941 2410 obstet
994 2351 1320 2425 bis,lieetnunsitaqua
1336 2350 1814 2425 baptizatus‘louodperiisseeunr

115 2439 275 2514 quominus
291 2439 456 2497 inviolabile
465 2438 537 2497 illud
553 2440 683 2497 divinum
694 2440 941 2512 mysterinmsrdel
994 2441 1186 2508 existimabis,
1195 2440 1307 2497 obviam
1319 2438 1373 2496 tibi
1384 2439 1481 2496 veniet
1491 2440 1639 2497 sententia
1650 2441 1768 2498 Domini
1777 2441 1813 2498 di-

115 2530 323 2587 lntemeratum
334 2529 447 2602 possint
458 2529 598 2605 accipere.
606 2530 661 2586 Sed
669 2529 941 2603 enimvirorumop·
994 2531 1107 2588 centis:
1125 2531 1344 2602 Quicumqueme
1354 2528 1587 2603 consessaslnerit
1597 2547 1696 2588 eornm
1707 2532 1813 2588 tonus·

113 2619 247 2693 time(25)
257 2619 413 2676 reddamus
423 2618 560 2676 mdet
569 2620 774 2691 permittamus
783 2619 940 2677 virtutibus
995 2621 1045 2677 bns
1057 2619 1206 2689 confitetor
1215 2617 1300 2674 illum
1308 2628 1337 2674 et
1350 2635 1397 2690 epo
1407 2635 1501 2675 eornm
1512 2623 1595 2677 Patre
1605 2637 1668 2678 meo
1676 2623 1726 2693 qui
1735 2623 1762 2676 in
1771 2637 1815 2678 cu-

115 2707 281 2765 coelestibus
297 2708 372 2764 vires
389 2724 468 2779 suas,
486 2713 515 2765 et
537 2707 699 2782 dignationi
724 2707 828 2766 diviua
849 2711 940 2778 maje-
996 2709 1031 2766 tis
1044 2713 1084 2765 est
1097 2708 1202 2781 (Hatita.
1219 2708 1313 2780 x‚32):
1331 2707 1401 2778 quia
1417 2706 1490 2764 nibil
1508 2706 1635 2765 interest
1650 2714 1751 2766 uirum
1776 2709 1814 2767 bic

115 2798 202 2855 statis
215 2797 411 2854 concedamus
426 2797 609 2871 operationes
625 2797 767 2871 proprias,
782 2801 811 2854 et
829 2797 940 2855 intelli·
994 2797 1249 2856 verbumaudiens
1259 2814 1296 2854 an
1307 2796 1401 2854 ildrlis
1412 2796 1451 2854 sit
1462 2797 1513 2871 qui
1524 2798 1814 2870 confiteturDominn

117 2891 219 2961 gentes
229 2891 373 2960 quantum
388 2886 419 2942 in
434 2902 467 2944 ea
482 2887 521 2945 sit
535 2886 940 2956 emolumentum,libenterei
995 2888 1154 2944 dummodo
1171 2886 1270 2960 ipsum
1285 2886 1412 2943 Cristum
1428 2903 1517 2960 quem
1541 2887 1680 2944 conilteri
1705 2891 1815 2961 oportet,

117 2975 351 3049 acquiescamus.
366 2976 401 3032 Et
417 2976 481 3033 ideo
496 2992 564 3032 cum
579 2979 660 3034 salus
676 2977 820 3034 nostruin
845 2976 940 3051 bapti·
995 2977 1187 3034 confiteatur:
1202 2976 1272 3048 quia
1286 2975 1430 3033 Dominus
1446 2976 1509 3048 pari
1525 2976 1587 3033 rice
1602 2977 1770 3034 confitendo
1793 2979 1816 3032 st

121 3069 214 3123 amate
229 3065 361 3138 spiritus,
378 3066 455 3140 quod
471 3064 643 3139 plerumque
669 3082 735 3122 cum
765 3066 940 3140 baptismate
995 3067 1058 3141 ipse
1073 3067 1270 3123 consessorem
1286 3082 1373 3122 suum
1390 3065 1468 3138 apud
1483 3065 1614 3137 Patrem,
1630 3066 1815 3123 honerosum

118 3173 203 3229 aquae
217 3159 406 3230 conjunctum
421 3162 475 3229 est,
491 3158 529 3215 sit
542 3157 713 3227 constituta,
726 3157 872 3230 siquidem
888 3175 940 3232 per
955 3129 977 3197 c
997 3155 1127 3229 mautyrii
1140 3155 1198 3226 sui,
1214 3159 1247 3211 ut
1260 3152 1408 3227 pollicitus
1417 3157 1472 3223 est,
1483 3160 1614 3211 exornet.
1627 3156 1714 3222 Quod
1727 3156 1816 3228 utiquc

115 3262 169 3303 nos
184 3246 332 3320 baptisma
344 3249 486 3317 tradetur,
498 3247 610 3321 integre
625 3252 654 3305 et
668 3247 873 3305 solemniterct
888 3264 939 3322 per
998 3264 1057 3304 nou
1074 3245 1160 3302 debet
1174 3244 1262 3301 latius
1277 3244 1380 3316 accipi,
1395 3243 1482 3316 quasi
1495 3243 1592 3316 possit
1614 3259 1816 3318 usquequaque

116 3337 293 3410 omniaque
308 3337 418 3410 scripta
432 3341 502 3394 suut
512 3337 689 3411 assignetur,
702 3342 789 3411 atque
800 3338 863 3395 sine
878 3337 939 3394 ulla
994 3336 1115 3410 porrigi,
1131 3335 1202 3409 qula
1226 3337 1322 3407 potest
1349 3334 1452 3390 1180
1467 3333 1574 3391 Christi
1605 3351 1716 3391 nomen
1738 3335 1814 3391 etiam

116 3424 207 3482 ullius
224 3426 264 3483 rei
288 3425 472 3498 separatione
497 3418 650 3497 tradatur}
663 3431 714 3482 aut
737 3427 763 3483 si
786 3444 803 3483 a
826 3426 940 3483 minore
994 3423 1436 3497 baereticusaliquisquitamen
1447 3421 1546 3495 ipsum
1557 3422 1813 3498 Christumnsgat,

115 3514 193 3572 clero
209 3532 260 3587 per
290 3515 494 3572 necessltatem
523 3516 663 3572 traditum
691 3517 938 3586 luerit,eventum
995 3510 1732 3586 confiteri;qulainaliumeristumcredit‚cum
1744 3512 1814 3569 curi·

117 3608 318 3675 exspectemus
330 3605 599 3677 utautsuppleatur
610 3606 719 3662 anobis
729 3610 779 3663 aut
790 3622 807 3661 a
817 3605 941 3663 Domino
996 3610 1060 3663 stus
1075 3603 1249 3661 confiteatur
1262 3601 1339 3673 quod
1354 3601 1379 3656 ei
1396 3601 1534 3674 prodesse
1560 3601 1688 3659 minima
1716 3601 1811 3676 possit:

118 3692 316 3765 supplendum
330 3698 513 3764 reservetur;
528 3694 552 3751 si
563 3712 629 3752 vero
639 3696 675 3751 ab
684 3694 787 3751 alicnis
798 3696 941 3753 traditum
996 3695 1141 3768 siquidem
1153 3692 1295 3749 Dominus
1306 3707 1364 3748 non
1374 3707 1406 3748 ss
1420 3691 1518 3764 ipsum
1533 3690 1565 3747 in
1583 3693 1814 3750 consessionem

117 3781 215 3854 luerit,
230 3786 262 3838 ut
278 3787 373 3855 polest
387 3782 442 3840 boc
457 3783 607 3857 negotium
623 3788 651 3840 et
675 3789 708 3841 ut
731 3785 859 3853 admitit,
876 3801 941 3842 cor·
996 3783 1081 3841 nobis
1096 3797 1195 3837 coram
1211 3767 1383 3837 bcminibue
1398 3780 1501 3837 deduci
1513 3779 1813 3854 oporterediait‚qund

117 3871 231 3945 rigatur
252 3889 262 3926 .·
278 3872 349 3944 quia
376 3872 504 3945 Spiritus
533 3879 652 3931 sanctus
676 3877 757 3930 extra
785 3874 942 3931 Ecclesiam
996 3872 1060 3929 sine
1075 3872 1139 3945 ipso
1152 3875 1180 3927 et
1195 3870 1259 3927 sine
1272 3869 1437 3927 venerando
1453 3869 1572 3926 nomine
1583 3871 1650 3942 ejus
1661 3887 1720 3928 non
1732 3873 1813 3944 potest

118 3961 239 4031 nonsit,
257 3962 330 4018 ildes
345 3979 461 4035 quoqne
476 3979 534 4019 non
554 3964 650 4020 solum
679 3964 757 4036 apud
782 3964 943 4032 hereticos,
997 3961 1071 4018 iteri.
1087 3961 1122 4016 Et
1137 3960 1202 4017 ideo
1218 3959 1365 4032 integrum
1381 3975 1414 4015 ac
1429 3959 1580 4015 sincerum
1597 3963 1628 4015 et
1651 3957 1812 4017 incontami-

118 4049 482 4123 verumetiamapudeos
499 4053 768 4124 quiinschismate
792 4051 944 4109 constituti
1002 4047 1334 4106 natumstinriolatum
1363 4051 1523 4120 utrumque
1552 4048 1641 4104 debet
1669 4048 1813 4105 consistere

121 4143 192 4196 sunt
205 4156 279 4196 sana
293 4156 357 4197 esse
372 4157 429 4196 non
442 4141 546 4213 possit.
559 4141 726 4214 Idcircoque
741 4141 943 4213 penitentiam
1005 4137 1166 4206 confitenti,
1183 4136 1266 4193 nullo
1281 4135 1394 4193 delectu
1412 4134 1513 4193 habito
1528 4135 1627 4209 ipsius
1639 4135 1811 4198 musanus

122 4229 279 4304 agentibus
294 4230 490 4302 correctisque
505 4247 557 4304 per
575 4230 738 4287 doctrinam
762 4230 892 4288 veritatis
917 4233 945 4286 et
1000 4228 1061 4284 sire
1074 4226 1123 4285 ille
1133 4228 1244 4300 justus,
1262 4226 1323 4283 sive
1350 4230 1494 4298 peccator,
1509 4226 1720 4301 perfectusqus
1744 4221 1811 4283 Chri·

123 4334 176 4391 per
192 4319 279 4375 fidem
299 4318 442 4391 ipsorum,
457 4336 520 4391 quae
535 4325 636 4392 postea
650 4319 858 4377 emendataest
868 4318 945 4392 puri·
1001 4317 1127 4385 elianus,
1143 4332 1180 4372 an
1195 4331 1260 4371 vero
1274 4314 1453 4371 etiamnunc
1467 4313 1671 4386 imperfectus,
1686 4315 1734 4388 qui
1747 4329 1812 4370 sum·

121 4409 206 4464 sseato
221 4408 308 4465 corde
323 4425 435 4476 eorum,
449 4410 652 4466 tantummodo
667 4409 842 4482 baptismate
857 4408 945 4481 spiri·
1000 4423 1048 4463 mo
1064 4403 1235 4461 discrimine
1249 4420 1303 4461 suo
1319 4402 1473 4460 Dominum
1489 4403 1624 4459 confiteri
1640 4421 1698 4461 non
1720 4401 1810 4460 timuit

119 4496 181 4564 teli,
198 4495 227 4552 id
242 4500 288 4552 est
303 4513 408 4553 manns
423 4496 611 4570 impositione
625 4497 754 4571 episcopi
766 4504 795 4554 et
817 4498 943 4571 Spiritus
959 4501 982 4568 Ι)
996 4497 1054 4554 Nec
1068 4501 1113 4551 est
1127 4494 1182 4550 boc
1207 4491 1387 4549 contrarium
1412 4491 1558 4565 superiori
1584 4494 1743 4551 tractatui:
1756 4490 1810 4565 quia

120 4589 220 4642 sancte
235 4585 519 4655 subministratione,
530 4587 680 4645 subveniri
691 4587 794 4645 debeat
808 4605 815 4656 ;
827 4588 945 4661 signum
1000 4586 1061 4643 illic
1076 4584 1194 4658 quidem
1210 4588 1327 4656 tempus
1355 4586 1475 4656 superat
1504 4581 1543 4640 ad
1568 4585 1742 4657 corrigenda
1761 4596 1809 4655 cut

829 4712 994 4774 variorum
1016 4717 1111 4774 notas.

159 4818 215 4890 (24)
232 4818 324 4873 Etiam
339 4819 406 4889 ipsc.
423 4818 504 4891 Legit
517 4817 623 4889 lellus,
639 4821 725 4877 etiam
747 4821 805 4892 ipso
819 4834 945 4876 manne.
1002 4819 1110 4875 Duatas
1136 4821 1251 4890 ferreos,
1273 4815 1320 4874 sed
1345 4815 1509 4872 murenulas
1537 4832 1640 4874 annas
1665 4817 1805 4874 solebamus

124 4889 268 4963 Rigaltius
297 4905 382 4945 vcro:
399 4891 490 4946 Etiam
517 4891 713 4964 ipsc‚seilicet
738 4892 869 4958 Domino,
888 4891 946 4963 pri·
1002 4890 1158 4946 Mattheus
1171 4888 1280 4946 Bossus
1309 4888 1359 4942 lib.
1377 4903 1429 4959 r‚s
1451 4886 1604 4944 ist.77ad
1633 4887 1804 4964 Polycletus:

123 4967 239 5019 vantur.
253 4961 337 5026 Quia,
350 4960 457 5031 inquit,
473 4960 517 5018 vel
534 4963 610 5019 iacto
625 4981 679 5020 sno
694 4965 822 5035 pessimo
852 4961 947 5019 Domi·
1003 4962 1150 5031 Polyclete,
1167 4963 1291 5017 virorum
1304 4961 1415 5032 optime.
1429 4904 1561 5040 Ιςοιιιιιιοε
1575 4959 1708 5016 Vatellns
1721 4961 1746 5014 in
1759 4972 1803 5029 epl-

123 5051 194 5091 num
211 5036 329 5105 negant,
342 5037 371 5088 st
387 5033 422 5089 ad
433 5033 572 5090 Ethnieos
583 5036 817 5104 transeunt3aut
826 5051 946 5107 prorsus
1003 5033 1128 5090 stolaad
1155 5031 1347 5090 Guillelmurn
1373 5031 1497 5094 Rivrere.
1513 5047 1558 5101 qa
1584 5032 1665 5088 edita
1686 5036 1728 5088 est
1754 5041 1801 5085 cun

123 5107 212 5163 etiam
228 5104 389 5160 eiciuntur
402 5106 439 5161 ab
454 5104 591 5162 Ecclesia.
607 5124 746 5164 naaman.
1004 5105 1136 5176 epistolia
1151 5103 1299 5160 Guillelmi
1314 5103 1349 5159 de
1365 5102 1462 5158 Mara:
1479 5103 1538 5159 Non
1551 5118 1665 5173 possum
1684 5103 1753 5159 actu
1763 5112 1801 5154 scs

157 5179 213 5250 (25)
232 5121 358 5233 elerum
377 5178 597 5250 spumantes
625 5178 775 5252 legebatur
803 5180 945 5234 vinorum:
1001 5177 1156 5250 plurimum
1171 5176 1323 5249 gratulari,
1340 5175 1466 5256 virorum
1479 5174 1590 5256 optime.
1606 5176 1691 5247 Apud
1704 5171 1799 5250 Marium

123 5249 288 5306 emendatio
304 5247 398 5304 l'aeilis
414 5254 443 5303 et
457 5248 551 5305 obvia.
567 5251 612 5307 Sic
626 5251 656 5307 in
681 5247 810 5323 Epistola
834 5248 948 5306 Paulini
1003 5253 1200 5314 mercatorem,
1216 5263 1281 5319 pag.
1304 5246 1477 5313 55‚157.m
1505 5245 1633 5302 editione
1662 5252 1751 5300 nostra
1771 5253 1799 5296 nn

122 5322 249 5391 episcopi
262 5319 458 5391 aquileiensis
474 5320 509 5376 ad
521 5321 655 5378 Carolum
669 5323 706 5378 M.
723 5323 752 5377 in
769 5321 843 5377 libro
855 5323 948 5394 primo
1003 5323 1105 5393 optime
1120 5319 1265 5390 interpres
1284 5315 1413 5388 epistola
1428 5314 1550 5372 Palladii
1564 5317 1600 5373 ad
1617 5318 1737 5374 Lausum
1750 5326 1800 5390 pru·

124 5392 375 5448 miscellaneorum
391 5395 570 5458 nostrorum,
587 5411 654 5468 pag.
670 5396 740 5450 365:
758 5395 804 5449 llis
821 5400 849 5449 et
870 5394 949 5449 simi·
1004 5394 1065 5447 lixa
1079 5390 1162 5446 libris
1177 5391 1210 5446 de
1228 5391 1292 5445 Vitis
1307 5390 1440 5444 Putrem:
1456 5388 1504 5444 Eat
1521 5405 1624 5444 narem
1651 5388 1726 5457 tuias
1748 5385 1797 5440 dur

126 5463 198 5517 taen
215 5465 335 5518 uirorum
348 5466 456 5535 optime.
473 5464 551 5521 luter
566 5481 601 5540 ep
617 5466 707 5523 stolas
721 5466 849 5521 ineditas
863 5467 948 5521 Tras-
1003 5465 1076 5520 darii
1097 5462 1255 5534 spiritantia
1282 5464 1394 5516 sanctor
1421 5461 1544 5516 uirorum
1568 5463 1688 5533 optimas
1712 5461 1796 5515 istaut*⁸

127 5533 231 5587 mnndi
246 5534 381 5592 monachi
397 5536 624 5596 uluevulensis
639 5538 784 5611 reperitur
800 5554 858 5592 uua
885 5551 950 5608 quae
1004 5551 1140 5592 nnuman.

125 5603 168 5662 sic
180 5603 301 5674 incipit:
318 5606 480 5681 Reciperec
494 5611 670 5681 tacitorum
693 5611 803 5684 optines,
819 5624 875 5666 oon
901 5623 950 5664 cn·
1039 5607 1096 5681 (26)
1110 5607 1142 5663 El
1156 5605 1350 5676 intelligentes.
1366 5599 1523 5677 Rigaltius,
1534 5611 1570 5662 nt
1581 5603 1671 5663 inuti.
1689 5611 1796 5662 saum
