3892 6104
117 240 198 304 lim
771 241 932 303 NOTITIA
955 240 1176 302 fllsuotuclt.
1748 240 1827 304 {002

114 386 176 431 nuo
191 370 228 428 ad
243 386 314 428 euos
328 369 428 428 lecerit
441 369 568 444 benigna
597 372 712 428 Domini
730 375 761 429 et
773 370 856 445 larga
876 388 942 445 pro·
957 375 984 442 Α
998 372 1174 429 exstinctum
1189 387 1254 429 esse
1268 372 1431 446 imperanto
1445 371 1742 445 Valeriano,quorum
1758 390 1828 431 seu·

111 461 213 532 tectio,
234 464 269 516 ut
292 460 438 533 pascendo
461 461 542 533 gregi
568 464 678 534 pastor,
703 470 730 516 et
744 461 941 534 gubernanda
1001 461 1120 519 tentiam
1145 461 1251 518 refellit
1281 461 1433 535 Dionysius
1461 461 1688 530 Alexandrinus,
1713 462 1764 534 qui
1790 464 1827 518 de

112 550 183 608 navi
204 551 391 625 gubernetur,
411 554 441 606 et
462 550 595 623 regenda
619 549 695 622 plebi
721 556 814 607 rector
838 551 942 607 rodde-
996 549 1152 608 Valeriano
1166 550 1239 607 illud
1257 551 1489 609 memoriam
1501 551 1597 624 prodit
1611 552 1651 624 (0)
1667 570 1675 608 :
1691 573 1705 602 a
1719 550 1824 607 Nullus

114 643 208 712 retur,
231 639 306 696 un
332 643 361 696 et
392 643 545 713 appareret
580 637 787 712 relegationem
816 644 941 697 vestram
997 640 1181 713 superiorum
1206 637 1447 714 Principum,‘ne
1469 639 1512 697 illi
1543 641 1664 714 quidem
1691 641 1748 714 ipsi
1772 646 1825 714 qni

115 728 160 786 sic
182 727 324 785 divinitus
345 734 410 786 asse
432 727 618 801 dispositam,
646 745 703 784 nou
726 735 759 784 ut
788 729 943 802 episcopus
998 727 1095 801 palam
1111 728 1269 786 Christiani
1286 728 1625 800 luissedicuntnr,tauta
1639 729 1824 787 humanitate

116 817 276 891 relegatus,
297 820 326 874 et
349 816 453 890 pulsus
473 816 606 873 Ecclesia
632 817 755 884 deesset,
778 819 830 874 sed
852 823 885 874 ut
907 817 943 875 ad
998 821 1026 873 et
1042 817 1243 875 benevolentia
1267 822 1382 875 nostros
1406 818 1576 891 complexus
1599 822 1655 889 cst,
1681 824 1823 891 quantam

114 907 279 964 Ecclesiam
295 907 389 979 msq'or
403 906 544 963 rediret.»
560 906 625 963 llaec
640 907 676 963 de
690 906 792 964 exsilio
804 911 833 963 et
847 906 943 963 reditu
999 905 1048 963 ille
1063 923 1120 978 pra
1137 924 1168 964 se
1185 908 1296 964 terebat
1310 907 1394 963 initio
1410 907 1592 980 principatus
1606 908 1653 964 sui
1668 908 1737 980 (10).
1754 931 1769 959 »

115 993 200 1052 Lucii
225 994 372 1067 pontilicis
396 994 559 1068 Cyprianus
575 1011 582 1050 τ
599 1012 686 1069 quem
709 1012 784 1052 anno
810 994 945 1068 sequenti
1036 997 1113 1051 lucei
1126 997 1292 1054 lirccretotis
1307 995 1426 1052 subdito.
1440 1027 1471 1037 -
1487 995 1551 1052 Una
1566 996 1720 1054 decretalis
1736 997 1825 1057 Lucio

114 1085 243 1140 rediisse
266 1083 432 1141 verosimile
456 1088 510 1156 est,
531 1101 588 1157 quo
611 1088 641 1142 et
665 1085 838 1158 martyrium
855 1083 946 1142 subiit
1003 1083 1161 1141 ascribitur
1203 1084 1336 1158 epistola,
1376 1102 1440 1158 qus
1472 1083 1564 1141 multa
1591 1085 1823 1159 complectitur:

114 1173 163 1230 dis
178 1177 285 1246 quarta
297 1172 342 1231 vel
357 1173 461 1246 quinta
475 1172 581 1231 Martii.
597 1173 731 1231 Violents
752 1178 845 1231 morte
860 1191 945 1230 occu·
1036 1174 1065 1228 10
1079 1171 1116 1228 Ut
1129 1172 1284 1247 episcopus
1299 1176 1516 1247 sompertestes
1530 1189 1630 1231 aecum
1641 1174 1826 1249 presbyteros

112 1261 218 1319 baisse
237 1278 273 1319 ex
286 1278 343 1320 svn
356 1266 385 1318 S.
401 1262 536 1336 Cypriani
559 1263 596 1320 ad
618 1262 800 1336 Stephanum
822 1262 947 1337 epistola
1001 1277 1034 1318 ao
1050 1260 1189 1318 diaconos
1205 1261 1321 1330 habeat,
1336 1263 1366 1318 20
1382 1264 1420 1319 lle
1444 1261 1699 1320 criminationibus
1714 1263 1826 1337 episoc-

115 1366 222 1408 eruere
234 1350 302 1408 licet
318 1367 326 1408 :
342 1373 357 1402 «
373 1350 418 1407 llli
433 1351 532 1424 (rerba
554 1351 612 1409 divi
640 1353 679 1426 (3)
694 1359 764 1410 sunt
787 1352 865 1426 ploni
880 1352 946 1427 Spi·
998 1367 1115 1424 porum,
1132 1351 1192 1408 sive
1206 1351 1352 1424 majorum
1369 1356 1451 1418 natu,
1466 1355 1495 1408 et
1509 1357 1540 1408 ut
1555 1351 1747 1410 audientiasd
1763 1370 1826 1412 ms·

114 1439 173 1496 ritu
183 1439 238 1496 Dei
249 1443 279 1496 et
290 1439 321 1496 iu
330 1438 459 1513 glorioso
468 1441 606 1515 martyrio
614 1441 777 1515 constituti)
785 1442 946 1499 servandus
997 1440 1077 1512 jures
1087 1457 1227 1514 personas
1241 1439 1458 1514 appellantibus
1474 1442 1707 1515 nonnegeturs·
1721 1441 1757 1501 Ut
1767 1459 1827 1502 me-

114 1530 161 1585 ast
176 1550 192 1579 κ
207 1531 422 1586 auoeoessorrm
436 1529 772 1598 nostrorum,beatorum
783 1536 945 1604 martyrum
1000 1528 1195 1601 tropolitauus
1210 1527 1275 1586 sina
1289 1528 1411 1587 consilio
1425 1529 1631 1603 episcoporum
1657 1531 1732 1588 nihil
1747 1535 1824 1606 agat,

113 1614 240 1674 (tomelli
255 1621 286 1673 ot
298 1616 380 1675 Lucii
394 1618 488 1675 honor
501 1617 658 1693 gloriosus,
675 1623 733 1678 eto.
753 1641 768 1671 a
1001 1635 1054 1677 nec
1068 1619 1125 1691 ipsi
1140 1619 1206 1676 sine
1220 1617 1309 1692 illius,
1326 1618 1383 1676 nisi
1399 1618 1477 1691 quod
1493 1620 1674 1693 adproprias
1685 1620 1825 1679 ecclesias

149 1704 193 1762 Do
216 1710 348 1778 tempore
373 1706 504 1779 quidem,
532 1725 591 1780 quo
612 1708 719 1766 Lucius
742 1708 945 1782 pontificatum
963 1708 1137 1816 Bpertinet.
1154 1709 1182 1764 l·
1195 1707 1232 1765 Ut
1244 1708 1490 1782 metropolitanus
1513 1709 1577 1767 siue
1594 1709 1740 1783 episcopis
1755 1727 1824 1768 cau·

114 1794 223 1862 tenuit,
245 1794 393 1853 dissident
418 1796 536 1854 eruditi.
564 1797 685 1853 Biennio
714 1798 826 1856 sedisse
856 1797 949 1870 aliqui
1003 1814 1066 1855 sam
1081 1814 1257 1856 eorumnon
1272 1798 1478 1857 audiat5⁰Ne
1503 1799 1679 1872 posteriores
1692 1799 1824 1873 episcopi

116 1882 269 1940 tradam:
304 1882 390 1958 longe
404 1888 505 1942 tamen
519 1885 647 1943 breviori
661 1891 792 1960 tempore
806 1903 874 1944 eum
888 1887 947 1944 Ro·
1001 1887 1150 1960 prioribus
1163 1902 1195 1945 se
1209 1887 1373 1960 proterant,
1389 1903 1443 1946 neo
1456 1887 1499 1946 eis
1514 1886 1689 1946 inconsultis
1712 1888 1824 1962 aliquid

115 1987 213 2028 manaa
227 1971 361 2029 Reclusis
377 1973 529 2045 proluisse
549 1975 684 2032 bucherii
707 1975 858 2050 catalogus
872 1976 947 2032 indi·
1001 1981 1099 2049 agant.
1122 1979 1154 2033 60
1171 1981 1210 2034 De
1231 1977 1269 2033 iis
1294 1976 1345 2050 qui
1369 1992 1416 2034 res
1435 1976 1568 2034 licclosire
1592 1977 1637 2035 vel
1661 1978 1825 2035 oblationes

114 2064 172 2128 oet,
187 2062 261 2118 dum
274 2060 433 2119 Volusiano
453 2081 496 2135 111,
521 2067 549 2121 et
571 2064 697 2122 Maximo
721 2081 797 2122 coss.
822 2065 945 2138 Stepha·
1000 2064 1131 2123 tidelium
1156 2066 1303 2135 auserunt,
1338 2067 1368 2122 et
1402 2065 1603 2123 auferentibus
1624 2066 1822 2124 conmutiuut.

112 2166 189 2207 uum
220 2151 285 2222 ejus
309 2149 371 2208 luco
396 2152 565 2209 ordinatum
588 2154 677 2211 refert
700 2169 708 2209 ι
731 2154 810 2227 quod
835 2153 944 2211 clarius
999 2153 1331 2227 hlissaestepistolaad
1347 2152 1822 2228 Galliaatqusllispamasepisoo-

109 2243 244 2295 testatur
268 2239 411 2298 Eusebius
443 2240 492 2314 (l),
518 2242 569 2315 qui
604 2258 722 2301 menses
752 2247 817 2300 octo
846 2243 942 2301 eidem
997 2260 1051 2317 pos
1066 2260 1074 2300 ι
1091 2242 1428 2315 conscenderamus,
1444 2242 1524 2300 Gotto
1538 2246 1564 2300 et
1582 2244 1732 2300 Volusiano
1747 2246 1819 2301 Coae.
1865 2286 1881 2309 Ι

113 2326 484 2402 ascribitliicephorusvix
494 2335 607 2404 septem
615 2331 941 2406 mensespoutillcatum
997 2333 1068 2390 Viris
1079 2332 1256 2390 olurbeimls.
1271 2335 1338 2401 Qua
1352 2331 1529 2406 subscriptio
1544 2332 1733 2404 impostorem
1747 2332 1821 2389 satie

108 2415 245 2474 maumas
260 2416 390 2476 aillrmat
404 2419 441 2492 (5)
457 2435 465 2477 :
483 2419 687 2478 henschenius
706 2421 816 2478 veroin
831 2423 941 2479 Conatu
998 2421 1107 2495 prodit.
1136 2421 1234 2478 Vitam
1254 2420 1334 2478 enim
1363 2421 1458 2478 adbuc
1493 2420 1639 2478 retinebat
1667 2421 1819 2478 Cornelius

107 2505 323 2580 domnologico
343 2506 481 2566 historico
496 2508 545 2582 (0),
568 2526 645 2567 anno
669 2511 735 2577 253,
759 2509 879 2583 quidem
894 2527 941 2567 or·
995 2509 1133 2567 Kalendis
1156 2509 1274 2583 Aprilis,
1290 2508 1372 2567 Gallo
1394 2514 1424 2567 ot
1447 2508 1604 2567 Volusiano
1626 2526 1704 2567 coss.
1719 2509 1818 2582 Neque

108 2593 347 2653 dinatumsuisee
354 2596 443 2654 tradit
459 2597 652 2670 Stephanum,
664 2599 716 2656 sed
725 2614 776 2671 per
786 2599 938 2656 biennium
995 2604 1055 2656 tam
1073 2600 1184 2656 bardus
1207 2603 1258 2655 aut
1272 2598 1428 2671 imperitus
1442 2598 1497 2655 luit
1512 2597 1631 2666 Lucius,
1646 2606 1679 2655 ut
1693 2599 1817 2670 impera·

108 2686 255 2754 tauquam
270 2684 355 2743 Lucii
368 2685 521 2755 meadum,
539 2686 701 2744 lismonam
717 2687 941 2745 administrasse
994 2693 1072 2745 tores
1087 2688 1235 2745 Romanos
1250 2686 1335 2744 titulo
1353 2688 1478 2745 Viromm
1491 2687 1821 2745 ohrioaimorumindue·

109 2770 275 2830 Rccleslam
292 2790 403 2849 :quare
418 2775 570 2832 biennium
595 2792 713 2849 quoque
739 2777 819 2833 Lucii
835 2782 941 2849 marty·
995 2777 1043 2834 rit.
1070 2777 1166 2834 Verba
1190 2776 1253 2833 bno
1281 2776 1386 2848 capitis
1403 2778 1421 2833 6
1438 2792 1445 2831 :
1466 2797 1481 2827 a
1506 2779 1612 2834 Hortor
1632 2775 1819 2834 dilectionem

108 2861 191 2920 rium
207 2863 315 2922 diflert.
330 2866 447 2923 Atoum
462 2867 633 2938 pontificum
649 2867 940 2924 Romanorumvioa·
993 2871 1134 2936 vostram,
1158 2865 1288 2922 obtestor
1301 2869 1331 2920 et
1360 2880 1475 2935 moneo,
1504 2869 1538 2921 ut
1566 2881 1624 2938 qua
1652 2863 1766 2921 debetis
1793 2868 1823 2922 et

109 2951 160 3018 rii,
172 2951 276 3024 iudice
293 2953 382 3028 Pugio
406 2955 456 3028 (7),
477 2955 609 3028 antiquis
632 2956 824 3030 scriptoribus
848 2955 939 3029 ignoti
993 2954 1116 3027 potestis
1140 2951 1337 3010 sollicitudine
1372 2952 1500 3026 vigiletis
1533 2953 1569 3010 ad
1604 2952 1822 3026 investigandos

110 3039 234 3112 morini,
248 3044 279 3099 et
291 3044 461 3101 eorumdem
473 3045 644 3118 pontificum
663 3045 870 3102 chronotaxim
883 3044 939 3100 dil·
994 3042 1157 3110 hereticos,
1168 3063 1183 3093 »
1195 3041 1299 3099 Leonis
1313 3057 1324 3098 1
1337 3057 1372 3098 cx
1385 3040 1511 3114 epistola
1521 3041 1652 3099 secunda
1661 3043 1821 3115 desumpta

110 3128 297 3188 tlcultatibus
320 3148 397 3205 sapa
423 3133 611 3207 tenebrisque
634 3133 813 3203 obvolutam,
839 3131 981 3200 obsum-C
996 3135 1076 3190 sunt.
1092 3130 1241 3189 Psalmum
1258 3145 1354 3187 amn
1368 3129 1470 3187 laudat
1483 3146 1519 3187 ex
1532 3131 1666 3189 versinus
1679 3129 1824 3206 Hierony·

112 3217 220 3276 nomm
236 3234 271 3276 ac
283 3219 494 3279 intricationem
510 3223 754 3296 reddsut‚idoirco
763 3223 800 3280 ab
815 3223 945 3281 eruditis·
993 3220 1035 3279 mi
1052 3236 1059 3276 :
1074 3236 1110 3277 ex
1120 3218 1251 3293 Gregorii
1276 3218 1374 3293 Magni
1396 3217 1471 3276 libro
1491 3235 1543 3288 xn,
1564 3219 1689 3292 epistula
1711 3220 1756 3293 32,
1772 3237 1823 3294 pe·

114 3307 161 3362 six
173 3307 338 3380 probantur
353 3326 361 3380 ;
377 3310 456 3367 unde
470 3314 581 3383 septem
596 3314 647 3368 aut
666 3318 732 3369 octo
747 3329 864 3370 menses
882 3313 939 3369 Ro·
993 3309 1062 3366 tltas
1077 3309 1196 3366 adhibet
1210 3308 1381 3366 sententias.
1389 3308 1460 3379 litus
1470 3308 1526 3364 sub
1539 3308 1710 3381 pontificatu
1725 3309 1824 3366 saevis·

118 3410 234 3454 manam
248 3397 359 3456 rexisse
372 3399 542 3471 licolesiam,
559 3416 628 3458 oum
643 3401 768 3459 Eusebio
782 3405 940 3459 annotasse
993 3398 1070 3455 sima
1084 3397 1174 3472 pestis
1188 3397 1219 3453 in
1234 3401 1376 3455 autumno
1391 3395 1489 3470 caepit,
1500 3401 1529 3454 et
1542 3395 1713 3470 quindecim
1729 3413 1822 3456 anuos

120 3485 245 3542 mutonti
259 3502 366 3545 sumus
380 3487 430 3561 (8).
452 3489 596 3546 Ceterum
611 3489 641 3546 in
665 3506 762 3547 errore
785 3495 941 3548 versantur
994 3490 1138 3561 grassata
1154 3484 1316 3560 permultas
1332 3485 1579 3557 liemsuiimperii
1588 3485 1755 3559 provincias
1771 3487 1821 3545 de·

120 3573 323 3648 martyrologia
344 3582 546 3649 auctoresque,
571 3578 680 3650 quibus
704 3578 800 3651 placet
820 3578 938 3635 Lucium
994 3577 1135 3650 populata
1147 3579 1203 3633 est.

843 3720 1008 3784 variorum
1024 3723 1118 3780 notas.

166 3849 181 3903 3
204 3848 353 3922 Cypriam,
369 3851 420 3921 Ep.
436 3849 481 3917 78,
496 3848 533 3904 od
547 3847 726 3919 Stcpnoaom,
743 3844 780 3900 al.
795 3846 840 3900 67.
994 3858 1099 3914 nempe
1114 3840 1197 3897 illum
1221 3840 1377 3913 significet,
1401 3840 1452 3912 qui
1473 3839 1594 3898 alterius
1616 3839 1695 3897 vices
1723 3840 1820 3913 gerit:

167 3921 180 3974 l
206 3919 310 3976 basah.
327 3921 396 3976 lliet.
410 3921 518 3985 esaim..
533 3918 585 3976 lib.
597 3935 647 3987 vn,
664 3934 726 3989 cap.
741 3919 768 3972 2.
995 3931 1064 3971 uam
1080 3913 1206 3968 vicarius
1220 3916 1248 3967 et
1264 3927 1415 3968 successor
1427 3912 1506 3969 idem
1531 3918 1575 3968 est
1597 3913 1685 3994 apud·
1707 3912 1823 3993 Cypria·

166 3993 181 4046 6
204 3990 370 4062 Nicephor.,
386 3993 453 4047 llist.
469 3989 709 4055 cmtcsa.,lib.v1‚
725 4004 789 4060 cap.
804 3989 832 4042 7.
994 4000 1078 4048 num,
1094 3984 1218 4056 ideoque
1228 3982 1411 4067 Stephanum
1421 4000 1478 4039 non
1492 3982 1587 4038 solum
1598 3999 1740 4038 vicarium
1753 3983 1824 4036 dicit

69 4120 71 4125 ,
166 4062 182 4116 6
205 4062 386 4135 Propyloenm
401 4063 437 4119 ad
452 4064 517 4119 loto
530 4063 655 4117 Sanctor.
672 4060 748 4115 licii.
995 4057 1046 4114 ssd
1062 4060 1091 4111 et
1102 4053 1326 4124 Corneliinujus
1341 4070 1412 4112 sane
1427 4053 1570 4112 vicarium
1581 4054 1637 4109 dici
1654 4070 1710 4109 non
1726 4058 1822 4126 potest

69 4138 71 4145 '
159 4132 181 4201 (7
206 4137 287 4207 Peg„
305 4139 366 4190 not.
387 4133 423 4189 sd
439 4151 507 4191 ann.
522 4133 655 4200 253.2,3;
670 4132 819 4197 Pearsnn,
836 4130 939 4186 Asuui.
1041 4128 1069 4196 0)
1085 4127 1203 4195 liusab,
1220 4128 1295 4183 ilict.
1311 4126 1378 4182 ecci.
1395 4125 1447 4182 lib.
1464 4127 1514 4191 vsi,
1531 4141 1595 4208 cap.
1611 4125 1657 4181 40.

131 4196 252 4272 caprino.
268 4222 338 4262 ann.
353 4205 416 4261 253.
1044 4199 1088 4267 10)
1109 4197 1175 4255 Vid.
1199 4201 1275 4254 Patr.
1302 4196 1466 4263 coustant..
1502 4196 1648 4267 lipotolor.
1682 4209 1821 4251 romanor.

161 4273 197 4345 (8)
210 4277 279 4332 Cum
300 4276 463 4350 Cyprianus
488 4275 669 4348 Stephanum
695 4272 774 4330 Lucii
800 4271 941 4328 vicarium
994 4268 1168 4353 pontificum,
1187 4285 1255 4341 pag.
1279 4268 1334 4351 206
1356 4273 1385 4326 et
1406 4269 1472 4352 soi,
1496 4266 1544 4325 ubi
1574 4267 1715 4350 ostendit,
1752 4281 1821 4322 uam

131 4354 377 4478 titinnius
392 4346 729 4493 ‘iltlltlltttttl
742 4343 944 4488 ltilltlh
996 4337 1717 4486 lbttttttltttbliltlittt¹³¹²⁰¹¹⁶'¹⁸¹¹¹²⁹
1759 4342 1821 4395 ³¹⁸·
