3900 6112
123 328 187 391 948
760 326 876 389 LIBER
897 327 950 387 titt
970 328 1197 390 retulisse.
1770 332 1834 395 9440

124 462 303 535 receptuset
316 462 455 534 ecceptue
469 466 523 527 est,
552 459 604 532 qui
618 459 723 517 solitus
737 464 782 517 est
796 460 852 533 (38)
867 460 948 533 tongi
962 460 991 529 Α
1008 460 1091 517 diens
1101 460 1257 519 clementis
1272 460 1366 535 pueri,
1377 462 1455 519 Deos
1479 464 1558 521 esset
1581 462 1680 536 potius
1695 462 1763 537 (44),
1778 480 1837 523 non

123 549 451 609 stridorizniceutsm
466 548 637 619 Filiusllei,
654 550 784 607 Dominus
808 550 955 607 allumieo
1009 549 1085 607 alius
1111 551 1284 625 intelligitur
1314 568 1404 624 quum
1426 551 1556 625 Angelus
1586 568 1651 610 esse
1675 553 1839 627 periberet

123 640 201 714 pluit
217 656 302 712 cuper
311 638 458 695 Sodomam
471 648 498 695 et
527 638 708 696 Gomorrhem
726 638 851 710 sulphur
875 648 955 710 cique
1008 639 1097 697 Deus.
1109 642 1190 709 Quod
1219 657 1287 697 cum
1312 641 1389 697 Petri
1416 646 1586 714 competens
1608 646 1637 699 et
1659 643 1837 703 conveniens

123 732 230 801 ipsein.
251 728 303 785 Hic
317 732 416 785 eutem
428 729 478 784 Dei
487 729 617 785 Verbum
628 733 673 785 est
690 746 696 783 :
713 728 841 785 Verbum
855 734 953 785 eutem
1008 744 1072 786 esse
1091 746 1149 785 non
1165 729 1268 802 possit,
1280 729 1331 803 qui
1346 732 1552 788 tantummodo
1574 731 1652 790 Deus
1680 736 1737 805 est,
1752 748 1836 791 com·

125 820 177 876 Dei
191 835 260 876 curo
276 818 386 873 iactum
401 823 456 887 est,
473 822 502 873 ct
516 816 657 873 bebitovit
672 818 702 873 in
717 820 802 874 nobie
818 834 825 875 ε
842 819 888 874 hic
904 835 955 874 ou·
1008 822 1111 890 petens
1121 822 1221 876 eutem
1236 836 1300 877 esse
1314 818 1408 893 possit
1421 819 1549 891 Christo,
1566 821 1617 895 qui
1632 837 1691 879 non
1707 826 1837 881 tentum·

108 912 185 967 tem
200 906 335 963 Christus
350 911 404 963 est.
420 905 483 962 Non
499 911 585 964 Peter
599 906 690 978 igitur
714 909 789 979 apud
805 907 954 963 Abrehum
1008 909 1095 965 modo
1110 914 1196 976 Deus,
1211 910 1262 966 sed
1279 912 1308 965 et
1320 909 1449 981 Angelus
1464 912 1672 983 pronuntiatus
1696 916 1742 968 est
1754 929 1762 969 :
1776 928 1836 969 mo·

105 986 242 1069 ibospes
259 997 309 1053 sed
322 996 457 1053 Christus
468 996 524 1052 luit
540 1014 548 1065 ;
565 1012 617 1052 nec
632 996 793 1053 tuncPoter
807 996 887 1052 visus
897 1000 953 1067 est,
1008 997 1253 1070 niiestoepperet,
1271 998 1450 1054 nonPetnem
1467 999 1506 1055 ibi
1523 1003 1593 1056 tunc
1603 1000 1734 1057 locutum
1744 1000 1836 1059 luisse

123 1088 174 1144 sed
190 1085 281 1142 Filius
298 1104 305 1154 ;
322 1085 473 1158 visuel3ill
503 1089 602 1141 eutem
630 1085 832 1141 estChristus.
850 1085 953 1141 Merito
1007 1087 1043 1142 od
1060 1088 1144 1159 Ager,
1160 1088 1209 1143 sed
1225 1088 1374 1143 Christum
1403 1088 1594 1160 potius,cum
1618 1089 1696 1147 Deus
1723 1089 1773 1161 sit,
1787 1092 1836 1148 oui

121 1175 217 1248 igitur
230 1174 363 1231 Christus
378 1178 407 1231 et
420 1174 564 1230 Dominus
587 1177 616 1230 et
641 1175 715 1230 lleus
742 1178 797 1242 est,
828 1175 953 1246 quinon
1007 1177 1095 1233 etiem
1106 1176 1206 1249 Angeli
1232 1178 1371 1249 competit
1399 1194 1516 1249 nomen,
1538 1179 1726 1251 quippecum
1740 1183 1837 1251 magni

122 1264 210 1321 aliter
224 1263 350 1320 Abrehae
363 1263 445 1319 visus
460 1263 576 1330 est,nisi
589 1261 659 1335 quie
674 1267 741 1319 onte
756 1262 853 1334 ipsum
866 1263 954 1319 Abre-
1006 1266 1118 1322 consilii
1132 1267 1249 1339 Angelus
1260 1267 1353 1323 iectus
1369 1267 1408 1324 sit
1422 1270 1485 1340 (isc.
1508 1284 1548 1339 rx,
1567 1269 1596 1341 8)
1612 1284 1619 1325 :
1636 1268 1767 1343 Angelus
1782 1286 1836 1327 eu·

122 1355 193 1410 hom
210 1357 410 1409 exPetreDeo
427 1352 618 1409 DeusSermo
647 1352 704 1425 (40)
726 1356 951 1425 gonerutueest.
1006 1359 1066 1411 tem
1077 1356 1126 1422 sit,
1142 1355 1211 1411 dum
1228 1356 1348 1428 exponit
1363 1356 1462 1413 sinum
1478 1359 1583 1430 Petris,
1614 1356 1835 1416 sicutiosunes

121 1442 427 1515 Adhuc‚inquit,idem
438 1441 568 1515 Angelus
579 1445 608 1498 et
622 1446 698 1497 Deus
713 1442 846 1497 eumdem
863 1445 951 1514 Ager,
1006 1443 1094 1501 edicit
1108 1446 1198 1513 (ioue.
1211 1461 1232 1511 ι,
1248 1444 1305 1517 18).
1321 1445 1350 1500 84
1365 1445 1444 1502 enim
1459 1446 1517 1519 (45)
1532 1444 1595 1519 ipse
1609 1446 1737 1504 Joennes
1752 1446 1833 1505 hunc

122 1534 257 1607 iugstem
272 1531 308 1588 de
323 1532 410 1587 domo
425 1531 546 1588 Abreboe
574 1547 641 1586 cum
667 1548 767 1603 puero,
784 1530 952 1587 consoletur
1006 1535 1142 1590 eumdem
1159 1534 1209 1606 qui
1227 1533 1325 1589 sinum
1341 1534 1458 1607 exponit
1485 1535 1589 1606 Petris,
1616 1535 1745 1593 Verbum
1760 1536 1832 1595 dicit

121 1619 557 1679 etvisitut.Nemcumilloin
582 1618 740 1676 solitudine
768 1619 953 1691 exposuisset
1006 1638 1123 1681 curnem
1139 1624 1335 1693 iectumesse,
1352 1628 1386 1679 ut
1404 1623 1502 1680 sinum
1518 1624 1614 1681 Putris
1628 1629 1728 1697 posset
1742 1614 1860 1699 expo-'
1917 1618 1926 1671 .'

121 1709 350 1782 infantemque
365 1726 443 1781 uque
453 1709 606 1766 deiecisset
619 1725 653 1765 ex
664 1714 870 1781 utrocumque
880 1723 952 1781 puor
1006 1729 1074 1769 nere
1090 1731 1097 1769 :
1115 1714 1219 1769 nierito
1233 1712 1366 1770 Christus
1382 1731 1440 1768 non
1456 1713 1552 1770 solum
1567 1714 1655 1770 homo
1670 1718 1725 1787 est,
1736 1715 1788 1772 sed
1802 1719 1832 1773 et

120 1799 173 1856 ille
187 1798 352 1866 clemoseet,
376 1800 477 1854 fletum
501 1804 530 1853 et
557 1797 706 1871 planctum
732 1797 858 1855 levasset
872 1797 948 1870 (Gen.
1004 1799 1133 1871 Angelus
1148 1800 1204 1872 (46)
1222 1816 1229 1867 ;
1245 1814 1298 1856 nec
1308 1799 1437 1873 Angelus
1452 1804 1579 1869 tentum,
1589 1801 1640 1858 sed
1653 1806 1680 1858 et
1695 1801 1833 1875 Deusper

119 1906 180 1956 xxi,
197 1888 241 1957 17,
258 1889 372 1957 18,19),
388 1889 421 1943 Et
435 1887 543 1944 aedicit
571 1889 638 1958 (44),
668 1885 764 1959 inquit
787 1886 947 1960 scripture,
1003 1888 1168 1961 Scriptores
1183 1888 1357 1956 ostenditur,
1373 1893 1402 1945 et
1420 1907 1438 1945 s
1453 1890 1538 1947 nobis
1553 1889 1608 1946 hoo
1624 1905 1689 1947 esse
1703 1890 1834 1949 creditur

118 1980 191 2035 44444
204 1992 297 2033 uocem
304 1978 388 2048 pueri
401 1976 436 2032 de
451 1978 511 2033 4444
520 1976 569 2031 uli
587 1978 656 2032 erui.
681 1978 753 2033 Cum
768 1981 860 2031 Deum
883 1991 948 2032 esse
1002 1994 1049 2049 ne,
1066 1978 1090 2034 si
1103 1994 1161 2033 non
1172 1977 1323 2034 Christum
1338 1981 1410 2057 tuno
1425 1978 1556 2035 locutum
1573 1979 1609 2035 nd
1621 1981 1696 2053 Ager
1709 1978 1833 2037 volueri-

117 2067 280 2141 quivoeem
298 2066 419 2122 intentis
435 2064 553 2133 audivit,
584 2065 742 2132 retulisset,
773 2064 897 2137 adjecit:
915 2067 948 2121 Et
1002 2067 1831 2140 musoccipere‚eotAngelumDeumleciornus,uutileum
1922 2074 1926 2079 '

117 2159 225 2213 uceccit
243 2155 361 2225 41444444
380 2155 492 2211 Domini
510 2155 600 2227 ipram
614 2155 686 2225 Aque
700 2153 734 2211 de
754 2155 835 2225 coet03
854 2155 947 2226 Ange·
1001 2158 1116 2214 Putrem
1133 2157 1364 2230 omnipotentem
1380 2156 1456 2214 inter
1471 2158 1598 2231 Angelos
1614 2162 1830 2232 computemus.

115 2244 182 2303 lum
197 2245 325 2345 reserens
335 2260 400 2300 esse
414 2260 501 2316 quem
514 2248 605 2300 Deum
620 2244 775 2314 dixerut,et
788 2244 945 2344 Domipum
1221 2297 1339 2356 CAPUT
1352 2298 1414 2355 XIX
1440 2300 1478 2355 al.
1494 2298 1601 2356 XXVII·

117 2337 315 2409 pronuntians
330 2348 488 2405 essequem
496 2332 641 2406 Angelum
650 2332 805 2389 collocaret
816 2349 822 2388 :
835 2349 946 2405 quique
1417 2341 1423 2368 ⁵

116 2421 482 2498 Angelusetlleusedbuc
496 2422 554 2495 ipsi
573 2425 648 2494 Ager
665 2422 810 2495 promittit
833 2423 945 2494 mej0re
999 2406 1175 2476 QAOdtll'ssm
1193 2406 1275 2463 lamb
1303 2407 1464 2478 (4444444444
1488 2407 1558 2463 04443
1572 2407 1700 2480 Animis
1725 2423 1824 2483 ’imi‘
1938 2452 1942 2459 ¹

117 2513 236 2585 soletis,
251 2511 373 2568 diceudo
391 2528 397 2567 :
409 2515 450 2568 Ne
461 2513 587 2568 4444444444
598 2529 609 2575 ,·
621 2512 754 2568 exaudiui
766 2514 840 2568 euim
854 2527 945 2569 vocem
1328 2483 1377 2534 ⁰⁸¹
1391 2478 1491 2535 mm·

116 2604 202 2675 pueri
214 2603 250 2659 de
273 2602 332 2658 ioco
342 2601 391 2657 ubi
409 2604 479 2657 eret.
494 2605 594 2675 84444,
604 2618 682 2657 eume
692 2617 821 2673 puerum,
830 2604 856 2657 44
863 2606 943 2659 tene:
1033 2602 1106 2668 Quid
1123 2602 1148 2660 si
1163 2606 1192 2659 et
1205 2602 1263 2659 elio
1291 2603 1321 2657 in
1342 2602 1406 2659 loco
1433 2602 1570 2660 similiter
1586 2602 1713 2677 legimus
1728 2605 1821 2661 Deum

116 2692 239 2749 imin
253 2699 365 2764 pentem
379 2694 454 2747 enim
475 2692 717 2763 rrrupnomfeeiom
730 2706 803 2747 eum.
820 2691 871 2747 llic
885 2693 943 2747 An·
996 2693 1138 2765 Angelum
1149 2692 1487 2765 eeuposttumtttsm
1517 2709 1585 2749 cum
1613 2694 1691 2767 opud
1717 2712 1822 2755 uxores

115 2782 213 2855 gelus,
225 2782 251 2837 si
264 2778 394 2852 Angelus
409 2783 525 2836 tentum
546 2784 600 2848 est,
613 2796 666 2836 cur
681 2780 733 2836 troc
744 2779 801 2835 eibi
815 2780 945 2836 vindicet
997 2798 1067 2839 sues
1084 2782 1162 2838 Liem
1177 2786 1265 2853 etque
1280 2780 1386 2839 Rachel
1410 2781 1500 2837 Jecob
1528 2782 1565 2839 de
1589 2782 1682 2856 petris
1701 2782 1822 2843 illerum

115 2874 148 2926 ut
164 2869 243 2925 dicet
259 2884 266 2925 ε
281 2871 315 2925 44
324 2872 430 2939 pentem
442 2869 518 2925 enim
529 2886 656 2941 44444444
669 2871 772 2941 focium
786 2886 860 2937 4444,
873 2884 943 2927 cum
997 2870 1151 2943 iniquitute
1162 2874 1344 2943 quereretur,
1364 2876 1473 2927 etcum
1489 2870 1608 2928 referret
1622 2874 1700 2945 quod
1712 2874 1776 2945 jem
1791 2874 1822 2932 in

114 2958 285 3031 boeotique
299 2973 393 3031 genus
410 2959 546 3031 potentie
561 2958 612 3014 Dei
627 2958 676 3028 sit,
692 2958 794 3031 Angeli
808 2974 942 3015 essenon
997 2964 1104 3017 terrem
1120 2961 1268 3033 proprium
1280 2976 1410 3016 remeare
1437 2968 1465 3016 et
1480 2960 1585 3017 reverti
1602 2966 1731 3033 cuperet,
1743 2978 1824 3020 som·

113 3047 288 3121 possitlllx
315 3048 476 3120 quoetiem
506 3049 583 3105 Deus
607 3048 942 3119 confirmeturcsse(42)
997 3050 1037 3107 nii
1065 3064 1182 3122 quoque
1208 3049 1254 3105 sui
1282 3048 1486 3122 interponebat
1516 3050 1730 3122 auctoritatem,
1765 3068 1824 3124 quo

113 3137 165 3211 qui
179 3138 233 3193 boc
248 3140 343 3208 potest
358 3136 628 3208 iecere:quoniem
639 3141 672 3192 ut
687 3136 741 3192 hoc
756 3136 943 3209 ipsumcom·
996 3143 1128 3212 tempore
1151 3140 1239 3196 refert
1265 3138 1322 3196 sibi
1355 3138 1496 3211 Angelum
1520 3137 1571 3195 Dei
1600 3155 1652 3212 per
1674 3140 1824 3199 somnium
1916 3214 1920 3221 .

112 3227 265 3300 probetur,
283 3225 421 3298 adjicitur
433 3241 483 3299 per
497 3225 678 3297 Scriptorum
694 3226 793 3282 statim
809 3243 815 3282 :
831 3228 941 3299 Etope·
957 3208 979 3275 G
998 3226 1107 3283 dixisse
1135 3225 1212 3294 (Gerr.
1238 3241 1316 3293 xxxi,
1347 3223 1444 3296 11-43)
1474 3242 1480 3283 :
1496 3225 1696 3293 4444414444.
1719 3228 1752 3285 lit
1765 3244 1824 3301 444,

112 3316 173 3371 ruit
185 3316 258 3370 Deus
274 3304 366 3371 oeulos
377 3316 447 3387 ejus,
467 3314 578 3371 eccidit
592 3323 710 3387 puteum
721 3331 802 3386 44444
821 3316 899 3382 ciere,
914 3324 943 3371 et
995 3315 1102 3388 inquit,
1117 3315 1183 3371 diei
1195 3333 1205 3371 :
1220 3314 1294 3385 Quid
1307 3322 1347 3371 est
1361 3317 1373 3367 4
1386 3313 1491 3386 Aspice,
1504 3313 1612 3387 inquit,
1626 3317 1714 3372 444444
1729 3318 1825 3390 irriget

112 3404 194 3474 obiit,
210 3408 237 3461 ei
249 3404 374 3475 impleuit
389 3411 476 3460 utrem
492 3403 525 3460 de
550 3414 645 3475 puteo,
666 3406 694 3459 44
708 3404 782 3460 dedit
801 3421 899 3476 puero,
912 3408 941 3460 et
995 3406 1056 3463 cide
1069 3407 1109 3461 lui
1115 3421 1161 3461 444
1173 3412 1199 3461 44
1213 3406 1312 3461 arietes
1327 3403 1591 3477 eecendeeteesuper
1604 3420 1664 3462 oves
1679 3408 1706 3463 et
1720 3422 1821 3480 coprus

112 3494 335 3551 crailieueecm
348 3510 442 3565 puero.
456 3493 487 3549 Si
509 3509 578 3566 ergo
608 3492 655 3549 hic
684 3498 760 3549 Deus
789 3498 851 3550 eret
872 3512 940 3551 cum
993 3497 1112 3551 44444444
1125 3494 1211 3565 cibes,
1223 3497 1249 3549 et
1261 3494 1351 3549 444444
1370 3500 1399 3549 et
1412 3492 1552 3549 cineritios
1566 3498 1592 3549 et
1606 3510 1743 3567 aspersos.
1761 3496 1822 3555 Vidi

113 3599 205 3656 puero
220 3582 270 3655 qui
286 3582 401 3656 speruit
417 3581 517 3639 oculos
538 3583 626 3653 Ager,
640 3588 674 3639 ut
694 3582 804 3639 videret
819 3589 940 3655 puteum
994 3586 1068 3642 enim
1082 3598 1251 3656 quueuoque
1266 3583 1318 3638 tibi
1345 3583 1440 3638 44444
1453 3584 1528 3653 [ecit.
1543 3584 1598 3655 Ego
1612 3599 1673 3640 4444
1687 3586 1760 3643 Deus
1774 3588 1824 3659 gui

111 3688 193 3745 equo
208 3670 290 3739 vivo,
304 3675 334 3728 et
354 3670 484 3727 hauriret
510 3687 617 3743 equom
645 3676 763 3744 proptor
787 3678 940 3746 urgentem
993 3676 1069 3730 44444
1096 3673 1223 3729 44441444
1243 3673 1274 3727 iu
1296 3672 1360 3727 tcce
1384 3673 1442 3737 liei,
1468 3672 1516 3727 eli
1543 3675 1651 3731 unxisti
1673 3675 1731 3748 (47)
1751 3677 1826 3745 mitt

111 3759 178 3818 sitis
194 3760 399 3817 necessitatem
416 3778 423 3828 ;
439 3760 488 3817 hic
506 3764 604 3817 eutem
616 3760 692 3816 Deus
710 3761 780 3818 coelo
794 3761 875 3817 illurn
890 3780 940 3820 uo·
993 3765 1055 3820 iliie
1067 3766 1183 3819 stactem
1202 3760 1331 3833 lapidem,
1358 3769 1383 3818 et
1409 3762 1510 3817 4444444·
1535 3763 1607 3819 mibi
1634 3762 1696 3821 illic
1718 3770 1823 3823 vetum.

111 3854 159 3907 cet
168 3848 237 3921 (43),
257 3848 387 3921 Angelus
401 3849 508 3919 dictus,
524 3865 591 3905 cum
617 3850 753 3922 superius
772 3868 872 3908 vocem
888 3870 939 3909 eu·
994 3854 1073 3911 Nunc
1085 3868 1148 3924 erpo
1163 3867 1254 3921 44444,
1271 3858 1297 3908 et
1309 3850 1524 3923 proficiscereris
1544 3859 1618 3908 terro
1631 3853 1692 3921 444,
1715 3855 1824 3914 eiusde

755 3950 912 4013 Gellendii
927 3950 1186 4016 commentarius.

149 4046 207 4119 (38)
224 4044 276 4114 Qui
289 4046 386 4102 solitus
401 4050 451 4101 est.
474 4047 547 4102 Ante
570 4045 632 4102 haeu
657 4046 746 4104 verbe
769 4047 883 4105 videtur
896 4051 943 4108 de·
997 4066 1061 4106 com
1084 4048 1186 4105 oritur.
1204 4046 1348 4107 Nimirum
1383 4047 1593 4104 ertotorlocom
1609 4047 1822 4122 Geneseosxxr,

110 4134 178 4175 esse
206 4118 308 4186 Filius,
321 4117 364 4173 vel
381 4118 432 4173 liei
440 4119 536 4174 Filius.
552 4118 687 4175 incusor.
997 4123 1031 4177 17
1047 4066 1082 4177 43

149 4188 208 4261 (38)
221 4189 314 4245 Visus.
330 4190 432 4261 Aptior
451 4190 506 4246 erit
534 4206 639 4246 sensus
663 4192 688 4246 si
710 4189 868 4264 legerimus
891 4194 942 4250 Fi·
994 4208 1086 4250 vocem
1099 4194 1191 4264 pueri,
1207 4193 1365 4263 tereretque
1384 4194 1519 4248 Auernus
1544 4193 1592 4248 liei
1612 4192 1731 4263 Accede
1744 4196 1821 4263 44444,

111 4260 324 4332 liutproeieus
340 4276 428 4332 quem
445 4277 689 4334 gormouemesse
713 4261 869 4319 lectionem
895 4266 942 4320 vix
996 4265 1056 4321 boeo
1076 4264 1165 4320 hebet
1189 4280 1196 4318 ε
1221 4263 1269 4318 iiie
1292 4264 1374 4332 lieres,
1404 4293 1438 4304 —
1467 4267 1596 4319 Auossos
1631 4264 1730 4330 4444144,
1759 4282 1823 4323 eum

1086 4121 1225 4188 issemus,
1237 4119 1286 4175 ubi
1300 4092 1431 4192 legitur3
1460 4120 1720 4177 Ereuudivitoutem
1743 4122 1823 4181 Deus
1939 4188 1944 4197 ,

112 4332 227 4387 dubito.
240 4329 282 4386 lo.

148 4404 206 4473 (40)
221 4403 290 4458 ileos
305 4404 407 4459 Sermo.
421 4403 464 4459 444
478 4403 604 4460 editores
617 4402 781 4477 Anglicsni.
793 4404 854 4462 Vox
868 4412 941 4464 lieres

109 4474 198 4531 deest
211 4491 229 4530 4
251 4475 290 4530 ud
305 4474 477 4530 Pemelium.

148 4546 206 4617 (41)
221 4491 382 4603 &audiuit
411 4550 494 4603 Forte
522 4546 670 4604 4444444444
687 4564 693 4603 :
711 4565 800 4621 quam
819 4548 938 4619 quidem

109 4618 331 4745 ttittttti
347 4618 939 4763 tltttttteltttittlitti-tulit

122 4760 210 4816 44144.

108 4762 127 4832 s
148 4831 206 4903 (44)
218 4832 290 4887 lietu
303 4832 483 4901 eoefiroreiur
496 4848 563 4890 esse.
590 4834 632 4889 ltu
645 4833 789 4891 Welohm.
808 4837 837 4890 44
850 4834 866 4891 J
871 4834 938 4890 4444·

108 4902 238 5029 sotmplt.
254 4903 322 4958 Deru
349 4904 527 4975 confirmetur
550 4906 621 4961 Deus
635 4921 712 4962 esse:
730 4907 829 4963 uiinus
849 4910 937 4973 recte,

109 4992 129 5029 u
159 4989 186 5029 vt
209 4990 285 5030 eur.

147 5044 204 5117 (43)
217 5046 289 5101 Dece
300 5062 315 5101 e
327 5046 426 5102 4444...
437 5052 522 5101 44444.
554 5050 696 5104 Autumni
726 5048 938 5104 Welohmenus

107 5115 281 5189 legendum,
298 5118 366 5173 Deus
378 5118 449 5188 quie
463 5118 640 5175 relocaret.
648 5118 747 5175 llellet
761 5120 936 5189 4444444444,

107 5190 183 5245 Deus
197 5189 289 5245 ecreto
318 5188 402 5245 ilium
425 5203 526 5244 444444
549 5189 671 5260 Angelus
698 5199 736 5247 eet
757 5191 857 5247 dictur.
881 5191 937 5247 Sed

105 5260 196 5316 lectio
206 5259 326 5333 vulgate
340 5261 386 5317 bis
397 5261 652 5318 emendationibus
677 5278 751 5334 opus
765 5279 824 5319 non
839 5262 937 5318 hebet.

147 5330 203 5403 (44)
219 5333 289 5388 cero
302 5341 370 5388 esset
381 5334 482 5404 plotius.
501 5332 548 5388 Sic
563 5332 633 5389 editi
658 5335 694 5388 od
711 5350 803 5388 unum
824 5350 936 5390 omnes.

106 5404 124 5459 J
128 5402 277 5459 uclrsonus
292 5407 388 5459 tumen
402 5408 514 5461 textum
526 5406 742 5460 enrendnndum
752 5406 937 5476 (4444444444-

107 5474 224 5545 (litque,
241 5480 314 5531 Deru
341 5479 408 5531 esset
422 5478 525 5544 positus
541 5498 550 5543 ‚·
566 5481 718 5548 propterea
741 5476 862 5544 scilieet,
893 5477 937 5532 in-

108 5545 187 5613 quit,
203 5547 280 5618 quod
294 5546 511 5619 poiiuenullum
537 5548 642 5604 hubert
667 5564 787 5603 sonsum
811 5549 840 5602 in
864 5548 936 5605 loco.

110 5618 193 5676 Hunc
203 5634 271 5675 vero
285 5618 518 5677 emendationem
534 5620 579 5677 vix
595 5619 807 5681 admittendam
822 5635 937 5679 cerieeo:

993 4337 1121 4408 superius
1136 4366 1170 4376 -
1186 4339 1262 4391 Dsus
1278 4338 1346 4390 esset
1374 4335 1478 4405 potius,
1506 4350 1564 4390 444
1586 4335 1660 4390 elius
1687 4337 1821 4410 inteiligi-

994 4416 1049 4477 tur,
1062 4412 1116 4463 ete.
1134 4406 1258 4462 Perinde
1286 4421 1320 4460 ec
1334 4404 1359 4461 si
1383 4405 1505 4461 dixisset
1517 4406 1589 4471 :Qui
1605 4405 1712 4464 dicitur
1725 4410 1820 4483 Ange·

994 4479 1040 4535 lus
1056 4479 1105 4534 Dei
1121 4492 1236 4534 voeesss
1251 4480 1330 4547 Ager
1343 4476 1482 4559 desolo,
1499 4475 1547 4533 hie
1563 4482 1649 4534 44444
1664 4484 1739 4536 Deus
1754 4496 1819 4539 esse

994 4550 1164 4623 perhibetur
1180 4548 1229 4620 qui
1246 4547 1408 4603 exaudierit
1429 4562 1529 4604 vocem
1544 4549 1638 4621 pueri.
1655 4550 1729 4607 Illud
1745 4568 1818 4625 quo·

992 4638 1048 4693 que
1063 4621 1184 4690 aceedit,
1211 4619 1415 4675 emendetione
1440 4619 1577 4678 Jecksoni
1602 4623 1743 4691 udmisss,
1759 4625 1818 4682 vim

993 4692 1134 4749 orationis
1162 4691 1191 4746 in
1216 4690 1367 4747 Novutieni
1396 4694 1476 4747 testu
1501 4693 1641 4763 retundi,
1662 4711 1730 4753 cum
1745 4694 1819 4755 illud

992 4766 1063 4821 Dece
1078 4766 1145 4820 esset
1153 4763 1242 4835 potius
1256 4762 1417 4836 plurimum
1432 4761 1535 4834 veleot,
1556 4770 1658 4821 contre
1684 4782 1752 4824 vero
1770 4769 1821 4825 iri·

992 4852 1061 4911 gore
1076 4836 1214 4908 frigescat
1228 4834 1425 4892 lucksoniune
1434 4836 1579 4893 restitutio
1594 4839 1666 4895 Deus
1688 4846 1757 4897 esset
1769 4856 1817 4913 pc·

991 4911 1069 4967 eiius.

1028 4979 1084 5053 (45)
1101 4978 1130 5034 si
1144 4978 1229 5033 enim.
1250 4981 1310 5032 Vct.
1327 4976 1410 5034 editt.
1436 4977 1489 5035 Sed
1515 4980 1607 5035 enim:
1634 4980 1711 5053 quod
1736 4980 1823 5037 custi-
1924 5008 1927 5015 ·

993 5051 1072 5124 gevit
1085 5054 1162 5107 recte
1174 5048 1331 5106 Pemelius.
1347 5050 1484 5106 Jsouson.

1028 5123 1083 5195 (tu)
1100 5121 1190 5177 Sedet
1205 5121 1334 5194 Angelus.
1352 5120 1457 5177 Vocem
1486 5122 1512 5177 et
1539 5124 1608 5177 ente
1630 5122 1754 5193 Augetur
1775 5138 1820 5179 re·

993 5194 1092 5267 posuit
1102 5192 1250 5250 l’uniolius
1264 5209 1299 5275 ex
1309 5209 1364 5250 ms.
1380 5191 1494 5265 Anglic.
1507 5195 1536 5273 et
1546 5192 1705 5263 genuinum
1720 5191 1820 5251 lectio·

993 5264 1724 5416 ittettittetttrttfttttttttstit
1741 5266 1818 5393 1⁰3⁸·

1028 5407 1279 5481 (inlisisinlisis
1303 5406 1383 5463 editt.
1413 5403 1535 5464 Pemelri
1559 5422 1593 5463 ex
1623 5423 1678 5464 ms.
1702 5406 1818 5482 Anglic.

993 5484 1070 5535 recte
1084 5478 1193 5534 hubent
1209 5496 1216 5534 :
1233 5479 1341 5551 quibus
1365 5481 1531 5561 congruunt
1558 5483 1622 5535 tum
1637 5478 1737 5537 Graece
1752 5483 1817 5537 tum

993 5551 1105 5607 butino.
1136 5549 1347 5606 Welohmeous
1385 5550 1477 5607 edidit
1512 5551 1640 5619 erexisti,
1682 5558 1820 5625 corrupte

993 5621 1170 5694 exemplaria
1184 5621 1303 5693 Gegnaei
1318 5625 1348 5678 et
1366 5620 1501 5679 Frobenii
1516 5626 1646 5695 secutus,
1661 5622 1692 5679 in
1707 5623 1818 5697 quibus

107 5688 231 5767 rugeio
253 5690 333 5751 enim
361 5690 447 5752 lectio
474 5692 639 5767 legitimum
668 5692 789 5753 tundere
817 5710 940 5757 sensum
993 5694 1208 5770 iteponiturex
1222 5692 1320 5757 elieoo
1334 5693 1410 5771 loco,
1425 5694 1567 5755 nimirum
1580 5710 1616 5754 ex
1629 5710 1658 5753 4.
1673 5694 1719 5755 ts.
1732 5696 1778 5757 lo.
