3900 6112
53 306 135 373 leta
553 297 656 372 PARS
677 308 702 370 l.
717 341 757 354 —
778 300 1031 373 MONUMENTA
1052 296 1255 374 VETERUM.
1681 309 1761 372 tatu

52 444 144 516 (ioan.
160 457 199 513 vr,
215 439 253 513 8).
271 439 307 495 Ut
320 455 355 496 ex
369 439 429 495 illis
444 439 627 513 colligamus,
644 443 673 496 et
683 456 789 513 aquam
801 457 875 513 pre·
891 445 918 510 A
932 441 1194 513 ematihominum,
1206 441 1333 515 Spiritus
1348 443 1467 497 sanctus
1483 443 1534 497 aut
1548 438 1693 496 antecedit
1707 442 1759 495 aut

53 537 134 590 stare
148 530 312 604 (Spiritum)
327 529 461 597 solitum,
476 534 504 586 et
527 529 700 604 sanguinem
726 530 876 603 proprium
933 530 1075 602 sequitur,
1090 529 1134 586 vel
1149 534 1282 586 cessante
1298 530 1480 603 baptismate
1494 547 1585 602 aqua,
1615 526 1759 585 incumbit

55 621 226 679 hominibus
238 622 375 692 praetere
384 619 527 691 Spiritum
538 618 657 676 solitum
668 620 735 691 (35),
744 619 877 693 etipsum
932 634 1021 690 super
1030 635 1079 675 eos
1091 621 1140 691 qui
1152 620 1285 687 eredunt,
1297 620 1347 674 dat
1360 620 1445 676 nobis
1457 618 1697 690 consiliumquod
1707 621 1759 674 aut

55 725 174 785 quoque
189 708 329 781 Spiritum
346 712 483 779 praetere
498 707 639 780 Spiritum
655 707 787 763 solitum.
804 707 877 764 Nam
932 722 967 762 ex
980 707 1093 780 integro
1110 708 1163 764 rita
1190 708 1337 780 baptisma
1352 724 1478 778 servare,
1496 713 1547 764 aut
1561 708 1636 764 iorte
1658 707 1726 763 dato
1742 724 1759 763 a

54 816 125 858 oum
136 796 878 868 effundaturaquasicutietsanguis‚spiritusetiam
933 811 1106 867 quoeunque
1120 796 1150 852 in
1166 797 1283 853 nomiae
1298 799 1365 853 lesu
1380 797 1486 854 christi
1501 797 1678 871 baptismata
1688 813 1758 869 sup·

54 890 169 947 effusus
185 887 252 943 sita
270 884 392 942 Domino
408 899 607 956 superomnes
619 885 668 956 qui
682 884 879 952 crediderunt,
933 884 1012 958 plere
1025 885 1054 940 id
1071 885 1241 957 debeamus,
1253 887 1401 943 custodita
1413 886 1541 943 nominis
1555 886 1624 943 lesu
1639 885 1758 953 Christi,

55 980 161 1051 utique
175 981 205 1032 at
220 992 297 1048 aqua
317 979 346 1031 et
366 974 560 1031 nihilominus
584 974 701 1048 proprio
724 975 878 1049 sanguine,
934 973 1020 1031 sicuti
1036 974 1207 1046 plenissime
1222 976 1422 1048 exposuimus,
1438 975 1627 1032 sanctissima
1641 975 1759 1032 invoca·

55 1074 130 1124 tuno
142 1065 247 1122 deinde
260 1069 290 1120 et
304 1064 414 1136 Spiritu
430 1068 532 1121 saneto
548 1068 673 1136 possunt
684 1063 820 1121 homines
830 1065 880 1120 ba·
934 1063 1023 1132 tione,
1040 1065 1186 1121 custodita
1200 1068 1340 1136 praterea
1354 1065 1428 1120 tanti
1448 1065 1600 1137 temporis,
1616 1068 1659 1120 tot
1680 1065 1758 1122 viro·

56 1156 172 1231 ptiaari.
187 1156 234 1210 eit
249 1153 327 1210 enim
343 1158 448 1210 Petrus
464 1171 471 1209 :
488 1153 540 1209 Sed
554 1153 603 1210 ltoa
619 1161 659 1210 est
676 1154 751 1224 quod
776 1152 881 1210 dictum
935 1169 1012 1220 rum,
1027 1153 1192 1209 veneranda
1206 1153 1291 1209 nobis
1307 1153 1520 1210 cousuetudine
1534 1157 1563 1209 et
1575 1152 1757 1210 auctoritate.

55 1254 99 1302 cet
111 1261 161 1317 per
172 1243 353 1316 prophetam:
370 1244 431 1298 Erit
458 1243 488 1298 in
509 1244 667 1298 aovhrimis
687 1242 792 1310 aiebas,
812 1242 881 1298 dicit
969 1240 1041 1296 xvi.
1057 1242 1199 1306 Quoniam
1215 1245 1314 1298 autem
1336 1242 1431 1315 prima
1459 1259 1528 1315 pars
1549 1242 1760 1316 disputationis

57 1336 202 1403 Dominio,
217 1331 600 1405 effrredamSpiritummeum
611 1347 694 1402 saper
703 1347 880 1388 emaemeor-
935 1331 1151 1402 hujusvidetur
1165 1330 1318 1402 explicata,
1335 1331 1423 1387 etiam
1435 1336 1607 1404 sequentem
1619 1333 1683 1403 ejus
1694 1347 1760 1405 pro·

55 1440 133 1492 uem,
148 1421 387 1494 etpropltetabaat
402 1421 455 1482 iiii
469 1435 563 1477 eoram
586 1424 613 1476 et
634 1421 702 1491 filiae
725 1437 830 1487 eorum,
856 1429 882 1476 et
936 1423 1001 1492 pter
1014 1419 1164 1478 horatione
1179 1420 1321 1476 debemus
1336 1421 1497 1494 attingere:
1529 1421 1596 1494 quia
1620 1436 1760 1494 perquem

54 1526 172 1586 yuueoes
182 1512 300 1567 visiones
314 1510 454 1578 videbant,
464 1519 490 1566 ea
504 1511 629 1566 seniores
640 1509 882 1567 somnioromaia·
936 1510 1135 1566 necessarium
1150 1513 1193 1566 est
1207 1525 1273 1566 eum
1288 1513 1447 1566 tractatum
1463 1510 1514 1583 qui
1529 1508 1619 1566 semel
1643 1510 1673 1565 in
1698 1525 1761 1566 ma-

60 1602 137 1658 tam.
148 1598 297 1672 Siquidem
306 1615 390 1670 super
403 1614 495 1655 ceruos
510 1602 535 1654 et
548 1614 631 1668 saper
653 1599 771 1654 ancillor
793 1599 881 1670 etian-
936 1614 993 1654 nus
1009 1598 1111 1654 incidit
1126 1616 1184 1655 noa
1199 1599 1366 1671 preterire;
1391 1615 1428 1655 ne
1450 1600 1522 1655 iorta
1544 1615 1593 1656 eos
1617 1598 1666 1671 qui
1693 1603 1763 1654 sunt

58 1690 126 1746 ἀιιη
141 1689 173 1744 de
186 1689 297 1758 Spiritu
312 1704 370 1744 meo
385 1688 453 1759 (Art.
470 1703 501 1754 ιι,
518 1687 624 1759 lale).
637 1689 728 1752 Quem
739 1687 881 1759 Spiritum
937 1687 1131 1760 simpliciores
1142 1704 1177 1744 ex
1193 1688 1342 1754 iratribus,
1359 1687 1465 1761 aliquis
1480 1687 1681 1744 haereticorum
1699 1704 1761 1743 ver-

58 1775 699 1849 inVeteriTestamento,nonquidempassim
721 1775 881 1847 necetiuse,
938 1776 1015 1831 satia
1025 1793 1079 1833 sua
1089 1777 1195 1833 audeat
1205 1781 1359 1833 attentare.
1374 1776 1446 1834 Nam
1463 1779 1533 1849 qnia
1546 1777 1674 1834 ioannes
1690 1776 1763 1832 dixit

58 1864 551 1933 sedeommunicatumcumaliis,
568 1865 883 1939 autetiamspontein·
937 1881 995 1921 non
1012 1865 1203 1937 baptizandos
1225 1882 1290 1922 essa
1317 1866 1348 1922 in
1377 1866 1487 1939 Spiritu
1516 1870 1617 1922 sancto
1647 1869 1676 1921 et
1700 1864 1762 1938 igni

60 1955 180 2012 siluisse
193 1954 225 2010 in
239 1954 384 2026 quosdam
402 1953 546 2024 homines,
562 1953 606 2009 vel
622 1952 753 2009 induisse
764 1952 883 2009 illosvel
938 1954 1042 2027 (iiattlu
1066 1972 1108 2027 ru,
1124 1956 1155 2010 ll
1168 1973 1174 2024 3
1187 1956 1251 2011 Luc.
1268 1973 1311 2026 ιιι,
1328 1956 1383 2028 16),
1394 1971 1427 2011 eo
1452 1956 1530 2028 quod
1552 1954 1698 2011 addiderit
1718 1954 1762 2009 di·

59 2045 155 2102 luisse
168 2058 257 2117 super
271 2059 321 2100 eos
342 2042 599 2115 deprehendimus,
623 2043 711 2099 sicuti
733 2042 824 2116 Moysi
848 2043 884 2099 de
939 2048 1042 2100 censet
1056 2045 1128 2115 iqui,
1141 2045 1248 2101 idcireo
1259 2044 1379 2116 quidam
1394 2044 1540 2117 desperati
1552 2043 1686 2100 homines
1698 2042 1763 2100 ausi

60 2133 249 2207 septuaginta
265 2131 442 2205 presbyteris
457 2149 474 2186 a
491 2131 612 2187 Domino
626 2131 884 2188 dictumessaani·
939 2138 1010 2189 suut
1024 2149 1236 2205 usquequaque
1251 2133 1422 2205 pravitatem
1439 2150 1523 2190 suam
1553 2133 1710 2206 porrigere,
1736 2136 1765 2188 et

61 2222 292 2280 madvertimus:
309 2222 341 2276 st
369 2229 500 2292 auruum
519 2220 656 2293 Spiritum
683 2223 732 2293 qai
756 2237 839 2293 super
859 2229 885 2276 te
940 2225 1093 2294 propterea
1106 2221 1240 2278 homines
1254 2222 1450 2279 versutissimi
1466 2227 1602 2294 quarunt
1616 2218 1763 2294 quomodo

60 2320 112 2380 est,
128 2315 155 2368 ei
181 2311 327 2382 imponam
342 2325 425 2380 saper
447 2325 490 2366 eos
518 2308 609 2383 (Num.
626 2327 665 2381 ιι,
690 2310 746 2382 lv).
768 2310 887 2381 Propter
940 2310 1107 2367 sanctitatis
1121 2311 1270 2384 baptisma
1282 2311 1324 2367 ita
1338 2315 1529 2384 corrumpant
1544 2328 1577 2368 ao
1600 2311 1709 2367 violent
1732 2315 1765 2367 ut

61 2401 243 2474 quodetiam
259 2399 422 2456 seeundum
438 2398 677 2471 pollicitationem
696 2415 782 2456 suam
808 2399 885 2455 Deus
940 2399 1028 2456 etiarn
1047 2405 1205 2470 evacuent;
1222 2399 1272 2472 qui
1282 2400 1424 2474 originem
1435 2401 1499 2472 jam
1516 2401 1620 2458 exinde
1642 2399 1766 2456 trabunt

60 2490 100 2547 ab
116 2489 173 2546 alio
187 2506 222 2545 ex
235 2489 344 2562 Spiritu
360 2488 410 2561 qui
426 2502 514 2560 super
529 2487 647 2561 Moysen
664 2488 767 2557 luerat,
792 2486 887 2562 impo·
940 2488 1089 2546 aSimone
1104 2506 1190 2563 mago
1205 2489 1378 2547 multiformi
1395 2490 1583 2562 perversitate
1598 2507 1649 2563 par
1669 2489 1765 2546 varios

61 2579 124 2636 suit
138 2594 226 2652 saper
240 2577 316 2647 illos,
333 2581 362 2633 et
372 2576 618 2650 prophetaverunt
628 2577 658 2633 in
669 2576 773 2634 castris
786 2595 792 2634 :
804 2577 886 2641 Quod
940 2593 1053 2635 errores
1068 2594 1133 2635 eam
1149 2583 1323 2636 exercentes.
1340 2580 1391 2636 Cui
1408 2580 1518 2637 Simoni
1532 2581 1635 2637 Petrus
1646 2580 1674 2635 in
1684 2578 1765 2635 artis

62 2668 189 2742 Moyses,
207 2665 886 2740 athomospiritalis,itaeontigiseegaudebat,
942 2666 1141 2739 apostolorum
1170 2665 1262 2722 dixit:
1292 2669 1419 2723 Pecunia
1447 2670 1500 2724 tuo
1529 2670 1566 2724 sii
1604 2669 1635 2723 iu
1669 2667 1766 2738 pereli-

61 2756 133 2814 licet
146 2756 183 2813 ab
197 2756 268 2813 issu
284 2755 343 2812 illio
358 2755 435 2814 Nave
450 2760 483 2811 ut
496 2755 565 2812 huie
580 2755 621 2812 rei
635 2755 827 2813 intercederet
842 2756 886 2811 in·
941 2757 1054 2824 tionem,
1071 2756 1272 2827 quiapratiam
1298 2756 1348 2811 Dei
1369 2757 1536 2812 existimasti
1561 2771 1612 2828 per
1635 2758 1766 2827 pecunias

61 2847 125 2903 vito
140 2845 328 2916 suadebatur,
345 2849 373 2901 et
394 2844 501 2901 idcireo
531 2862 588 2901 non
614 2845 701 2901 tuisse
725 2849 885 2917 permotus.
939 2861 1017 2917 posse
1029 2843 1171 2916 possideri.
1189 2848 1250 2901 Non
1264 2846 1302 2900 ert
1316 2843 1367 2900 titi
1383 2846 1473 2915 portio
1487 2860 1574 2916 vaeque
1587 2846 1644 2914 [ors
1657 2846 1688 2899 in
1710 2860 1766 2900 ser·

62 2935 154 2992 Porro
169 2938 267 2991 autom
282 2935 313 2989 iu
329 2933 403 2990 libro
427 2934 565 3004 iudicum,
583 2933 654 2989 item
678 2934 708 2989 in
734 2936 889 3006 Repnorum
941 2950 1023 2989 mone
1037 2934 1095 2989 laec.
1109 2933 1162 2988 Cor
1175 2933 1249 2988 euim
1264 2941 1339 2989 tuum
1357 2950 1411 2989 non
1427 2937 1465 2990 est
1479 2940 1585 2989 rectam
1597 2949 1690 2989 coram
1712 2935 1766 2990 llas

63 3023 150 3080 libris
164 3023 425 3079 animadvertimus
440 3040 530 3095 super
544 3022 699 3096 plerosque
723 3027 774 3079 aut
798 3023 888 3079 luisse
943 3023 1010 3096 (Aet.
1025 3039 1086 3079 vru.
1102 3023 1148 3089 20,
1162 3021 1219 3093 21).
1235 3022 1271 3078 ut
1294 3026 1386 3095 agunt
1407 3021 1456 3077 isti
1481 3021 1542 3078 haec
1558 3023 1668 3093 omnia,
1694 3024 1765 3080 dum

63 3113 205 3186 spiritum
222 3110 337 3168 Domini
352 3116 403 3167 aut
417 3110 565 3167 insiluisse
575 3110 606 3166 in
616 3127 676 3178 eos,
687 3114 829 3184 tanquam
840 3128 888 3167 su·
943 3111 1042 3168 lallare
1056 3111 1180 3184 cupiunt
1194 3128 1244 3168 eos
1259 3111 1308 3183 qui
1325 3115 1394 3167 suut
1404 3110 1599 3183 simpliciores
1612 3116 1662 3168 aut
1673 3111 1767 3170 eurio·

67 3217 122 3275 per
144 3199 308 3265 Gotbouiel‚
333 3200 459 3271 Gedeon,
482 3198 618 3271 iephthe,
646 3200 783 3266 Samson,
807 3198 886 3268 Saul,
903 3187 924 3254 C
943 3202 1052 3258 eiores:
1069 3205 1097 3256 et
1110 3203 1225 3256 tentant
1236 3199 1368 3256 nonnulli
1383 3199 1499 3255 illorum
1510 3204 1674 3257 tractarese
1688 3200 1766 3258 solos

68 3288 158 3347 David
172 3297 199 3345 et
214 3293 333 3345 eeteros
345 3287 428 3344 alios.
441 3288 521 3354 Quod
535 3288 711 3360 usqueadeo
727 3289 767 3344 ita
782 3305 814 3344 se
833 3288 887 3344 ba·
942 3291 1090 3362 integrum
1101 3293 1189 3362 atqua
1199 3289 1431 3361 perlectum,noa
1443 3289 1589 3346 sioutinos
1598 3288 1766 3346 mutilatum

67 3378 314 3448 het,utSpiritum
327 3377 420 3433 sancti
433 3379 536 3449 sponte
548 3376 790 3434 accedentiaheis
801 3375 888 3432 liber·
944 3384 972 3436 et
987 3380 1170 3435 decurtatum
1186 3378 1332 3452 baptisma
1349 3379 1475 3450 tradere,
1500 3379 1579 3451 quod
1602 3378 1700 3435 taliter
1723 3377 1767 3434 di·

66 3469 161 3522 tatem
176 3481 209 3521 ae
223 3464 391 3521 facultatem
415 3465 654 3521 manifestissime
669 3482 723 3522 nos
749 3466 890 3523 Dominus
944 3472 1054 3524 cuntur
1067 3467 1227 3540 assignare,
1243 3471 1277 3523 ut
1290 3483 1377 3540 quam
1394 3484 1461 3524 mox
1474 3467 1505 3523 in
1521 3483 1628 3539 aquam
1647 3468 1768 3525 descen·

66 3553 202 3612 docuerit
227 3554 347 3620 dieans;
363 3554 485 3625 Spiritus
498 3554 547 3610 abi
566 3556 625 3610 vuit
637 3556 734 3626 spirat,
750 3563 775 3611 et
798 3570 891 3612 vocem
944 3557 1061 3625 derunt,
1078 3556 1178 3612 statim
1193 3573 1405 3630 superaquam
1419 3556 1767 3630 12⁰2ignisappareat.

65 3644 128 3712 eius
156 3644 246 3715 sudu,
267 3646 293 3699 et
320 3644 410 3700 aeaeis
438 3642 512 3699 ande
540 3645 633 3700 ueniat
661 3648 711 3699 out
731 3659 785 3716 quo
809 3644 891 3700 vadat
944 3646 1025 3710 Quod
1036 3644 1166 3718 sialiquo
1177 3645 1243 3702 lusu
1256 3645 1414 3718 perpetrari
1426 3650 1531 3719 potest,
1542 3646 1770 3703 sicutalfirman·

67 3733 158 3805 (ioca.
176 3749 218 3800 ιιι,
233 3732 272 3804 8).
289 3733 332 3788 lta
347 3737 380 3788 ut
394 3733 470 3789 idem
486 3733 612 3804 Spiritus
627 3733 715 3789 etiam
731 3749 820 3807 super
842 3733 890 3788 in·
943 3733 1771 3808 turpleriquehujusmodilusueAnaxilaiesse,sivenatu·

67 3821 174 3893 dignos
189 3838 305 3894 quoquo
320 3822 366 3877 sui
380 3838 594 3894 nonnunquam
617 3821 782 3878 inveniatur
805 3837 889 3879 esea:
945 3823 1005 3880 rala
1020 3823 1089 3897 quid
1104 3828 1157 3895 est,
1173 3840 1231 3897 quo
1246 3828 1330 3898 pacto
1347 3824 1440 3898 possit
1457 3824 1511 3880 hoc
1522 3825 1701 3898 contingere,
1711 3824 1771 3881 eive

65 3927 127 3967 non
143 3911 245 3983 utique
260 3913 351 3967 otiose
367 3928 419 3967 nea
435 3911 497 3968 sina
512 3911 636 3974 ratione,
651 3911 702 3966 sed
721 3912 889 3968 necessaria
946 3913 990 3969 illi
1007 3916 1112 3986 putant
1125 3913 1181 3969 hoo
1196 3930 1227 3969 se
1242 3914 1422 3986 conspicere,
1438 3913 1499 3970 sive
1515 3912 1637 3985 maligni
1654 3930 1728 3986 opus
1743 3917 1772 3969 et

66 4000 168 4057 ΗΜ
188 3998 314 4070 alicujus
324 4000 501 4070 operationis
512 4000 710 4072 gratia,sicuti
721 4016 810 4072 super
820 3998 889 4056 Saul
946 4003 1090 4073 magicum
1101 4002 1182 4058 virus
1191 4002 1288 4076 ignem
1300 4006 1394 4074 potest
1413 4003 1443 4059 in
1455 4003 1700 4075 aquaexprimare
1710 4019 1716 4058 :
1728 4000 1771 4058 illi

66 4089 138 4156 init,
153 4105 240 4161 super
257 4105 344 4160 quem
361 4089 455 4145 iaetus
469 4088 892 4162 estSpiritusDei‚etprophe·
946 4097 1044 4148 tamen
1061 4091 1148 4147 talem
1166 4091 1309 4148 l'allaciam
1325 4096 1353 4146 et
1367 4092 1520 4164 stropham
1535 4091 1770 4165 pradicantper·

67 4177 152 4234 tavit.
168 4179 341 4250 Quanquam
355 4178 515 4249 posteriore
530 4182 660 4250 tempore
677 4181 834 4250 postquam
847 4194 892 4234 re·
946 4186 1056 4238 tectum
1073 4180 1219 4253 baptisma
1233 4197 1314 4249 esse;
1331 4182 1408 4254 quod
1425 4180 1525 4237 ildales
1536 4181 1669 4237 homiues
1684 4181 1709 4236 si
1725 4196 1773 4237 eo·

68 4266 160 4324 cessit
175 4266 255 4322 abeo
271 4265 399 4339 Spiritus
416 4265 540 4334 Domini,
556 4270 585 4322 et
601 4261 894 4338 postqusm'sngebst
948 4269 1004 4326 acti
1021 4270 1140 4325 luerunt
1154 4269 1294 4341 accipere,
1313 4269 1410 4342 utique
1421 4268 1773 4326 nondubitabitureosid

67 4371 139 4413 eum
154 4355 276 4427 spiritus
291 4354 439 4427 malignus
455 4354 614 4427 abomioo,
626 4356 765 4427 quoniam
775 4359 847 4410 tuna
857 4354 893 4410 ad
947 4360 1023 4431 quod
1038 4359 1201 4414 habuerant
1212 4356 1363 4426 amisisse;
1379 4357 1501 4430 perinde
1512 4374 1545 4414 se
1557 4357 1582 4413 si
1599 4357 1665 4430 quis
1677 4374 1774 4416 saera·

68 4445 125 4501 boc
140 4449 306 4518 postremus
317 4447 436 4500 venerat
450 4447 516 4517 post
530 4443 650 4499 nuntios
661 4447 812 4516 quosante
822 4442 895 4500 assi·
947 4450 1046 4503 mento
1062 4446 1147 4503 miles
1162 4444 1250 4514 dioto,
1266 4446 1390 4503 desertis
1406 4446 1467 4502 suis
1479 4445 1593 4513 castris,
1604 4446 1633 4501 in
1643 4445 1774 4503 hostium

67 4534 129 4591 dus
143 4533 323 4605 premiserat
343 4533 562 4589 utinteriineret
576 4531 663 4588 David
679 4549 685 4589 :
702 4531 772 4605 quid
784 4531 892 4589 idcireo
909 4535 1156 4619 Ddiversissimis
1166 4533 1270 4591 eastris
1285 4533 1370 4609 longe
1386 4534 1695 4593 aliudsaoramaatum
1705 4534 1776 4592 velit

67 4622 238 4680 inciderunt
251 4622 282 4678 in
297 4622 418 4679 chorum
433 4621 643 4696 prophetarum
658 4625 687 4677 et
704 4619 893 4694 prophetave·
948 4624 1055 4692 dicere,
1072 4623 1126 4679 hae
1141 4623 1254 4680 ratione
1268 4627 1383 4680 constat
1397 4641 1466 4682 aum
1480 4629 1577 4682 vetere
1588 4627 1774 4681 sacramento

66 4716 152 4779 runt,
167 4729 203 4768 ne
218 4712 248 4768 id
264 4711 427 4785 quodjussi
439 4712 555 4768 inerant
567 4710 704 4783 perlicere
714 4713 895 4784 possentaut
947 4716 1168 4770 exauctoratum
1183 4729 1259 4768 esse.

65 4799 189 4859 vellant.
209 4800 291 4868 Quod
318 4799 484 4856 admirabili
507 4801 618 4856 ratione
642 4815 694 4872 per
713 4798 894 4856 voluntatem
984 4800 1069 4856 XVll.
1085 4799 1157 4856 ltem
1174 4801 1197 4855 si
1214 4800 1386 4873 hujusmodi
1402 4801 1489 4859 homo
1504 4819 1608 4860 rursus
1623 4803 1659 4859 ad
1676 4801 1776 4859 tered-

66 4888 124 4950 Dei
138 4889 276 4964 spiritum
291 4889 344 4963 qui
359 4906 448 4963 super
463 4889 529 4946 illos
544 4904 646 4946 omnes
661 4888 725 4958 luit,
747 4888 895 4945 oredimus
949 4895 1005 4961 eat,
1021 4889 1121 4962 utique
1135 4889 1284 4947 haesitabis
1299 4894 1400 4947 utrum
1425 4891 1533 4949 babeat
1547 4892 1693 4966 baptisma
1706 4905 1776 4946 nee-

66 4982 306 5054 operatumesse.
316 4976 639 5051 Quispiritnsimplovit
649 4976 738 5033 etiam
749 4976 894 5034 ioannem
949 4995 1005 5047 na;
1021 4982 1050 5034 at
1065 4983 1161 5035 tamen
1173 4980 1318 5051 oportebit
1332 4984 1361 5037 te
1372 4980 1566 5054 hnioquoque
1576 4979 1776 5053 poenitentiam

65 5069 232 5140 baptistam
250 5067 346 5124 adhue
361 5068 397 5124 ab
428 5071 511 5124 utero
523 5067 626 5123 matris
638 5082 709 5131 suae,
723 5071 752 5122 et
761 5065 897 5123 incubuit
949 5067 1047 5141 agenti
1063 5068 1288 5140 quibuscunque
1303 5070 1398 5126 modis
1414 5070 1545 5142 potueris
1558 5068 1778 5125 subveniretist

67 5174 221 5229 snpereos
235 5157 285 5229 qui
300 5173 367 5213 oum
382 5155 514 5213 Cornelio
529 5155 789 5212 centurioneerant
799 5156 895 5229 priua·
950 5160 1048 5213 autern
1075 5156 1233 5213 adulterini
1261 5156 1363 5231 hujus,
1390 5159 1449 5214 imo
1479 5158 1653 5215 internecini
1681 5154 1777 5230 bapti·

68 5262 164 5322 quam
179 5246 398 5319 baptizarentur
412 5262 496 5320 aqua.
514 5247 555 5303 lta
571 5246 643 5302 dum
658 5245 783 5302 cohaeret
802 5244 897 5319 bapti·
950 5246 1064 5316 amatia,
1080 5244 1106 5302 si
1122 5246 1189 5318 quis
1204 5245 1281 5302 alius
1296 5250 1407 5315 auctor,
1422 5250 1486 5303 tum
1501 5247 1588 5303 etiam
1604 5246 1725 5319 qnidam
1741 5245 1777 5303 ab

787 5425 953 5489 Varioram
966 5431 1059 5488 notae.

112 5567 169 5644 (35)
191 5570 327 5642 Spiritum
358 5568 478 5627 solitum.
511 5569 662 5626 Assentior
690 5567 751 5625 viro
782 5568 896 5626 erudito
951 5573 985 5626 ut
999 5567 1184 5626 emendarem
1199 5573 1229 5627 et
1242 5569 1412 5647 supplerem
1421 5571 1500 5631 huno
1511 5575 1618 5633 locum.
1630 5570 1716 5632 Certa
1727 5584 1779 5630 au·

72 5659 166 5725 quem
180 5659 271 5727 supra
285 5642 401 5702 laudavi
425 5646 454 5703 at
463 5641 661 5703 admonitione
674 5641 739 5723 ejus
749 5655 824 5704 usus
833 5656 903 5728 sum
956 5644 1018 5725 tem
1031 5645 1076 5724 est
1090 5641 1268 5724 emendatio.
1282 5648 1427 5726 Genuum
