3900 6112
395 230 398 237 ’
465 259 567 322 rans
591 260 982 325 u.-uacnmionun
1004 258 1219 326 excussus.
1616 266 1694 327 isis

83 396 96 451 ·i
107 412 165 453 non
175 394 448 463 desinebatlm
458 394 669 466 utprocbristo
680 394 812 467 martyrii
826 396 854 463 Α
869 395 970 467 Roma,
987 398 1031 451 tot
1044 394 1166 451 celebret
1183 392 1310 450 Ecclesia
1323 410 1480 467 generosos
1499 394 1604 452 Christi
1621 397 1693 454 atle-

83 502 123 542 am
133 484 267 542 alacriter
279 484 462 557 suspicerent
474 501 480 541 :
493 512 507 536 «
521 482 811 557 llratres,inquiehat,
868 488 924 550 tas,
941 486 991 557 qui
1008 486 1043 541 ad
1060 500 1183 557 agonem
1196 500 1290 556 usqne
1306 499 1357 556 pro
1378 482 1492 541 Christo
1507 486 1692 557 certaverint,

83 574 254 632 nmilitones
268 573 335 639 mei,
351 574 480 647 respuite
495 574 650 631 facultates
668 578 811 642 terrenas,
868 574 918 647 qui
934 574 1042 647 spretis
1058 574 1148 631 minis
1163 574 1240 631 sicut
1255 572 1418 646 promissis,
1428 572 1589 648 blanditiis,
1604 574 1694 632 bono·

83 680 159 735 :num
175 662 290 721 caeleste
305 664 492 736 percipiatis,
511 664 601 720 nolite
616 666 720 720 timere
735 663 814 737 prin·
868 663 962 734 ribus,
978 663 1087 719 divitiis
1106 680 1189 736 aquo
1212 680 1245 719 ac
1270 662 1423 720 tormentis
1439 664 1595 736 superatis,
1611 682 1692 721 mar-

83 751 814 821 ssrculi,sedorate[)0minumlicuchelietle-
868 752 932 824 tyrii
964 750 1092 825 palmam
1130 756 1200 807 tunc
1236 751 1343 807 fuerint
1375 752 1535 821 consecuti,
1565 770 1691 827 qnorum

83 842 218 899 ibristum
232 842 339 898 Filium
355 842 479 915 ejusqui
491 845 696 915 potensetnos
711 857 813 898 omnes
870 856 1062 913 «corporae»
1086 840 1286 913 sicutabique
1316 839 1599 912 «requiricurabat,
1617 864 1632 893 »
1651 843 1693 900 ita

83 948 127 989 ea
142 931 279 988 manibus
296 930 482 987 inimicorum
494 931 654 988 estdiaboii
664 929 774 987 saevitia
784 933 814 985 et
867 928 990 1003 sepelire
1004 930 1068 1003 ipso
1078 951 1091 979 r
1107 929 1237 1003 pontifex
1251 928 1373 986 humilis
1388 946 1420 985 ac
1436 930 1591 1003 religiosus
1606 954 1621 983 a
1633 949 1691 990 non

82 1022 162 1079 retia
177 1019 290 1078 sociare
307 1036 340 1075 :a
359 1024 520 1077 tentavero
536 1020 701 1092 Stephanus
716 1019 746 1075 in
762 1018 814 1075 do·
868 1018 1091 1092 dedignabatur.
1108 1041 1124 1069 a

87 1114 117 1167 et
128 1109 159 1166 in
170 1108 351 1167 exhortando
367 1108 462 1182 gratia
476 1125 510 1166 ac
521 1109 666 1183 sapientia
675 1107 812 1181 pollebat,
903 1108 957 1165 Tot
971 1124 1024 1182 pro
1039 1107 1181 1165 servanda
1195 1124 1227 1163 nc
1252 1109 1440 1181 propaganda
1455 1107 1593 1181 religione
1607 1110 1692 1167 Chri·

83 1199 236 1273 xpaganis
252 1199 325 1272 ipsis
340 1198 426 1254 multi
452 1203 659 1255 concurrerent
675 1202 706 1253 nt
730 1198 812 1253 audi·
868 1197 964 1254 stiana
977 1197 1132 1254 exantlatis
1145 1196 1306 1267 laboribus,
1322 1201 1365 1253 tot
1379 1198 1520 1255 sustantia
1536 1200 1691 1274 angustiis,

83 1289 186 1346 erbum
201 1290 275 1361 ejus.
293 1310 307 1339 »
322 1291 391 1353 Quae
412 1304 478 1344 vero
493 1288 580 1345 fuerit
594 1288 736 1361 Stephani
752 1304 812 1344 ser·
868 1285 1060 1359 pluribusque
1088 1286 1234 1343 institutis
1265 1287 1420 1360 episcopis,
1448 1289 1627 1362 presbyteris
1659 1307 1692 1348 no

83 1378 262 1447 mefiicaoia,
280 1377 812 1451 probatnumerosaillapaganorum
867 1375 1040 1433 diaconibus
1065 1376 1139 1449 (til);
1165 1393 1198 1432 ac
1226 1380 1362 1449 superato
1387 1379 1449 1449 jam
1478 1377 1590 1447 exsilio,
1620 1383 1694 1436 teste

83 1469 155 1540 ndo,
171 1485 236 1541 quce
250 1467 397 1541 Stephano
415 1467 514 1524 audito
530 1466 664 1540 religioni
679 1466 813 1522 christia·
868 1465 1020 1521 Anastasio
1032 1465 1100 1539 (95),
1117 1466 1265 1539 Stephano
1281 1467 1340 1539 jam
1355 1465 1428 1521 nihil
1440 1471 1692 1541 supererat,quam

83 1576 109 1615 re
125 1575 206 1614 mora
220 1574 326 1613 nornen
342 1558 440 1628 dabat,
461 1574 595 1629 quosque
611 1572 712 1613 omnes
728 1556 812 1613 inde·
867 1554 987 1610 tandem
1003 1554 1084 1610 illam
1106 1572 1157 1628 pro
1181 1556 1283 1612 ovibus
1308 1555 1435 1611 animam
1461 1572 1578 1628 ponere,
1602 1574 1693 1631 quam

100 1646 229 1720 pontifex
253 1662 312 1702 non
327 1645 441 1714 alienis,
458 1646 508 1703 sed
533 1645 657 1718 propriis
676 1645 813 1703 manibus
867 1644 988 1716 perdere
998 1661 1049 1717 pro
1060 1644 1118 1701 iliis
1132 1661 1283 1717 nunqnam
1294 1645 1550 1713 timuerattm
1561 1652 1693 1703 cruento·

86 1736 92 1792 i
110 1735 296 1808 baptismatis
322 1735 468 1808 mysteriis
493 1736 697 1805 consecrabat3
715 1756 730 1785 a
745 1752 811 1807 pro·
829 1779 852 1845 Β
868 1750 925 1805 quo
940 1733 1084 1789 sacrificio
1095 1751 1158 1791 sese
1172 1735 1321 1791 victimam
1333 1738 1388 1791 [ino
1398 1734 1561 1808 placentem
1578 1736 1691 1808 offerre,

83 1830 103 1881 a
117 1824 173 1881 illae
188 1824 420 1881 Christianorum
435 1840 583 1899 generosa
598 1841 692 1893 voces,
705 1825 813 1901 quibus
868 1822 919 1895 qui
934 1822 1096 1879 incruentis
1108 1822 1194 1879 toties
1210 1840 1275 1880 sese
1290 1822 1511 1881 immolaverat:
1526 1825 1580 1881 hoo
1598 1842 1690 1882 unum

83 1930 135 1970 uno
148 1913 214 1969 fidei
231 1912 447 1981 necessitatem,
461 1913 594 1986 aliasque
607 1914 729 1972 virtutes
744 1932 813 1971 con·
867 1912 1014 1985 Stephano
1030 1913 1159 1970 restabat
1174 1913 1386 1969 ardentissima
1407 1930 1476 1987 erga
1492 1919 1580 1971 Deum
1595 1920 1624 1971 et
1638 1914 1690 1973 ho·

83 2004 136 2059 anti
147 2002 347 2058 succinebant:
358 2004 433 2059 nNos
442 2003 645 2060 desideramus
655 2008 684 2061 et
694 2004 814 2061 faoulta·
868 2000 962 2058 mines
985 2019 1046 2059 suae
1069 2002 1221 2058 alteritatis
1237 2003 1426 2074 praebendum
1447 2003 1595 2077 speciatam
1613 2021 1620 2062 :
1636 2005 1692 2061 hoc

83 2108 190 2148 urenae
219 2092 431 2165 derelinquere,
461 2094 549 2150 etiam
583 2098 612 2150 et
640 2095 812 2167 sanguinem
867 2090 1205 2163 uuunipuleberrimum
1231 2090 1299 2161 Deo,
1322 2096 1351 2147 et
1373 2092 1541 2149 bominibus
1561 2092 1692 2151 dandum

83 2197 104 2236 ir
119 2197 225 2237 nomon
241 2180 358 2236 Domini
370 2181 461 2237 nostri
477 2182 546 2238 lesu
557 2181 662 2238 Christi
679 2184 811 2256 fundere,
866 2179 1027 2253 apontifrce
1038 2182 1165 2237 maximo
1175 2180 1373 2254 spectaculum
1383 2182 1542 2256 ;Stepbano
1553 2184 1639 2239 datur
1649 2201 1695 2241 oc·

83 2286 125 2327 ren
139 2270 203 2342 ejus
219 2285 367 2326 meremur
380 2270 504 2344 gratiam
517 2270 649 2345 adipisci.
665 2294 680 2324 a
867 2271 955 2339 casio,
971 2272 1115 2329 occasioni
1128 2272 1295 2345 Stephanus
1311 2290 1367 2328 non
1379 2274 1485 2343 defuit;
1502 2291 1554 2346 pro
1565 2275 1692 2348 Christo,

83 2364 169 2417 eutem
187 2360 275 2415 fortes
291 2376 323 2415 nc
338 2364 485 2417 ecstantes
501 2361 635 2417 redderet
650 2360 813 2418 S.Pontiiex
866 2381 918 2436 pro
932 2380 1019 2437 grege
1031 2365 1155 2420 moritur
1165 2363 1213 2436 qui
1229 2381 1280 2437 pro
1289 2364 1470 2439 Christo,pro
1480 2381 1566 2439 grege
1577 2383 1694 2440 semper

84 2448 812 2522 ietatissensus,quosscrebrisexbortationibus
865 2454 975 2509 vixerat
999 2470 1007 2523 ;
1032 2470 1179 2526 quemque
1208 2457 1251 2510 tot
1280 2453 1437 2510 sudoribus
1462 2454 1517 2510 sibi
1547 2455 1693 2512 creditum

83 2537 162 2596 dium
177 2539 265 2595 corda
281 2539 435 2606 excitabat,
461 2556 495 2596 ac
519 2539 679 2613 ingerebat,
704 2541 812 2613 sapius
865 2560 969 2617 agrum
985 2542 1167 2615 irrigaverat,
1188 2560 1241 2599 suo
1268 2542 1355 2599 etiam
1378 2544 1521 2617 sanguino
1537 2544 1694 2602 fecundare

90 2626 149 2685 illis
164 2627 340 2685 sacrificium
366 2628 423 2684 Deo
434 2645 450 2684 o
461 2628 604 2685 tierebat·
632 2629 812 2701 curabatque
866 2647 923 2687 non
941 2636 1066 2698 recusat,
1083 2630 1269 2703 gloriosoque
1291 2632 1429 2705 martyrio
1444 2633 1638 2690 sanctissima
1659 2650 1693 2691 ac

83 2733 165 2774 mnes
180 2733 300 2790 corpore
315 2720 344 2773 et
359 2717 503 2789 sanguine
527 2716 634 2774 Christi
655 2718 811 2791 participa-
865 2717 1103 2777 laboriosissima·
1120 2720 1183 2776 vitoe
1198 2720 1286 2776 finem
1302 2720 1435 2793 imponit.

83 2806 247 2879 ·'l'antaque
261 2805 334 2878 ipsis
362 2806 504 2861 virtutum
531 2806 663 2862 omnium
678 2807 812 2879 exempla
900 2811 971 2864 Cum
996 2809 1074 2865 onim
1091 2808 1257 2865 Valerianus
1282 2810 1440 2882 imperator
1451 2810 1611 2883 accepisset
1624 2812 1690 2868 Ste-

83 2897 141 2964 bat,
167 2899 199 2951 ut
227 2894 377 2963 Romanis,
408 2895 530 2951 oculatis
553 2912 657 2967 nempe
686 2897 811 2954 testibus
865 2895 997 2968 phanum
1022 2920 1035 2948 a
1061 2898 1125 2954 suis
1148 2897 1389 2970 persuasionibus
1412 2907 1497 2971 atquc
1512 2899 1691 2956 adhortatio·

84 2988 133 3041 tus
147 2985 240 3040 sancti
256 2984 349 3057 gratia
365 2983 502 3056 repletus,
520 3008 531 3036 ι
549 2984 638 3040 veluti
659 2984 731 3041 alter
746 2986 810 3041 Ste·
865 2985 952 3041 nibus
968 3008 982 3035 u
999 2986 1105 3059 populo
1117 2989 1153 3043 ab
1165 2985 1329 3043 idololatria
1339 2988 1499 3043 revocando
1511 2988 1692 3057 incumbere,

87 3091 101 3130 e
124 3076 321 3147 protomartyr
343 3074 499 3139 videretur,
525 3089 558 3129 ac
583 3074 737 3130 diceretur.
763 3073 811 3129 Sic
865 3073 965 3130 missis
984 3074 1130 3130 militibus
1146 3074 1228 3130 illum
1245 3076 1485 3147 comprehcndit,
1501 3077 1692 3150 comprehen-

98 3179 184 3236 opere
199 3167 227 3219 et
242 3162 374 3235 exemplo
391 3161 512 3233 gentiles
527 3163 562 3218 ad
588 3163 675 3219 tidem
692 3180 810 3220 conver·
825 3148 847 3215 C
865 3180 931 3219 sum
942 3168 1108 3236 pastorem«
1117 3163 1350 3221 Christianorum
1363 3164 1482 3237 plurimi
1494 3166 1694 3238 sequebantur

83 3250 172 3309 ideles
189 3252 218 3306 in
235 3251 290 3307 fide
309 3251 509 3319 corroborare,
531 3268 564 3307 ao
581 3253 617 3307 nd
639 3252 812 3325 martyrium
867 3251 984 3325 alonge
1007 3269 1073 3308 cnm
1098 3252 1255 3326 lacrymis;
1272 3276 1287 3303 »
1303 3256 1337 3309 au
1356 3254 1472 3327 tyranni
1495 3254 1621 3311 tribunal
1641 3255 1693 3312 ed·

83 3340 282 3397 subeundum
294 3341 449 3413 disponere
459 3340 626 3414 Stephanus
639 3342 671 3397 R.
684 3342 813 3414 pontifex
867 3342 973 3398 ductus
988 3341 1085 3415 palam
1101 3344 1284 3400 confitetur«
1305 3343 1454 3400 Christum
1469 3343 1571 3399 lesum
1587 3343 1693 3399 Filium

83 3436 158 3487 atur.
175 3432 230 3486 Tot
258 3434 396 3486 ornatum
420 3430 579 3487 virtutibus
602 3432 768 3504 pontificem
785 3436 814 3487 et
867 3429 917 3485 Dei
933 3437 1024 3488 Deum
1039 3448 1104 3488 esse
1120 3450 1186 3488 cum
1205 3432 1286 3489 Patre
1300 3435 1328 3488 et
1343 3432 1451 3503 Spiritu
1467 3436 1586 3499 sancto;
1605 3455 1620 3482 u
1634 3432 1694 3488 Va·

83 3518 136 3577 ulis
148 3519 308 3576 clarescere
325 3524 400 3575 Deus
415 3518 527 3586 voluit;
551 3536 638 3590 quam
655 3520 732 3576 enim
750 3520 813 3575 suis
867 3518 977 3575 loriano
1001 3519 1091 3575 libere
1113 3520 1241 3576 declarat
1266 3546 1276 3571 ι
1304 3520 1446 3577 [lauronia
1461 3544 1475 3571 u
1498 3538 1562 3577 esso
1585 3538 1649 3594 que
1678 3538 1696 3577 a

83 3608 239 3666 titionibus
264 3609 377 3665 Christo
401 3626 453 3680 per
483 3608 665 3682 euphemum
693 3614 814 3683 generat
867 3609 1025 3682 paganis«
1051 3609 1250 3666 adorabantur
1275 3609 1364 3675 idola,
1391 3632 1404 3658 u
1430 3626 1520 3682 seque
1548 3610 1696 3667 Romanos

83 3715 126 3755 am
141 3698 267 3755 Nemesii
282 3697 403 3754 Tribuni
418 3720 433 3747 α
445 3696 534 3753 liliam
549 3697 576 3754 vi
603 3716 725 3755 suarum
748 3714 813 3755 ora·
868 3721 882 3749 a
901 3712 1018 3753 mouere
1033 3704 1121 3769 atque
1136 3698 1257 3769 hortari,
1271 3703 1311 3767 ut,
1321 3697 1378 3754 illis
1389 3697 1536 3755 derelictis
1550 3698 1586 3754 ad
1603 3700 1695 3755 ileum

83 3804 102 3843 n
118 3804 136 3843 a
151 3788 302 3843 nativitate
324 3803 431 3843 caeam
447 3809 461 3839 »
477 3788 565 3843 etiam
591 3810 605 3838 κ
622 3786 780 3844 illuminat.
798 3811 812 3838 »
867 3788 964 3842 vivum
978 3791 1121 3842 siveram
1136 3786 1302 3843 Creatorem
1318 3786 1379 3842 cali
1395 3791 1423 3843 et
1439 3790 1522 3843 terrae
1537 3788 1695 3845 redirent.»

83 3878 173 3933 sirum
191 3876 314 3949 igitursi
331 3877 387 3933 sub
403 3880 484 3932 tanto
500 3878 636 3949 pontifice
652 3882 694 3934 tot
708 3878 814 3935 viderit
868 3875 1008 3931 harditum
1035 3875 1215 3949 Stephanum
1238 3876 1323 3946 jubet
1351 3876 1511 3947 imperator
1539 3874 1569 3931 in
1592 3876 1694 3933 fanum

82 3983 814 4056 rriloginmltomanumvetusoctuvosaculocon·
868 3981 950 4037 bium
977 3998 1121 4049 revocare,
1147 3982 1222 4037 inter
1246 3999 1320 4053 quos
1350 3982 1693 4055 errrinetTillernontius,

82 4072 130 4111 um
147 4055 326 4126 eaStephani
344 4060 414 4110 Acta
430 4054 563 4127 sequitur
578 4055 607 4109 in
622 4056 813 4113 describendo
869 4054 953 4125 plum
968 4069 1127 4137 congerens
1143 4054 1170 4107 in
1188 4058 1256 4109 nota
1273 4055 1283 4107 l
1310 4055 1344 4108 ad
1364 4055 1392 4108 S.
1409 4054 1591 4125 Stephanum
1607 4070 1694 4127 argu-

93 4127 228 4199 martyrio
239 4132 267 4181 et
280 4125 417 4181 altiorum
428 4127 475 4197 quii
493 4127 521 4180 in
536 4126 579 4182 liis
592 4128 665 4183 uotis
681 4130 758 4200 passi
773 4146 814 4184 ro·
869 4130 967 4180 menta
978 4125 1012 4181 ad
1029 4124 1145 4180 illorum
1161 4126 1363 4181 riirctoritntom
1380 4141 1501 4198 prorsus
1516 4125 1694 4192 elidendam,

83 4215 132 4253 ur.
150 4199 213 4253 llaec
228 4198 368 4269 Stephani
383 4199 413 4253 in
429 4203 494 4253 acta
508 4198 538 4252 in
554 4200 691 4254 omnibus
705 4204 813 4257 iteno-
869 4213 993 4266 quorum
1006 4196 1153 4268 dliquaad
1164 4197 1695 4269 summumevincuntmendosaquae·

88 4275 117 4325 ct
131 4270 255 4325 Menaeis
266 4269 443 4333 Graecorum,
459 4269 488 4324 in
505 4268 709 4341 Martyrologio
725 4272 814 4328 ctiam
869 4270 936 4323 dam
953 4268 982 4323 in
998 4266 1045 4324 bis
1069 4272 1149 4324 Actis
1164 4270 1327 4341 irrepsisse,
1344 4285 1407 4340 que
1427 4268 1564 4340 Stephani
1581 4267 1696 4325 labores

83 4340 298 4414 iinrperatoris,
315 4341 345 4396 in
367 4339 546 4413 Martylogiis
564 4342 686 4398 Usuardi
703 4350 731 4397 et
745 4344 814 4399 Nut-
871 4338 1046 4410 apostolicos
1069 4346 1121 4395 aut
1135 4342 1308 4412 uiartyriuna
1325 4358 1382 4396 non
1398 4345 1541 4412 spectant,
1557 4339 1615 4396 alia
1628 4357 1695 4397 vero

83 4413 283 4485 compendiose
298 4412 815 4470 exhibenturllzeoS.Petrusllumia·
871 4428 933 4483 qua
945 4412 973 4465 in
989 4410 1128 4493 Stephani
1144 4418 1227 4483 gesta
1241 4411 1330 4468 ctiam
1341 4411 1634 4493 intorquenturnullo
1646 4429 1694 4471 ve·

83 4500 160 4539 verm.
177 4485 222 4555 30,
239 4486 274 4541 de
298 4483 456 4556 Stephano,
473 4484 663 4540 tritiensium
677 4489 815 4557 posticias
833 4521 855 4585 D
870 4486 1157 4566 terumtcstrmonm,
1183 4484 1233 4541 scd
1257 4484 1347 4541 moris
1368 4487 1504 4566 nituntur
1518 4484 1694 4567 conjecturis

83 4558 217 4611 notoriam
246 4554 382 4627 appellat.
399 4556 611 4627 hietapbrastes
626 4574 641 4611 e
658 4558 767 4613 Latinis
783 4576 817 4614 ea
871 4570 934 4625 qua
949 4560 1007 4608 sint
1023 4554 1185 4617 levissima.
1205 4572 1230 4610 o.
1246 4572 1274 4625 g.
1290 4558 1372 4626 iuxta
1391 4553 1611 4611 Tillemontium
1626 4557 1694 4627 reii-

83 4628 169 4684 ifeoit
187 4635 217 4683 ut
231 4629 327 4684 videro
343 4634 386 4683 est
400 4628 477 4698 apud
494 4628 688 4698 Lipomanum
703 4636 748 4685 eat
763 4630 816 4685 Sn-
870 4626 974 4680 cienda
998 4632 1067 4681 sunt
1091 4632 1163 4681 Acta
1181 4628 1331 4697 Stephani,
1354 4626 1423 4697 quin
1447 4625 1477 4681 in
1502 4628 1549 4683 bis
1564 4627 1695 4700 aliquan

95 4699 219 4756 Demum
235 4704 268 4756 ut
282 4697 381 4755 omnia
394 4699 482 4754 verbo
497 4699 592 4755 dicam
612 4699 817 4773 Martyrologia
870 4695 1017 4821 Stephano
1038 4699 1152 4775 pearata¹
1172 4697 1313 4753 miracula
1331 4700 1497 4753 referuntur
1513 4716 1520 4765 3
1536 4699 1606 4763 auia
1621 4716 1694 4755 non·

83 4790 100 4836 i,
117 4771 258 4827 breviaria
273 4770 372 4826 omnia
386 4772 507 4841 antiqua
529 4788 585 4825 non
602 4772 732 4827 Romana
747 4775 815 4827 ton·
873 4766 945 4823 nuli
970 4768 1009 4823 ibi
1034 4783 1101 4821 eum
1125 4768 1265 4823 dicuntur
1285 4775 1351 4824 onte
1376 4768 1510 4840 Stephani
1520 4770 1603 4839 peiles
1626 4787 1696 4843 pro·

83 4843 131 4898 seu
148 4848 176 4925 et
191 4842 385 4971 glurimarnrn
400 4858 450 4913 per
465 4842 650 4924 Occidentem
674 4843 815 4899 Ecclesia·
869 4841 1001 4921 straturam
1017 4839 1101 4909 quasi
1118 4856 1183 4895 vero
1198 4840 1280 4923 paria
1296 4841 1326 4896 in
1346 4842 1470 4897 sinceris
1484 4840 1550 4896 aliis
1567 4845 1696 4923 vetorum

83 4930 182 4970 omnia
218 4931 356 4971 ruscorum
368 4918 397 4968 et
410 4912 581 4985 blaenologm
592 4920 620 4969 et
633 4932 743 4972 menen
754 4916 816 4971 Sto·
871 4915 947 4966 notis
970 4926 1122 4981 nunquam
1149 4915 1349 4969 recitarentur.
1374 4912 1515 4968 Celerum
1532 4912 1591 4967 hice
1607 4911 1697 4968 Tille-

95 4986 186 5041 nostri
204 4987 374 5059 niartyrinm
391 5002 448 5040 non
464 4984 582 5041 aliunde
606 5004 693 5059 ipram
716 5004 750 5043 ox
770 4987 816 5044 bia
870 4981 974 5037 montii
991 4986 1163 5053 argumenta
1176 4982 1268 5041 solide
1283 4989 1311 5040 ot
1324 4984 1440 5041 ebuude
1452 4985 1579 5039 refutata
1595 4984 1697 5055 legua-

85 5058 256 5114 eduxcrunt.
515 5070 518 5077 ·
870 5060 917 5136 tur
933 5054 1009 5136 apud
1032 5053 1194 5135 llbachium
1210 5060 1240 5112 et
1262 5054 1458 5112 hollandistas
1472 5054 1503 5136 in
1519 5054 1589 5109 locis
1604 5070 1696 5139 supra

83 5129 158 5184 licuti
173 5134 302 5186 veterum
319 5144 406 5184 nomo
420 5128 456 5183 de
471 5126 593 5183 istorum
611 5133 747 5185 Actorum
764 5146 816 5185 an·
869 5130 989 5181 citatis:
1016 5129 1045 5179 ct
1066 5126 1229 5183 certissime
1253 5144 1313 5182 nuu
1337 5143 1405 5182 uam
1429 5125 1566 5196 efficient,
1588 5132 1621 5179 ut
1643 5124 1694 5181 illa

83 5204 123 5256 ita
143 5218 273 5275 unquam
304 5200 456 5265 dubitavit,
479 5198 519 5253 ita
542 5202 699 5271 postremis
725 5203 814 5258 etiam
869 5196 1093 5324 Steglianidetu·
1108 5200 1301 5253 venerandam
1316 5144 1451 5254 {eclesie
1466 5195 1697 5279 universalisap-

83 5272 105 5327 is
119 5272 238 5344 elapsis,
267 5289 387 5327 ormana
398 5276 426 5325 et
441 5269 612 5327 fidelissima
622 5273 684 5329 visa
700 5273 816 5330 suntiis
870 5286 921 5342 pro
944 5268 1070 5324 ationem
1086 5284 1115 5321 1n
1130 5268 1248 5341 bisque
1262 5271 1298 5325 ad
1309 5270 1489 5343 Stephanum
1505 5271 1695 5341 attinent,per

83 5343 222 5415 itiquitati
241 5289 421 5400 illustrandas
437 5342 539 5397 sedulo
554 5349 816 5401 vacarunttlonsu·
871 5346 912 5397 iot
926 5345 1003 5396 retro
1019 5338 1126 5395 scocula
1141 5356 1196 5395 non
1216 5341 1382 5397 habuerint.
1649 5408 1655 5422 .

83 5412 426 5486 placet,Sclrelestratium
439 5413 585 5487 insignem
602 5416 662 5471 anti
688 5417 815 5489 uarium,
905 5412 961 5484 (ti-t)
977 5411 1120 5480 Catrtopas
1137 5413 1166 5466 li.
1190 5414 1293 5479 rariter.
1317 5414 1336 5467 o
1359 5410 1457 5469 saculi
1473 5412 1503 5467 et
1521 5411 1695 5468 Anastasius

83 5488 119 5542 ait
131 5490 238 5555 coclea,
254 5493 324 5544 torn.
343 5486 483 5558 l,dissert.
503 5489 531 5553 2,
547 5502 611 5559 cap.
627 5490 654 5543 7.
666 5433 754 5545 ‘dum
768 5504 816 5545 ve·
870 5483 983 5540 bibliot.
998 5482 1034 5537 ad
1053 5484 1142 5539 litora
1156 5482 1184 5539 S.
1200 5484 1342 5555 Stephani.

83 5558 139 5615 reis
153 5560 312 5618 Neotericie
333 5576 350 5616 a
368 5557 523 5615 Pearscnio
538 5556 714 5616 heterodoxo
729 5562 816 5617 edoc-
906 5556 964 5627 (95)
980 5554 1053 5611 ibid.

83 5630 156 5693 acuit
169 5632 295 5695 istorum
316 5633 456 5690 hetorum
477 5630 682 5689 auctoritatem
706 5632 736 5689 in
761 5632 816 5691 du·
