3892 6104
182 312 237 375 sir
743 318 1001 385 urssaarario
1022 320 1294 386 arotoourrcs
1824 316 1885 380 ¹⁴8

183 462 286 504 mauos
298 445 420 506 affectus
433 466 492 507 non
507 449 682 521 dissimulat,
698 468 728 510 se
740 469 831 526 supra
846 452 917 512 alios
943 470 1002 511 non
1016 458 1044 525 A
1058 452 1352 512 communibusvotis
1366 453 1538 522 orarunt,ut
1549 448 1742 510 immaturum
1751 453 1882 527 partum

181 537 272 605 effert,
285 552 330 592 res
345 554 415 595 suas
431 539 552 596 minime
567 545 732 614 exaggerat,
749 543 785 598 ad
802 547 891 600 Deum
905 543 1008 600 omnia
1059 566 1074 595 a
1090 544 1218 602 instante
1240 545 1303 616 jam
1332 541 1491 616 spectaculi
1513 542 1570 611 die,
1586 540 1752 600 »Felicitas
1772 543 1885 613 meret,

181 624 641 701 relert‚inlldc,inepedirina
656 629 1005 702 misericordias,insinu
1060 654 1074 683 a
1093 636 1407 706 nepropterventrem
1441 632 1601 698 ditaretur,
1626 630 1696 703 quia
1727 646 1786 688 non
1813 630 1884 688 licet

183 713 370 770 Providentia
385 720 413 771 et
434 715 631 788 placidissime
655 719 846 791 conquiescit,
863 727 891 776 et
919 737 1006 777 casus
1060 724 1244 792 praegnantes
1250 736 1341 792 paena
1356 719 1577 793 representari3
1590 723 1680 776 »tum
1687 718 1807 792 gravius
1815 735 1883 792 cap.

182 818 284 858 omnes
298 803 468 872 contemnit,
483 809 512 861 st
526 805 599 862 nihil
611 807 705 877 timet,
729 811 758 865 et
783 809 881 864 omnia
899 813 1005 882 sperat,
1059 825 1098 874 vr,
1115 807 1131 881 ξ
1146 806 1211 876 ult,
1227 808 1277 864 uhi
1294 809 1435 881 Perpetua
1449 809 1529 864 necis
1541 808 1738 864 instrumenta
1749 808 1787 864 ad
1801 822 1885 864 acce

182 893 211 946 et
227 888 299 945 nihil
315 893 480 950 nonoudet.
492 893 526 949 Hi
538 895 815 967 prolectovirtutum
831 897 917 954 liores
931 898 1008 955 inter
1061 897 1215 954 leuandum
1232 899 1405 970 martyrium
1428 897 1493 969 ipsa
1516 897 1579 954 auis
1607 896 1744 953 manibus
1772 894 1886 970 aptavlt

182 978 325 1034 haeresum
337 981 706 1056 dumetauongerminant:
722 984 896 1043 hostructus
906 987 1006 1043 arbor·
1062 1008 1075 1036 ν
1090 984 1355 1058 Perpetuaautem,
1370 988 1403 1042 ut
1417 985 1526 1056 aliquid
1541 984 1650 1041 doloris
1668 987 1810 1058 gustaret,
1840 985 1887 1040 in·

184 1066 423 1124 malononlacit.
442 1070 665 1141 Potestqoidam
682 1072 754 1142 lieri,
771 1078 803 1128 ot
828 1079 857 1130 et
880 1091 1006 1146 nequam
1062 1080 1104 1129 ter
1136 1077 1232 1130 coatus
1265 1077 1375 1146 puncta
1402 1073 1539 1146 exulavit,
1559 1077 1588 1130 et
1610 1077 1757 1131 errantem
1784 1072 1885 1131 dexte·

183 1155 304 1227 spiritue
342 1159 512 1215 exteriorem
537 1161 694 1232 quamdam
732 1163 809 1220 m
844 1163 1007 1222 sanctitatis
1061 1178 1122 1219 ram
1138 1160 1276 1219 tirunculi
1290 1161 1460 1235 gladiatoris
1473 1163 1538 1235 ipsa
1566 1161 1596 1218 iu
1620 1161 1760 1235 jugulum
1794 1177 1886 1219 suum

184 1244 316 1300 umbram
334 1246 458 1319 allactet,
474 1251 507 1302 ut
521 1246 574 1305 hos
589 1247 693 1322 gestiat
705 1249 818 1307 virtutis
841 1257 925 1308 actus
941 1251 1006 1308 imi·
1061 1252 1169 1324 posuit.
1185 1273 1200 1302 ν
1221 1250 1288 1307 lieo
1311 1251 1340 1307 ia
1364 1256 1508 1324 Perpetua
1534 1249 1679 1323 sociisque
1705 1250 1887 1323 martyribus

183 1333 239 1388 tari
256 1349 263 1400 ;
278 1334 329 1389 sed
344 1350 409 1391 esso
420 1352 478 1391 non
489 1341 584 1408 potest
596 1337 801 1396 utahaolutem
812 1340 1009 1414 undequaque
1062 1339 1235 1413 reprehendi
1254 1355 1351 1412 posse,
1386 1356 1472 1396 nemo
1498 1338 1656 1395 mirabitur
1683 1337 1735 1410 qui
1750 1339 1886 1396 animum

185 1425 214 1478 et
229 1421 307 1477 omni
322 1438 356 1479 ex
371 1428 451 1495 parte
466 1425 609 1482 sinceram
625 1426 796 1485 Christiana
821 1429 1008 1501 perfectionis
1062 1429 1218 1486 adverterit
1231 1430 1266 1486 ad
1283 1446 1327 1498 aa,
1343 1444 1409 1500 qua
1424 1429 1460 1485 cb
1475 1427 1602 1484 similem
1620 1426 1740 1484 omnino
1765 1442 1888 1485 cauam

188 1510 342 1583 imaginem
360 1518 563 1585 representet;
579 1532 636 1571 non
652 1517 786 1574 adeosibi
801 1534 900 1574 cavere
915 1522 1009 1589 potest
1062 1517 1093 1574 in
1109 1523 1265 1592 martyrem
1280 1518 1428 1590 Ignatium
1445 1516 1569 1574 Dalleus
1584 1516 1696 1574 effudit.
1709 1516 1790 1581 Quod
1806 1515 1889 1573 enim

186 1597 357 1671 hypocrisis,
373 1606 406 1656 ut
422 1616 478 1658 non
495 1601 610 1676 aliquid
622 1603 735 1661 excidat
752 1623 809 1679 quo
833 1623 863 1663 se
879 1606 1008 1680 prodat:
1063 1606 1380 1680 sanctissimusmartyr
1390 1605 1537 1663 Romanos
1547 1605 1888 1678 perlittareamonuen’t,

187 1685 267 1743 ialsis
281 1688 358 1744 onim
374 1689 532 1748 virtutibus
551 1691 664 1765 aliquid
687 1693 746 1750 vitii
771 1693 857 1751 facile
876 1694 1008 1752 intermi·
1063 1712 1100 1752 ne
1114 1700 1246 1767 optatum
1264 1694 1437 1769 martyrium
1453 1695 1516 1752 suia
1532 1694 1568 1750 ad
1580 1694 1672 1751 Deum
1684 1693 1823 1766 precibus
1836 1697 1890 1752 aut

186 1779 294 1846 scetur,
310 1782 338 1834 ot
352 1777 474 1850 spiritus
489 1779 538 1835 illa
549 1781 693 1854 superbia
708 1787 772 1838 tum
781 1783 908 1841 maxime
919 1800 1008 1857 agno·
1063 1784 1168 1841 ciliciis
1182 1783 1376 1856 retardarent,
1387 1783 1535 1840 etbeatias
1545 1781 1632 1839 eliam
1648 1786 1889 1857 repugnantesse

186 1863 288 1929 scitur,
303 1881 371 1922 cum
389 1866 481 1923 animi
503 1867 709 1926 demissionem
729 1870 860 1941 simulat,
886 1878 914 1929 et
930 1889 961 1929 aa
975 1872 1009 1929 in
1064 1873 1093 1928 in
1101 1889 1188 1929 suum
1196 1872 1347 1929 interitum
1355 1872 1528 1928 adacturum
1537 1869 1890 1944 essesignidoaveritvio·

186 1955 360 2009 exteriorem
377 1956 825 2032 quamdummodeatiaepeciem
848 1963 1009 2035 componit.
1064 1960 1129 2018 lata
1144 1959 1280 2018 cltellae
1294 1960 1413 2034 piatatis
1426 1963 1455 2016 et
1470 1958 1619 2017 modestia
1634 1975 1702 2016 reue
1716 1958 1889 2034 agitansed

187 2039 243 2097 Sed
258 2041 329 2113 quid
346 2040 432 2098 habet
454 2045 627 2118 Baanagius,
651 2046 684 2103 in
708 2046 754 2104 his
778 2065 840 2121 qua
858 2050 894 2106 ad
915 2066 1011 2107 mores
1065 2055 1098 2106 ut
1112 2049 1219 2107 melius
1234 2048 1426 2122 intelligatur,
1441 2048 1613 2121 quambene
1636 2047 1693 2104 sibi
1715 2046 1840 2105 invtcsm
1854 2047 1889 2104 in

184 2129 341 2201 pertinent,
371 2131 446 2202 quod
466 2132 496 2188 in
519 2132 661 2207 Perpetua
679 2136 800 2209 ejusque
820 2138 908 2195 sociis
928 2154 1012 2212 repra
1065 2139 1211 2210 ejusmodi
1225 2137 1301 2195 rotis
1324 2136 1456 2211 ignatius
1476 2140 1505 2193 et
1533 2139 1677 2209 Perpetua
1699 2136 1777 2192 m
1802 2134 1892 2192 socii·

182 2216 406 2275 hendattNihil
421 2221 559 2290 omnin03
576 2223 763 2295 etprflrman'
784 2227 887 2299 utique
915 2231 1012 2300 potest
1066 2244 1123 2300 que
1147 2231 1289 2301 martyres
1315 2225 1480 2295 concinant,
1503 2225 1567 2298 ipsa
1597 2224 1645 2281 hic
1670 2224 1777 2299 Ignatii
1798 2224 1892 2282 verba

184 2305 275 2378 quod,
290 2305 375 2363 sicuti
399 2307 480 2366 nulla
505 2314 550 2366 est
575 2311 747 2385 evangelice
769 2314 932 2388 disciplinae
957 2315 1012 2373 heo
1065 2317 1223 2389 subjiciam
1236 2315 1313 2389 (53):
1331 2338 1345 2366 «
1363 2315 1489 2372 Obsecro
1517 2331 1580 2382 vos,
1596 2330 1633 2371 ne
1648 2313 1890 2386 intempestivam

185 2393 311 2450 similior
325 2395 430 2467 imago,
443 2397 483 2454 ite
499 2398 579 2457 nulla
600 2401 637 2458 ah
663 2401 800 2459 heretica
829 2404 1013 2463 institutione
1067 2405 1138 2462 mihi
1166 2403 1399 2462 benevolentiam
1429 2401 1600 2459 exhiheatis.
1626 2401 1718 2459 Sinite
1742 2417 1790 2458 me
1812 2402 1890 2458 lera-

188 2482 284 2554 mogis
308 2482 433 2541 abludit.
463 2485 605 2558 Perpetua
642 2494 672 2546 et
700 2491 860 2549 Maximilla
888 2491 1012 2550 invicem
1068 2511 1132 2550 rum
1149 2492 1247 2549 cibum
1262 2508 1338 2561 essa,
1362 2508 1414 2564 per
1436 2506 1511 2564 quas
1534 2490 1624 2548 Deum
1647 2490 1787 2562 consequi
1809 2489 1889 2561 licet,

191 2571 379 2630 conferantur
390 2591 396 2642 ;
408 2578 468 2630 tam
480 2575 909 2651 discrepabuntearummores,
924 2598 1012 2654 quam
1068 2583 1259 2640 Frumentum
1277 2596 1342 2636 sum
1362 2579 1426 2649 Dei,
1442 2573 1472 2635 et
1486 2595 1538 2652 per
1551 2579 1679 2635 terarum
1700 2579 1802 2635 dentes
1823 2594 1890 2635 mo·

191 2659 330 2717 avirtute
345 2661 459 2731 vitium,
475 2681 493 2720 a
516 2664 580 2721 luca
594 2667 720 2724 tenebre
747 2669 845 2742 amplo
869 2670 1014 2727 discrimi·
1067 2671 1120 2742 lor,
1142 2675 1174 2726 ut
1188 2685 1281 2742 purus
1296 2667 1381 2740 panis
1395 2667 1502 2723 christi
1516 2666 1657 2724 inveniar.
1682 2665 1763 2725 Faria
1786 2666 1888 2741 potius

191 2764 227 2804 ne
251 2755 433 2820 separantur.
453 2752 528 2809 Fieri
552 2769 620 2827 ergo
644 2772 702 2812 non
728 2761 833 2830 potest,
849 2763 882 2815 ut
911 2758 1012 2816 eodem
1068 2758 1253 2824 blandimini,
1269 2761 1301 2813 ut
1317 2757 1388 2813 mihi
1405 2756 1572 2830 sepulcrum
1588 2755 1670 2828 llant,
1687 2755 1820 2829 nihilque
1829 2754 1890 2813 mel

190 2836 300 2895 luroris
316 2843 344 2896 et
373 2840 493 2898 insania
510 2842 615 2914 spiritu
636 2850 800 2918 agerentur.
828 2848 1012 2905 Sancsitam
1067 2847 1197 2920 corporis
1227 2845 1402 2918 relinquant,
1428 2862 1465 2902 ne
1501 2849 1656 2919 postquam
1690 2844 1888 2913 obdormiero,

189 2925 303 2984 illustro
325 2931 494 3004 martyrium
513 2934 556 2988 tot
582 2932 724 2991 virtutum
758 2936 1014 3008 parergiadecora·
1067 2935 1264 3011 graviealicui
1281 2937 1349 2992 flam
1353 2975 1508 2992 ......
1529 2933 1889 3007 christopromeauppli·

189 3018 266 3082 tum,
287 3015 364 3074 inter
400 3018 550 3077 hereticos
573 3022 734 3093 perlectum
761 3029 806 3080 eat
835 3030 887 3082 aut
912 3026 1012 3099 pertici
1067 3030 1189 3094 autaut
1213 3041 1264 3098 per
1286 3024 1347 3080 hacc
1376 3024 1572 3080 instrumenta
1593 3023 1689 3079 hostia
1713 3021 1887 3079 inveniar.»

190 3106 296 3177 potest,
312 3103 355 3160 rel
367 3107 581 3177 peritomoino,
597 3114 648 3166 aut
663 3111 822 3168 admodum
833 3113 1010 3186 infirmatur,
1068 3115 1149 3181 Quod
1161 3130 1213 3188 pro
1233 3130 1264 3170 se
1285 3112 1346 3170 lleri
1370 3130 1387 3168 a
1414 3112 1555 3169 Romanis
1570 3112 1689 3185 optabat
1704 3111 1847 3184 ignatius,
1861 3110 1893 3167 ld

190 3190 361 3249 Christiane
376 3194 525 3268 religionis
545 3203 765 3271 argumentum,
793 3203 870 3273 quod
887 3207 916 3258 et
941 3181 1049 3260 senec
1069 3203 1157 3261 olllcii
1172 3218 1241 3275 erga
1255 3201 1434 3259 Felicitatem
1458 3201 1549 3257 nostri
1574 3204 1716 3273 martyres
1746 3201 1893 3273 prestite-

191 3280 432 3339 efficacissimum
450 3300 483 3341 ex
498 3287 659 3343 constantia
675 3293 703 3344 et
722 3289 828 3346 virtute
852 3295 1014 3364 martyrum
1070 3295 1148 3348 runt.
1164 3291 1286 3348 Volebat
1300 3290 1348 3346 ille
1363 3307 1380 3345 a
1395 3290 1535 3346 Romanis
1550 3290 1721 3361 conjunctae
1742 3289 1780 3345 ed
1799 3288 1893 3346 Deum

191 3368 395 3442 proficiscitur.
411 3373 474 3430 Non
485 3373 563 3430 enim
579 3374 812 3434 Christianorum
843 3378 1014 3452 martyrium
1070 3398 1170 3455 preces
1185 3379 1306 3447 elluudi,
1318 3396 1377 3452 quo
1393 3379 1553 3435 bestiarum
1569 3377 1707 3435 dentibus
1722 3376 1892 3450 moleretur,

191 3457 263 3513 uduo
279 3462 465 3517 commendat
479 3478 558 3519 mors
570 3481 620 3534 pro
643 3465 700 3521 fide
715 3471 861 3540 suscepta,
883 3484 950 3525 com
965 3468 1015 3526 alii
1070 3475 1098 3528 st
1109 3485 1160 3543 per
1174 3468 1235 3525 hac
1249 3468 1447 3525 instrumenta
1463 3466 1569 3523 Christi
1597 3466 1762 3524 elilceretur
1775 3465 1893 3537 hostia3

195 3545 296 3602 multis
311 3563 345 3603 ea
360 3549 497 3607 omnibus
515 3553 604 3608 sectis
619 3570 671 3626 pro
682 3555 744 3611 suis
754 3557 1016 3629 superstitionibus
1071 3543 1100 3616 id
1119 3574 1186 3615 vero
1198 3556 1356 3614 Felicitatis
1373 3557 1460 3613 sociis
1475 3556 1504 3612 in
1520 3556 1594 3614 votis
1606 3559 1678 3625 erat,
1695 3560 1724 3613 et
1742 3559 1777 3612 ut
1792 3555 1895 3613 iratum

192 3633 271 3690 ultro
295 3651 324 3691 se
348 3637 410 3693 neci
432 3638 604 3697 tradiderint
619 3658 705 3714 quam
734 3648 903 3703 ceterarum
927 3647 1016 3704 virtu·
1070 3648 1228 3704 immaturo
1243 3651 1373 3719 tempore
1389 3645 1543 3718 emitteret,
1558 3644 1631 3702 lusis
1647 3646 1683 3702 ad
1708 3644 1802 3702 Deum
1827 3661 1896 3717 pre·

192 3725 257 3776 tum
274 3729 430 3794 apparatus
441 3742 498 3798 quo
509 3744 596 3784 suum
626 3746 746 3802 agonem
762 3732 895 3790 catholici
907 3741 1016 3809 marty·
1070 3737 1153 3794 cibos
1168 3735 1369 3810 postulabant,
1384 3751 1420 3792 ne
1436 3735 1609 3808 martyrium
1629 3735 1694 3806 ejus
1716 3733 1894 3806 diherratu'r,

192 3810 232 3865 ris
250 3810 444 3870 decorarunt:
462 3816 534 3872 fides
549 3817 669 3890 scilicet,
686 3836 764 3891 apes,
780 3821 916 3893 charitas,
946 3824 1017 3881 reli·
1070 3827 1120 3883 aed
1134 3843 1192 3883 una
1206 3841 1274 3882 oum
1288 3824 1354 3880 aliis
1369 3823 1471 3880 hestiis
1486 3824 1671 3897 objiceretur.
1687 3822 1786 3895 Pergit
1808 3823 1894 3896 Igna·

191 3897 250 3970 gio,
267 3899 371 3971 pietas,
400 3903 553 3977 modestia,
576 3908 682 3965 excelsi
711 3909 801 3966 animi
827 3912 914 3969 robur
941 3911 1016 3970 invi·
1070 3911 1450 3972 tiueetnoneolumardens
1462 3912 1594 3984 martyrii
1610 3910 1895 3968 desideriumostcn·

192 3990 282 4054 ctum,
300 4006 363 4061 que
379 3991 486 4049 mirum
512 3995 543 4051 in
572 3997 959 4073 modum,utostendimue,
985 4003 1015 4060 in
1070 4004 1123 4075 dit,
1150 4004 1199 4060 sed
1216 4002 1336 4069 bestias,
1354 4001 1462 4058 invitas
1485 4001 1617 4058 etiamst
1638 4006 1895 4073 repugnantea,ee

191 4075 334 4148 Perpetua
362 4079 506 4153 sociisque
520 4085 697 4159 martyribus
712 4087 898 4147 refulserunt.
1071 4093 1112 4149 ait
1139 4091 1175 4150 ad
1215 4107 1301 4148 auam
1323 4090 1418 4163 ipsius
1445 4105 1544 4146 necem
1568 4093 1792 4163 provocaturum
1814 4087 1893 4161 (502

229 4164 277 4221 lV.
293 4166 348 4223 Sed
365 4172 397 4224 ut
412 4169 485 4227 nihil
508 4189 610 4230 eorum
629 4175 783 4250 negligam,
808 4183 859 4235 aut
885 4179 948 4238 sine
971 4197 1016 4240 rc·
1071 4181 1214 4238 «Utinam
1229 4180 1422 4237 iruarbestiis
1438 4178 1894 4252 mihipraeparatis,quaeetopto

191 4253 333 4312 tutatione
360 4257 519 4330 dimittam,
559 4265 726 4336 exquibus
751 4283 885 4325 morosus
910 4269 1016 4343 aliquis
1070 4269 1144 4327 mihi
1173 4272 1310 4343 prompta
1336 4267 1471 4340 inveniri,
1500 4268 1609 4341 quihus
1637 4272 1666 4324 et
1694 4266 1842 4337 blandiar,
1859 4271 1894 4326 ut

192 4340 352 4412 cavillator,
366 4346 410 4404 val
426 4348 580 4422 impudens
600 4353 779 4426 sycophanta
803 4357 913 4414 sanctia
938 4376 1014 4417 mar·
1070 4359 1127 4417 cito
1143 4375 1191 4415 me
1205 4359 1355 4428 devorent,
1370 4375 1428 4415 non
1444 4361 1475 4413 ut
1489 4358 1633 4430 quosdam
1648 4356 1745 4413 verita
1766 4373 1827 4414 non
1850 4359 1894 4415 tc·

192 4429 443 4501 tyribusconllnra
467 4439 869 4514 possetinridiam;duoin
894 4462 1014 4506 examen
1068 4450 1207 4522 tigerunt.
1236 4447 1266 4505 Si
1297 4451 1394 4504 autem
1416 4446 1470 4502 illae
1506 4449 1705 4519 repugnantes
1734 4443 1894 4516 noluerint,

191 4517 334 4576 adducam
364 4526 501 4582 Actorum
528 4527 591 4585 loca
615 4529 644 4584 in
669 4530 777 4603 quibus
804 4538 913 4591 naturae
938 4535 1016 4607 leges
1030 4547 1053 4612 1)
1068 4555 1121 4612 ego
1136 4538 1164 4593 νί
1178 4535 1337 4610 impellam.
1354 4534 1456 4592 «Nihil
1473 4535 1601 4591 relertad
1612 4532 1783 4607 gladiatoris
1798 4534 1896 4591 dexte·

192 4604 294 4661 viarlari
309 4609 453 4682 videntur,
471 4615 576 4688 quihus
590 4634 674 4674 auam
700 4623 904 4697 unusquisque
925 4624 1014 4681 ritum
1071 4643 1134 4683 rom
1148 4626 1178 4682 in
1194 4641 1281 4682 suum
1297 4624 1453 4697 quisquam
1465 4623 1604 4697 jugulum
1621 4627 1719 4696 ponat,
1729 4622 1808 4696 quod
1823 4622 1896 4680 Per·

193 4707 363 4753 conservare
387 4700 520 4771 jubetur,
549 4710 578 4761 et
606 4711 729 4764 mortem
746 4725 813 4767 cum
836 4713 931 4782 nobis,
952 4717 1016 4770 tum
1069 4714 1250 4789 petualecit‚
1279 4731 1317 4770 an
1341 4714 1417 4769 laras
1432 4714 1466 4770 nd
1483 4729 1515 4770 se
1529 4712 1729 4770 devorandum
1748 4710 1894 4784 impellat,

193 4780 257 4838 aliis
271 4788 371 4856 optare
383 4794 433 4844 aut
448 4790 520 4848 alios
532 4793 561 4848 iri
584 4793 734 4853 interitum
756 4805 888 4858 nostrum
913 4819 1016 4876 urgere
1070 4805 1149 4876 quod
1164 4805 1355 4860 selectorum
1370 4799 1665 4874 scrihebatlgnatius‚
1679 4799 1760 4857 Unde
1775 4805 1894 4857 utrum·

192 4871 391 4942 prohibemur.
409 4878 440 4933 ln
456 4880 508 4935 has
523 4886 620 4938 notem
636 4889 745 4940 nawre
772 4886 850 4960 leges
873 4896 1015 4965 martyres
1070 4908 1138 4965 que,
1153 4896 1205 4947 aut
1218 4890 1323 4948 iisdem
1331 4889 1608 4961 reprehensionibus
1620 4891 1707 4959 petet,
1719 4892 1772 4944 aut
1786 4889 1894 4944 iisdem

191 4961 282 5016 nostri
311 4979 448 5034 peccasse
475 4968 623 5042 videntur,
647 4974 709 5028 tum
739 4989 804 5048 cap.
831 4979 884 5052 r,§
909 4987 934 5048 u,
963 4980 1014 5037 uhi
1069 4985 1116 5037 cst
1129 4979 1267 5036 laudibus
1283 4978 1531 5053 pmsequendum.
1548 4976 1667 5034 Interim
1680 4981 1778 5032 autem
1789 4991 1894 5047 quem·

225 5121 452 5205 (53)„¹¹²?²½²h52
478 5127 559 5200 ὖμᾶς,
589 5130 627 5202 μὴ
652 5127 743 5187 εὔνοια
766 5133 876 5213 ἄκαιρος
901 5136 1015 5211 γένησθὲ
1067 5135 1172 5193 τούτων
1189 5135 1392 5213 ooclaebpeedr.
1409 5137 1451 5193 Ex
1469 5135 1608 5210 epieteti
1634 5135 1717 5193 Rom.
1735 5151 1782 5208 ap.
1805 5134 1895 5193 Ruin.

194 5209 255 5276 *1022
282 5194 362 5272 αφετέ
392 5218 425 5269 με
453 5199 554 5272 θηρίων
583 5201 649 5257 εἶναι
680 5204 774 5280 βορὰν,
791 5202 827 5261 δι’
853 5211 890 5263 ὧν
913 5209 1013 5267 ἔνεστιν
1069 5211 1097 5267 ln
1115 5210 1292 5279 hotiseine„
1309 5214 1363 5265 etc.

192 5262 421 5347 decutersoysiy.
440 5271 743 5345 Σῑτόςεῗμιθεοῦ,καὶ
762 5274 798 5331 δι’
822 5276 938 5337 ὀδόντων
962 5283 1012 5354 θη·
1103 5279 1303 5355 (54)·Οναίμην
1325 5283 1380 5336 τῶν
1405 5277 1507 5354 θηρίων
1540 5281 1594 5335 τῶν
1631 5275 1693 5332 suet
1724 5275 1898 5350 ἡτοιμασμὶ·

192 5348 256 5414 W
284 5334 485 5421 iliceaeque
509 5345 626 5416 κτθῑρός
650 5346 730 5420 ἄρτος
755 5349 856 5423 εὑρεθῶ
870 5357 918 5407 τοῦ
948 5358 1013 5408 licc-
1066 5373 1131 5423 νων,
1147 5350 1192 5407 καὶ
1217 5348 1284 5426 εὔχο
1328 5373 1336 5407 ι
1358 5348 1457 5424 ἕτοιμά
1482 5369 1528 5424 μοι
1554 5330 1705 5426 εὑρεθῆναι,
1732 5351 1750 5404 ἃ
1774 5346 1819 5405 καὶ
1845 5367 1895 5404 κο-

192 5419 265 5453 erra·
283 5405 389 5475 pallea
412 5411 592 5472 κολακεύστιτε
614 5418 648 5472 τὰ
672 5418 764 5494 θηρία,
791 5419 836 5476 ’ἕνα
861 5444 908 5494 μοι
927 5406 1013 5503 adpo<
1068 5421 1191 5479 λακεΰσω
1219 5443 1358 5515 cumquei<
1377 5426 1603 5550 &caesapo-(sisi,
1619 5421 1785 5550 οὖχδὲῶσπερ
1808 5423 1893 5477 τινῶν

192 5472 334 5564 fiuntque.
354 5482 397 5534 καὶ
424 5483 507 5554 paritr
532 5488 701 5544 assalierunt
725 5494 774 5544 τοῦ
797 5493 922 5567 σώματός
948 5517 1011 5569 μου,
1067 5491 1254 5568 δειλαινόμενα
1277 5515 1331 5572 aoy
1357 5493 1374 5565 ἦ
1399 5513 1472 5550 ιντο·
1493 5492 1541 5549 κᾶν
1570 5494 1637 5548 cord
1723 5493 1820 5550 ἄκοντα
1851 5492 1892 5566 μὴ

185 5539 235 5596 ‘lu
260 5565 310 5635 μην
334 5520 487 5642 κοψῆθῇκ,
515 5559 599 5633 βαρύς
623 5581 677 5616 τινι
700 5562 854 5638 γένωμαι...
881 5567 1013 5623 Αιτανεύ-
1066 5564 1208 5642 astringi
1228 5562 1477 5644 ὼπροσὸιάσομαι.
1493 5566 1598 5624 Euseb.
1616 5565 1694 5624 libr
1720 5569 1787 5625 ilisa
1808 5566 1891 5634 cuch,

191 5633 253 5668 σατε
276 5637 321 5672 τον
348 5625 460 5696 Χριστον
486 5629 551 5702 ὑπὲρ
575 5629 654 5706 spec,
677 5629 723 5687 ἵνα
749 5630 793 5691 διὰ
814 5640 866 5692 τῶν
888 5637 1010 5715 ὀργάνων
1065 5655 1127 5712 cap.
1146 5641 1181 5696 16
1195 5586 1225 5700 οἷ
1238 5655 1320 5715 seqq.
