3892 6104
160 343 198 405 n
738 296 1294 409 ossnnramoanonosnrrcl
1829 357 1870 417 rs

165 474 240 532 illud
252 475 379 547 denique
393 492 427 532 ex
442 475 573 547 antiquis
592 475 793 532 monumentis
806 477 989 547 compertum
1002 475 1032 543 A
1046 476 1139 534 multo
1154 483 1221 551 post
1234 478 1352 535 initium
1368 479 1467 535 saeculi
1489 480 1597 552 quarti,
1613 480 1728 538 reddita
1739 483 1801 553 jam
1818 502 1871 558 per

164 571 219 637 est,
235 570 265 621 et
279 566 352 623 ratio
363 568 428 639 ipsa
437 566 551 630 suadet,
563 565 735 623 celebriores
746 569 834 638 atque
843 564 985 638 insignio·
1042 568 1265 625 Constantinum
1281 567 1416 625 Ecclesia
1433 585 1513 641 pace,
1529 569 1621 626 luisse
1631 569 1808 629 celebratam
1820 598 1828 643 ;
1840 578 1871 631 et

163 652 987 728 resbasilicasinsignioribusatqueillustrioribusluisse
1042 656 1079 713 ab
1095 672 1195 713 earum
1212 658 1350 731 martyrio
1377 659 1484 715 saculo
1508 658 1651 715 duntaxat
1674 659 1783 734 elapso,
1800 663 1870 720 Per·

162 745 340 815 martyribus
370 743 545 813 edificatam
582 749 633 801 aut
661 743 765 801 saltem
794 743 986 800 celebriorum
1041 748 1162 817 petuam
1173 749 1202 802 st
1212 745 1392 803 Felicitatem
1404 748 1618 821 precipuarum
1629 754 1792 823 martyrum
1804 751 1870 809 loco

160 837 248 905 atque
258 832 454 906 insigniorum
471 838 631 907 martyrum
645 831 760 907 λείψανα
773 832 802 889 in
813 832 986 890 celebriores
1042 833 1169 904 habitas,
1191 839 1220 891 et
1242 836 1278 892 ad
1300 853 1400 893 earum
1424 837 1582 894 memorias
1607 836 1869 912 Carthaginensem

159 926 188 978 et
202 920 379 995 insigniores
394 922 532 980 basilicas
547 923 639 980 luisse
653 922 806 979 translata.
821 920 987 979 Praesertim
1042 925 1184 997 populum
1200 925 1475 998 frequentissimum
1496 927 1690 985 concurrisse.

157 1026 226 1068 vero
241 1012 368 1083 majores
382 1011 509 1070 ecclesie
529 1017 562 1068 ut
586 1011 801 1086 praecipuorum
822 1013 985 1084 martyrum
1076 1011 1214 1071 Vidimus
1235 1016 1382 1088 quomodo
1405 1032 1440 1072 ex
1462 996 1630 1073 nostrarum
1653 1020 1816 1091 martyrum
1833 1018 1865 1076 in

160 1097 986 1175 reliquiisdecorarentur,curaspiscoporumluittidque
1042 1101 1184 1175 majorem
1200 1104 1354 1162 ecclesiam
1387 1104 1649 1178 Carthaginensem
1675 1105 1869 1165 translatione

162 1190 507 1264 tumproptermajorem
525 1192 658 1264 ipsorum
678 1188 985 1264 martyrumgloriam,
1042 1191 1139 1249 cultus
1147 1209 1248 1251 earum
1259 1194 1412 1251 celebritas
1421 1198 1451 1251 et
1462 1194 1621 1268 antiquitas
1630 1195 1867 1255 demonstretur:

161 1280 225 1334 tum
242 1285 361 1353 propter
371 1281 560 1338 ecclesiarum
573 1280 771 1352 splendorem,
783 1285 847 1336 tum
858 1277 986 1350 denique
1041 1280 1200 1338 videndum
1231 1287 1365 1356 superest
1394 1300 1482 1355 quam
1512 1280 1676 1340 luculenter
1702 1300 1736 1340 ex
1762 1285 1868 1342 eodem

68 1370 70 1376 ’
160 1368 231 1440 quia
246 1369 427 1441 frequentior
441 1373 502 1427 erat
517 1369 682 1428 christiana
693 1369 787 1443 plebis
799 1368 835 1425 ad
847 1366 985 1424 matrices
1041 1367 1185 1443 principio
1199 1365 1301 1429 earum
1316 1372 1488 1429 orthodoxia
1510 1373 1709 1430 confirmetur.
1725 1373 1866 1448 Ecclesia,

159 1457 298 1515 ecclesias
311 1476 482 1526 concursus,
494 1464 583 1532 atque
594 1462 626 1515 ut
636 1475 669 1516 eo
690 1457 779 1515 etiam
801 1453 985 1529 frequentius
1041 1457 1158 1529 domus,
1174 1460 1315 1517 cathedra
1329 1467 1358 1517 et
1373 1460 1464 1517 altare
1479 1461 1508 1516 in
1524 1460 1627 1534 primis
1642 1461 1782 1534 episcopi,
1798 1478 1867 1519 can-

159 1547 372 1621 praecipuorum
388 1551 550 1622 martyrum
565 1548 717 1606 devotione
736 1545 842 1603 allecta
857 1543 984 1600 conflua·
1040 1550 1120 1604 trum
1136 1553 1230 1621 erant,
1246 1555 1279 1607 ut
1299 1555 1382 1606 notat
1403 1548 1625 1606 illustrissimus
1648 1550 1704 1622 (18)
1728 1550 1866 1623 albaspi-

160 1639 214 1691 ret.
230 1635 304 1693 Cum
318 1637 409 1710 igitur
423 1637 572 1712 Perpetua
591 1641 620 1694 et
643 1634 800 1693 Felicitatis
815 1649 938 1707 corpora
952 1630 983 1686 in
1040 1652 1125 1708 neus,
1152 1637 1356 1695 ecclesiastica
1384 1638 1610 1695 communionis.
1646 1638 1686 1695 Co
1720 1638 1867 1697 catholica

159 1727 303 1798 majorem
329 1726 481 1785 aeclesiam
506 1727 765 1800 Carthaginensem
787 1723 868 1781 illata
893 1721 984 1778 luisse
1039 1724 1122 1798 plebs
1151 1727 1390 1800 frequentissima
1418 1727 1593 1794 conlluehat,
1623 1726 1691 1783 inde
1718 1727 1863 1801 populum

158 1830 193 1871 ex
205 1815 321 1874 Victore
336 1818 386 1874 CO
400 1816 515 1874 Vitensi
531 1816 714 1884 habeamus;
734 1813 806 1887 quin
821 1813 898 1869 inter
913 1809 981 1866 illu·
998 1846 1023 1913 B
1038 1815 1194 1888 episcopus
1210 1815 1424 1888 alloquebatur,
1440 1815 1481 1871 ibi
1497 1832 1597 1888 preces
1616 1830 1716 1872 aarum
1732 1821 1761 1873 et
1776 1816 1862 1873 obla.

157 1905 278 1962 striores
294 1911 449 1980 martyres,
465 1910 623 1978 antequam
633 1921 666 1962 eo
676 1903 864 1973 inferrentur,
876 1899 985 1957 luerint
1039 1902 1134 1961 tiones
1149 1907 1178 1961 ot
1191 1909 1258 1960 vota
1272 1905 1460 1978 suscipiebat.
1477 1904 1530 1960 Hic
1544 1904 1862 1974 eratlocusorationis.

156 1999 316 2052 numerata
333 1995 481 2069 ambigere
494 2010 554 2050 non
570 1994 723 2050 dehemus.
1039 1991 1087 2048 blc
1097 1992 1179 2051 locus
1189 1999 1449 2062 sacramentorum,
1462 1992 1510 2049 hic
1527 1993 1712 2065 itidenique
1722 1993 1864 2053 solemnis

191 2080 248 2141 Sed
260 2083 463 2158 translationis
469 2087 598 2158 tempus,
610 2082 686 2139 atde
698 2078 796 2138 cultus
808 2077 984 2151 antiquitate
1040 2083 1177 2138 sacrificii
1193 2082 1285 2140 locus.
1303 2086 1410 2139 Cetera
1433 2082 1546 2150 altaria,
1572 2086 1605 2138 ut
1626 2082 1704 2139 idem
1727 2083 1864 2141 observat

157 2172 246 2230 etiam
261 2177 385 2241 constet,
400 2172 564 2230 eruendum
579 2175 636 2228 est.
657 2175 742 2226 Anno
758 2184 855 2238 cccxc,
872 2184 930 2242 quo
942 2183 984 2224 so·
1039 2171 1246 2245 Albaspineus,
1263 2174 1294 2228 in
1309 2170 1475 2229 subsidium
1488 2171 1705 2228 communionis
1715 2175 1864 2230 exstructa

161 2259 291 2319 cundum
320 2261 476 2319 concilium
509 2259 739 2334 Carthaginense
766 2257 900 2316 habitum
928 2259 982 2329 ast,
1039 2266 1119 2330 sunt,
1145 2262 1241 2333 cujus,
1267 2265 1301 2318 ut
1323 2261 1435 2317 dictum
1459 2265 1514 2329 est,
1539 2263 1672 2316 contram
1697 2259 1865 2318 ecclesiast

161 2351 256 2424 major
265 2350 388 2409 ecclesia
398 2349 636 2425 carthaginensis
646 2366 681 2407 ex
695 2350 844 2422 Perpetoas
854 2345 983 2414 nomine,
1040 2350 1131 2407 altare
1141 2351 1269 2423 episcopi
1280 2351 1473 2408 habebantur.
1487 2350 1519 2407 ln
1532 2349 1587 2406 hoc
1597 2348 1683 2407 altari
1697 2365 1786 2423 quam
1800 2350 1863 2406 Fre-

159 2434 984 2514 utvidimus,nnncupabatur.Foigiturannoantiquio·
1041 2445 1164 2512 quentes
1188 2439 1327 2496 Catholici
1351 2439 1618 2505 communicabant,
1644 2443 1703 2494 tarn
1727 2439 1764 2495 ad
1788 2437 1862 2494 illud

157 2544 220 2586 rom
231 2535 358 2588 statuere
368 2531 510 2588 debemus
525 2545 675 2585 sacrarum
688 2528 845 2601 pignorum
855 2522 983 2581 transla·
1037 2519 1238 2585 schismaticis
1251 2533 1280 2586 et
1294 2529 1438 2584 hereticis
1454 2527 1554 2585 nullus
1575 2526 1799 2600 permittebatur
1813 2542 1861 2584 ae-

158 2617 278 2676 tionem.
291 2620 352 2676 Sub
369 2619 483 2675 Liberio
495 2617 710 2674 Bucherianum
724 2614 935 2684 calendarium,
952 2615 986 2667 ut
1040 2633 1162 2673 cessus:
1178 2618 1237 2674 imo
1252 2617 1331 2686 inde,
1342 2617 1369 2672 vi
1381 2617 1468 2673 etiarn
1481 2616 1622 2684 adhibita,
1632 2616 1864 2673 extrudebantur

159 2707 300 2779 diximus,
315 2708 523 2766 concinnatum
539 2711 592 2764 ast.
611 2707 643 2762 ln
659 2721 703 2774 eo,
721 2709 753 2761 ul
766 2703 834 2761 etin
846 2701 984 2760 omnibus
1040 2708 1089 2778 qni
1100 2706 1237 2762 licclesira
1248 2705 1396 2762 catholica
1412 2705 1618 2761 communione
1628 2704 1814 2776 excidissent,
1827 2721 1864 2761 ne

160 2797 386 2872 martyrologiis,
398 2798 548 2870 Perpetua
562 2800 591 2852 et
606 2793 766 2851 Felicitatis
777 2794 883 2850 lestum
893 2789 984 2848 Nonis
1040 2794 1124 2861 sorta,
1141 2794 1177 2850 ob
1191 2794 1248 2850 loci
1263 2794 1450 2851 sanctitatem
1465 2799 1494 2850 et
1517 2793 1741 2866 amplitudinem
1758 2795 1788 2850 in
1803 2810 1862 2866 quo

159 2885 273 2944 Martiis
288 2888 489 2960 consignatur.
507 2887 589 2942 Fano
605 2888 776 2940 autemnon
792 2897 893 2939 earum
908 2894 985 2935 mar·
1038 2887 1151 2940 veteres
1166 2882 1316 2940 catholice
1341 2882 1557 2939 communionis
1581 2898 1676 2939 arcem
1701 2883 1863 2940 constitue·

159 2975 237 3048 tyrii,
253 2977 304 3033 sad
319 2975 521 3034 translationis
537 2990 601 3031 esse
625 2972 714 3043 diem,
738 2971 780 3028 Cl.
805 2969 913 3044 Pagius
929 2968 984 3025 hoc
1039 2977 1116 3041 rant,
1133 2989 1185 3045 pro
1209 2971 1364 3029 Catholicis
1387 2971 1575 3029 haberentur.
1599 2973 1695 3044 Hujus
1718 2971 1760 3028 rei
1774 2988 1864 3045 argu·

160 3069 333 3138 argumento
349 3064 455 3138 probat
469 3064 535 3136 (16).
562 3061 657 3118 Passa
683 3064 753 3118 sunt
772 3060 822 3116 SS.
840 3062 984 3130 martyras
1040 3064 1139 3118 mento
1155 3061 1185 3117 id
1201 3077 1266 3119 esse
1280 3064 1385 3134 potest,
1402 3060 1480 3133 quod
1499 3060 1535 3116 de
1557 3059 1646 3116 Paulo
1672 3061 1863 3117 samosateno

161 3152 288 3224 quodie
312 3151 408 3208 natale
432 3151 510 3207 Getas
533 3150 654 3206 Caesaris
679 3149 847 3205 colebatur:
873 3149 984 3203 Munere
1041 3154 1141 3207 narrat
1153 3151 1318 3217 Eusebius;
1335 3149 1480 3206 netarium
1504 3149 1615 3205 scilicet
1638 3149 1864 3206 heresiarcham

160 3243 297 3297 castrensi
307 3257 416 3298 eramus
433 3240 601 3314 pugnaturi.
626 3238 724 3294 liotole
747 3243 813 3293 lune
837 3235 906 3293 Gela
932 3216 1024 3295 Cat-G
1041 3238 1186 3295 sententia
1201 3238 1304 3312 synodi
1320 3241 1550 3308 exauctoratum,
1567 3241 1596 3293 et
1611 3237 1789 3294 Antiocheno
1804 3239 1866 3310 epi·

162 3331 243 3388 soris.
264 3332 300 3388 Et
314 3330 410 3387 inira:
427 3329 498 3400 Quid
513 3330 609 3401 atique
632 3344 690 3385 nou
710 3327 851 3400 permittis
870 3327 985 3398 resripe·
1040 3331 1162 3400 scopatu
1178 3327 1333 3398 dejectum,
1354 3327 1451 3396 domo,
1475 3326 1543 3382 sede
1566 3329 1596 3382 et
1615 3326 1738 3382 ecclesia
1751 3325 1865 3399 episce-

162 3437 226 3478 rare
239 3422 333 3478 noxiis
346 3420 540 3486 nobilissimis,
562 3418 682 3475 Cetaria
705 3417 820 3486 seilicet,
846 3418 874 3472 et
895 3414 987 3471 natali
1041 3416 1100 3490 pali
1114 3415 1264 3472 exturbari
1279 3416 1450 3486 neutiquam
1466 3414 1607 3486 potuisse,
1623 3415 1754 3486 quandiu
1774 3415 1865 3472 Zeno·

162 3512 286 3582 ejrasrtem
298 3511 485 3582 papnatarr's?
497 3510 534 3564 m
547 3506 577 3562 in
602 3508 679 3563 diem
706 3507 862 3580 septimam
877 3505 985 3576 Martii,
1040 3504 1097 3576 bia,
1114 3505 1199 3576 cujus
1215 3503 1263 3561 illo
1277 3504 1375 3560 lavore
1390 3507 1418 3559 et
1429 3502 1523 3576 gratia
1546 3505 1694 3571 utebatur,
1717 3518 1816 3559 rerum
1831 3503 1864 3560 in

160 3614 256 3671 neque
271 3598 387 3672 imperii
401 3596 534 3669 Cesarei,
554 3611 650 3668 neque
673 3595 751 3652 Getes
773 3595 869 3652 natale
884 3594 985 3668 genui·
1040 3593 1157 3650 Oriente
1176 3594 1269 3668 potita
1291 3598 1345 3649 est.
1370 3593 1483 3649 Tandiu
1506 3592 1585 3648 enim
1609 3607 1641 3649 se
1663 3608 1715 3665 pro
1731 3591 1864 3666 legitimo

159 3682 984 3757 numinoidebat.NatusenimGeta,testeSpartiano(l7),
1040 3683 1179 3756 episcopo
1208 3683 1378 3739 habendum
1413 3681 1602 3753 existimavit,
1630 3687 1659 3737 et
1686 3680 1864 3738 catholicam

157 3778 234 3831 seete
248 3773 729 3833 Kalendaslunias:Casareavero
749 3772 891 3846 dignitate
908 3787 985 3827 anno
1039 3771 1156 3845 plebem
1171 3772 1227 3828 sibi
1241 3773 1366 3828 retinere
1387 3787 1472 3843 posse
1496 3771 1630 3838 credidit,
1651 3771 1792 3843 quamdiu
1808 3771 1860 3828 do·

157 3879 273 3933 cxcvru,
287 3881 346 3924 non
363 3870 430 3921 ante
445 3863 524 3921 diem
537 3880 590 3921 xur
609 3861 717 3935 Aprilis
732 3866 854 3918 ornatus
870 3865 935 3917 ast:
952 3863 987 3917 Bt
1041 3878 1135 3931 mum,
1151 3861 1331 3928 cathedram,
1347 3860 1499 3917 basilicam
1513 3864 1542 3916 et
1555 3860 1647 3917 altare
1657 3864 1822 3933 occuparet,
1833 3859 1865 3916 in

158 3957 231 4011 ratio
244 3960 297 4024 est,
312 3955 408 4026 inquit
423 3953 542 4027 Pagius,
558 3953 634 4025 qaia,
651 3955 681 4008 ut
694 3967 760 4009 moe
779 3952 869 4009 uisuri
878 3966 985 4018 sumas,
1041 3967 1100 4023 quo
1121 3952 1245 4022 majores
1258 3951 1305 4007 sui
1322 3951 1432 4023 sedere,
1447 3950 1563 4023 plebem
1578 3948 1725 4023 colligam,
1740 3947 1865 4006 oblatio·

163 4043 308 4101 Caracallo
320 4051 382 4117 post
403 4059 466 4099 eum
489 4041 563 4098 diem
586 4041 765 4098 tribunitiam
787 4045 947 4113 potestatem
960 4047 988 4096 et
1042 4056 1094 4099 nes
1122 4045 1152 4097 et
1179 4045 1245 4097 vota
1273 4039 1373 4113 populi
1401 4040 1563 4113 suscipere,
1592 4044 1621 4096 at
1648 4036 1793 4096 sacrificia
1806 4037 1865 4096 Deo

165 4142 328 4206 augusteam
350 4133 513 4206 dignitatem
535 4147 553 4188 o
573 4137 657 4205 patre
680 4130 819 4194 obtinuit;
843 4134 872 4187 et
887 4127 987 4185 verisi-
1042 4131 1144 4187 ollerra
1159 4133 1380 4186 consueverant.
1396 4126 1537 4184 Catholici
1556 4144 1623 4185 vero
1637 4127 1767 4200 episcopi
1782 4125 1865 4185 omni

166 4223 236 4280 mile
250 4238 308 4279 non
324 4229 368 4279 est
381 4222 485 4279 Getam
499 4221 635 4277 minorem
653 4219 745 4291 filium
766 4221 846 4293 prius
869 4235 887 4274 a
910 4227 989 4291 patre
1043 4235 1098 4292 ope
1113 4222 1142 4274 et
1155 4222 1262 4274 conatu
1277 4221 1400 4291 egerunt
1415 4221 1457 4287 ut,
1478 4217 1660 4291 nequissimo
1683 4215 1803 4274 bomine
1817 4232 1867 4273 sx-

164 4312 534 4384 Aupustumnuneapotum.
562 4310 681 4381 Fbaqae
704 4309 794 4380 itaque
816 4309 988 4380 rtuncupolio
1044 4306 1140 4382 pulso,
1156 4306 1297 4377 Domnus,
1312 4306 1363 4380 qui
1384 4306 1411 4363 ei
1435 4307 1530 4363 luerat
1550 4307 1738 4380 subrogatus,
1753 4306 1868 4378 episco-

164 4401 206 4457 cel
221 4404 314 4458 eodem
327 4405 445 4475 tempere
464 4403 528 4474 post
549 4413 672 4455 mensem
695 4396 824 4456 Fortium
846 4400 932 4469 facta,
947 4397 990 4454 vel
1042 4396 1140 4470 palem
1156 4396 1309 4454 basilicam
1326 4396 1479 4463 obtineret,
1493 4401 1522 4453 et
1536 4395 1567 4451 in
1592 4397 1782 4452 decessorum
1797 4409 1868 4452 suo·

166 4489 314 4546 Caracalla
326 4493 405 4563 prius
418 4490 506 4546 didus
529 4489 667 4558 Augustus
692 4503 775 4560 quom
800 4485 865 4544 Gelo
885 4486 988 4545 Caesor.
1044 4504 1110 4544 rum
1128 4488 1195 4544 sede
1210 4487 1408 4559 cathedraque
1423 4484 1626 4543 collocaretur.
1642 4485 1723 4550 Quod
1734 4483 1868 4558 quidam,

166 4577 259 4646 Quare
271 4587 372 4635 sancte
390 4580 527 4651 Perpetua
548 4579 574 4633 et
600 4575 725 4633 Felicitas
747 4576 803 4634 olio
826 4576 881 4644 die,
905 4593 989 4650 quam
1005 4589 1029 4656 p
1045 4577 1198 4652 prolligata
1208 4576 1344 4647 Zenobia,
1353 4575 1501 4632 Aureliani
1513 4591 1567 4648 ope
1575 4575 1736 4648 perlectum
1745 4577 1798 4645 est,
1807 4573 1867 4644 qui,

166 4681 218 4738 quo
243 4683 329 4740 posse
354 4670 429 4733 sunt,
458 4667 488 4723 in
515 4666 725 4740 martyrolooiis
750 4666 888 4723 coluntur.
915 4666 990 4735 Quod
1044 4668 1132 4725 utait
1146 4665 1288 4723 Eusebius
1304 4665 1373 4738 (19),
1389 4665 1424 4720 ab
1447 4665 1580 4736 episeopis
1604 4662 1806 4736 interpellatus,
1822 4676 1867 4719 re·

164 4769 222 4810 non
235 4770 300 4810 roro
313 4756 454 4823 occidisse,
471 4756 578 4827 possim
602 4756 633 4812 in
656 4754 707 4812 boc
730 4770 809 4828 opere
833 4756 989 4813 obserati·
1043 4759 1164 4814 ctissime
1185 4755 1234 4811 boc
1255 4755 1394 4825 nepotium
1412 4752 1587 4825 dijudicavit,
1611 4754 1647 4808 iis
1672 4752 1783 4809 domum
1805 4749 1872 4807 dori

165 4861 227 4901 mas
241 4843 350 4917 dieque
366 4845 483 4917 septimo
505 4843 602 4901 llnrtii
622 4843 678 4900 dies
700 4851 815 4917 estque
841 4844 989 4921 Cortbopi·
1043 4848 1206 4920 precipiens
1220 4844 1319 4916 quibus
1343 4843 1434 4899 italici
1455 4843 1613 4899 christiane
1637 4842 1781 4912 religiensis
1795 4843 1870 4896 onti-

166 4948 229 4991 nem
243 4934 479 5006 earamrettquie
492 4935 585 5005 postea
602 4933 756 5001 translate,
779 4948 834 4991 non
856 4951 918 4991 vcro
932 4935 990 4992 dies
1043 4936 1120 4993 alites
1142 4938 1168 4990 et
1196 4933 1332 4990 Romanus
1359 4918 1500 5005 episeopus
1527 4932 1686 4989 conterent.
1716 4932 1785 4997 Qua
1800 4945 1870 4986 cum

167 5024 305 5081 obitualis.
321 5023 394 5080 Cum
414 5023 514 5096 itaque
537 5023 633 5079 medio
658 5023 763 5079 seculo
786 5027 891 5095 quarto
906 5024 989 5081 Libe·
1043 5025 1085 5080 ita
1099 5024 1168 5095 sint,
1185 5038 1298 5093 omnes,
1314 5026 1395 5095 puto,
1411 5022 1467 5078 hoc
1482 5024 1655 5094 argumento
1666 5017 1751 5074 lacile
1763 5016 1871 5074 intelli·

167 5111 990 5187 riussederecoeperit,hootemporesacratumreliquia·
1043 5117 1117 5187 gunt
1132 5129 1221 5186 quam
1240 5113 1298 5168 lixa
1316 5109 1405 5167 luerit
1423 5111 1501 5184 apud
1520 5113 1632 5167 veteres
1654 5112 1793 5165 constans
1809 5122 1871 5164 cer-

167 5218 234 5258 rum
250 5204 344 5261 luerat
366 5207 483 5277 peracta
505 5200 679 5258 translatio:
705 5201 836 5275 adeoque
860 5205 990 5260 statuere
1043 5207 1133 5276 taque
1147 5200 1302 5268 sententia,
1316 5203 1459 5272 martyres
1474 5204 1592 5256 nostras
1604 5199 1633 5254 in
1650 5196 1784 5254 licclesie
1796 5211 1871 5268 pace

163 5290 232 5362 jure
258 5292 367 5365 optimo
397 5306 569 5365 possumus,
597 5305 662 5348 eam
690 5288 914 5349 translationem
929 5307 988 5347 non
1044 5298 1073 5350 et
1087 5291 1294 5349 communione
1309 5289 1427 5358 obiisse,
1444 5289 1515 5346 dum
1530 5305 1564 5346 eo
1590 5288 1720 5360 ipsorum
1744 5299 1871 5357 corpora

206 5450 264 5523 (16)
279 5454 360 5509 Ᾱῦΰθ
376 5453 438 5522 198,
455 5470 528 5511 num
545 5469 577 5514 v.
1043 5452 1106 5530 περὶ
1129 5454 1177 5508 τοῦ
1200 5449 1335 5528 πρακτέου
1360 5445 1503 5528 διείληφε.
1528 5447 1636 5509 τούτοις
1659 5449 1751 5519 νεῖμαι
1784 5462 1870 5520 προο-

217 5522 263 5596 17)
279 5528 311 5579 ¹¹¹
327 5523 403 5594 ⁶01⁰»
419 5540 484 5598 ⁰³9·
500 5526 526 5582 3·
875 5586 890 5593 ,,
939 5520 944 5531 ’
1042 5525 1145 5582 τάττων
1170 5524 1215 5579 τὸν
1241 5521 1327 5592 οἶκον,
1352 5519 1392 5582 οἶς
1417 5519 1448 5576 lb
1472 5523 1498 5576 ol
1522 5520 1590 5576 uacci
1610 5519 1659 5588 τὴν
1686 5513 1803 5572 Ἰταλίαν
1823 5513 1872 5570 καὶ

217 5595 261 5660 18)
277 5596 308 5651 ln
322 5595 382 5652 Not.
396 5597 434 5652 ad
448 5600 546 5670 optet„
569 5593 621 5651 lib.
645 5611 655 5650 1
678 5592 783 5650 adema
807 5593 987 5655 Parmenion.
1042 5598 1093 5668 τὴν
1108 5593 1249 5669 Ῥωμαίων
1266 5590 1346 5648 πόλιν
1364 5589 1507 5649 ἐπίσκοποι
1521 5596 1570 5648 τοῦ
1585 5587 1722 5668 δόγματος
1746 5585 1870 5644 inimii-

217 5666 260 5741 19)
274 5663 405 5732 uocatas
447 5664 596 5744 ἐντευχθεὶς
637 5662 810 5741 Δύρηλιιινὸς
842 5663 989 5726 αἰτιώτατοι
1044 5668 1129 5728 λοιιν.
1147 5665 1529 5757 Lih.v11llisl3decl.,eap.
1546 5666 1591 5723 30.
