3892 6104
113 329 169 388 rer
220 287 223 295 ’
581 388 587 396 ,
769 321 818 378 nu
840 316 993 378 uruucu
1015 316 1188 378 ocravro
1761 308 1823 368 aaa

112 457 265 530 (Athenag.
283 454 439 525 taenareo
473 454 634 520 Christian„
664 468 729 524 pag,
757 452 806 523 7);
838 447 1043 515 crnnlaAalii
1059 449 1215 504 breviores.
1233 443 1359 518 Etpaulo
1373 441 1752 516 postsubjungit2Revera
1771 455 1825 495 au·

112 561 181 602 vere
196 544 227 600 in
241 543 369 614 quedam
380 559 502 615 eperum
526 539 672 598 Ciceronis
702 541 864 612 fragmento
894 537 937 593 sic
992 528 1743 606 temesteorum,quaeterrametcoelumobeunt,
1771 527 1826 582 im·

115 632 218 689 Latine
233 633 348 689 reddita
362 631 536 688 exhibentur
552 647 559 686 :
573 630 734 694 allaeovos,
748 627 799 701 qui
814 627 938 683 deorum
993 626 1127 697 mutatio,
1143 628 1172 681 et
1188 622 1238 696 qui
1253 626 1319 696 post
1335 621 1423 695 longe
1437 619 1591 693 interualla
1615 634 1731 688 eorum,
1763 633 1826 689 que

116 727 183 779 satu
212 720 267 777 orti
292 720 373 791 estis,
400 720 550 775 attendite.
578 721 708 786 Quorum
738 731 862 788 eperum
886 728 939 788 ego
994 717 1064 770 sunt
1078 713 1108 771 in
1122 719 1210 781 terra,
1226 711 1318 768 multo
1333 710 1400 784 igne
1416 710 1450 766 tit
1464 709 1613 774 interitus,
1627 707 1740 764 Deinde
1755 705 1827 762 sub·

116 825 222 882 parens
236 809 410 881 effectorque
425 825 503 877 sum,
520 824 583 880 quas
613 823 664 880 per
683 822 729 862 me
755 805 831 862 sacta
859 805 938 869 sunt,
990 802 1134 876 jungitde
1146 800 1255 857 diluvio
1273 817 1280 856 ε
1296 799 1417 864 Quando
1434 803 1532 856 autem
1549 795 1702 854 rursusdii
1714 803 1825 850 terram

117 896 430 968 nonsuntdissoluta,
452 913 498 953 me
528 895 628 966 invito,
655 910 824 966 quanquam
854 908 941 950 omne
995 891 1080 964 aquis
1105 895 1301 964 expurgantes
1327 888 1552 960 inundant,qui
1576 883 1825 958 suntquidemin

77 1040 82 1044 .
117 986 289 1058 colligatum
317 984 389 1043 solvi
418 989 535 1058 potest3
559 985 610 1041 sed
626 982 857 1055 haudquaquam
872 979 941 1039 boni
996 978 1279 1037 mentibusbubulci
1296 981 1325 1034 et
1344 982 1474 1051 pastores
1499 979 1735 1033 conservantur:
1773 970 1826 1044 qui

117 1079 172 1144 ast,
185 1075 297 1131 ratione
310 1075 441 1131 vinetum
457 1072 529 1130 velle
543 1071 711 1131 dissolvere.
729 1071 785 1128 Sed
801 1085 942 1143 quoniam
997 1075 1094 1126 autem
1109 1072 1179 1125 sunt
1194 1066 1282 1139 iniis,
1299 1083 1361 1139 que
1376 1070 1447 1123 sunt
1458 1067 1537 1140 apud
1552 1082 1606 1123 nos
1622 1063 1761 1132 urbibus,
1794 1077 1826 1117 rn

117 1164 174 1220 orti
189 1163 272 1233 estis,
285 1162 466 1221 immortales
480 1179 531 1220 vos
545 1161 665 1234 quidem
687 1176 752 1218 esse
766 1165 796 1216 et
818 1160 943 1216 indisso·
997 1174 1077 1215 mare
1090 1157 1256 1215 feruntura
1283 1154 1381 1213 fluviis
1397 1154 1543 1229 (Clemens
1571 1153 1713 1212 Alexand.
1742 1149 1795 1208 lib.
1813 1165 1830 1206 ν

117 1252 226 1310 lubiles
243 1269 300 1308 non
317 1253 438 1326 potestis
455 1271 463 1322 ς
479 1252 642 1324 neutiquan
671 1254 769 1307 tamen
800 1247 944 1305 dissolve·
997 1247 1096 1304 Strom.
1113 1262 1179 1320 pag.
1191 1244 1414 1317 549etseqq.).s

119 1340 203 1411 mini,
219 1358 272 1398 nec
287 1358 339 1398 ves
356 1340 416 1397 ulle
431 1340 535 1397 mertis
547 1340 607 1397 lata
629 1339 783 1413 periment,
795 1354 848 1394 nec
863 1337 943 1394 fraus
1032 1336 1179 1408 Perpende
1190 1338 1300 1402 autem,
1314 1334 1445 1402 obsecro,
1456 1336 1557 1390 utrum
1567 1331 1718 1390 Minucius
1729 1331 1830 1386 noster

121 1428 273 1499 valentior,
291 1446 381 1503 quem
396 1429 552 1488 consilium
569 1445 678 1496 meum,
695 1427 773 1502 qued
792 1427 887 1498 majus
900 1427 945 1482 est
997 1424 1123 1481 adhunc
1138 1421 1493 1482 ClementisAlexandrini
1505 1421 1604 1479 locum
1615 1418 1830 1487 collimarent,

119 1518 270 1575 vinculum
287 1519 323 1574 ad
336 1518 571 1590 perpetuitatem,
587 1534 677 1589 quarn
689 1514 857 1588 illaquibus
872 1513 945 1571 estis
998 1518 1086 1586 atque
1101 1530 1134 1569 ex
1151 1512 1238 1570 dictis
1257 1512 1278 1568 ii
1294 1511 1443 1569 conciliari
1458 1511 1535 1568 inter
1549 1528 1581 1569 se
1605 1511 1733 1586 possint,
1763 1508 1827 1582 qui,

116 1610 194 1675 tum,
210 1624 276 1662 eum
293 1606 502 1679 gignebamini,
515 1604 642 1678 colligati
654 1604 756 1678 (Cicer.
768 1603 945 1662 lineatim·-
1000 1602 1088 1660 sicuti
1104 1601 1272 1660 Lactantius
1298 1602 1361 1675 (lib.
1391 1619 1431 1657 vu
1457 1603 1590 1669 tussitat,
1618 1617 1684 1674 cap.
1717 1601 1826 1671 l,pag.

117 1711 189 1751 vers.
207 1695 354 1768 Append,
370 1712 437 1769 pag.
448 1694 494 1764 29,
509 1693 563 1750 lin.
579 1695 596 1749 6
611 1699 638 1749 et
651 1693 748 1766 seqq).
768 1714 783 1745 ν
929 1761 932 1765 ι
998 1693 1051 1749 656
1072 1710 1080 1763 ;
1095 1696 1124 1748 et
1135 1708 1198 1764 cap.
1212 1693 1239 1760 3,
1252 1708 1319 1765 pag.
1330 1691 1406 1766 656),
1422 1691 1524 1747 dicunt
1534 1690 1683 1747 Platonem
1695 1688 1832 1746 docuisse

152 1786 190 1841 At
204 1784 235 1840 hi
252 1801 309 1843 non
326 1784 472 1858 explicant
488 1788 587 1840 utrum
601 1783 682 1840 Plato
698 1782 846 1840 censuerit
861 1798 945 1838 mun·
1000 1780 1145 1837 mundum
1160 1779 1190 1837 in
1207 1785 1348 1838 aternum
1363 1795 1429 1837 esse
1444 1796 1629 1848 mansurum,
1641 1776 1699 1848 vai,
1716 1785 1749 1835 ut
1766 1781 1831 1854 Epi·

119 1873 191 1929 dum
205 1871 327 1930 alternis
342 1873 455 1930 vicibus
470 1873 537 1947 igne
550 1875 579 1929 et
594 1889 672 1946 aque
686 1871 945 1945 corrumpendum.
1001 1869 1130 1944 phanius
1143 1870 1204 1943 (lib.
1224 1887 1233 1925 ι
1249 1869 1310 1926 cdo.
1326 1871 1427 1927 riores.
1444 1885 1511 1944 pag.
1529 1869 1574 1941 12,
1588 1870 1727 1941 ο111αροε.
1759 1871 1829 1942 Fid,

120 1960 256 2019 Clemens
279 1978 349 2018 varo
368 1961 584 2019 Alexandrinus
594 1960 668 2018 illud
685 1960 766 2017 hisce
789 1959 947 2017 edisseruit
1001 1975 1068 2033 pag.
1086 1959 1177 2031 1688),
1192 1957 1277 2016 illum
1291 1975 1356 2016 esse
1371 1957 1550 2032 corruptioni
1565 1957 1735 2025 obnoxium,
1753 1960 1828 2018 416

118 2050 236 2107 verbis:
262 2050 290 2103 ‘0
315 2046 344 2105 δὲ
366 2047 481 2104 Πλάτων
506 2049 556 2119 τὴν
571 2053 622 2126 γῆν
639 2047 752 2125 χρόνοις
766 2045 820 2102 τισὶ
836 2043 881 2102 διὰ
893 2066 945 2101 το-
1001 2050 1207 2120 cumtempore
1236 2047 1415 2105 dissolutum
1431 2047 1476 2104 iri.
1495 2048 1621 2105 Docebat
1634 2047 1716 2105 enim
1731 2047 1825 2118 Plato,

121 2136 169 2213 ρὸς
184 2136 356 2214 καθαίρεσθαι
371 2136 416 2193 καὶ
439 2134 548 2208 ὕδατος,
574 2134 711 2200 dilecte
735 2155 811 2214 φησι·
838 2131 946 2191 uertat
1002 2135 1827 2210 quemadmodumvidimus,mundumsolaDeivoluntate

122 2224 190 2281 κατὰ
209 2223 303 2281 πολλὰ
326 2225 424 2304 φθοραὶ
448 2224 589 2302 γιγόνασιν
606 2225 766 2302 ἀνθρώπων,
781 2223 826 2281 καὶ
841 2219 946 2280 ἔσονται
1002 2224 1232 2295 dissolvendum,
1258 2231 1346 2298 eique
1375 2227 1484 2285 idcirce
1512 2243 1605 2295 exse,
1621 2242 1655 2283 ac
1671 2225 1730 2283 uisi
1756 2228 1827 2284 Deus

122 2312 188 2390 πυρὶ
205 2314 252 2387 μὲν
272 2312 318 2369 καὶ
348 2311 424 2370 ὕδατι
451 2313 583 2392 μέγισται,
610 2312 720 2391 μυρίαις
745 2310 774 2369 δὲ
788 2313 833 2368 καὶ
848 2311 946 2376 ἄλλαις
1001 2314 1098 2383 vellet,
1112 2318 1250 2387 perpetue
1265 2331 1450 2372 mensurum.
1466 2315 1538 2372 Vide
1548 2314 1637 2372 etiam
1650 2332 1689 2371 an
1704 2315 1827 2390 illejure

119 2398 209 2479 lespera
233 2401 411 2480 βραχύτεραι.
437 2404 485 2458 Kal
511 2403 568 2477 μετ’
590 2400 671 2480 ὅλ1να
694 2401 824 2482 ἐπιρὲριι·
853 2402 889 2457 Τὸ
919 2398 948 2457 ib
1002 2403 1105 2461 merite
1125 2402 1774 2478 aCicerone,pauloanteacitate,propterea
1784 2423 1827 2464 ar·

122 2490 235 2563 αληθές,
261 2487 316 2546 ἔστι
341 2495 395 2547 τῶν
421 2491 483 2567 περὶ
506 2497 557 2567 γῆν
579 2490 624 2546 καὶ
648 2492 707 2546 κατ’
722 2491 835 2569 οὐρανὸν
851 2488 946 2547 ἰόντων
1002 2495 1121 2567 guttur,
1136 2492 1214 2564 quod
1232 2494 1376 2549 mundum
1392 2499 1420 2550 el
1435 2497 1532 2550 ertum
1548 2492 1650 2564 fttisse,
1667 2494 1719 2550 sed
1735 2510 1769 2551 eo
1784 2499 1829 2551 11·

121 2578 304 2653 παράλλαξις,
325 2579 370 2635 καὶ
397 2577 441 2635 διὰ
469 2584 578 2657 μακρῶν
602 2579 734 2656 γινομένη
757 2585 810 2636 τῶν
834 2578 878 2636 ἐπὶ
897 2586 948 2657 γῆς
1003 2580 1306 2653 men,qu0dlximua,
1323 2582 1409 2639 modo
1433 2587 1574 2640 aeternum
1590 2582 1651 2639 lore
1672 2583 1827 2656 putaverit.

121 2667 186 2743 πυρὶ
212 2665 311 2741 πολλῷ
338 2669 434 2746 ρθαρὰ.
469 2669 581 2724 Ἔπειτα
602 2668 664 2746 περὶ
691 2672 740 2725 τοῦ
769 2666 947 2742 κατααλομαῦ
1002 2670 1150 2744 Quidquid
1166 2687 1252 2744 porro
1267 2671 1449 2744 pronunties,
1465 2672 1827 2745 negarencnpcterisbli·

122 2753 254 2833 ἐπιλέγει.
287 2757 344 2812 ”οτ’
366 2756 396 2812 tv
417 2754 445 2812 di
469 2756 502 2812 ad
528 2757 583 2813 θεολ
605 2764 656 2834 γῆν
674 2754 751 2813 ὕδατι
767 2756 946 2834 καθαίροντες
1003 2760 1124 2817 nucium
1139 2776 1174 2816 er
1189 2761 1243 2816 hac
1258 2760 1387 2817 Platonis
1398 2761 1582 2834 aliorumque
1596 2761 1754 2818 demundo
1766 2766 1827 2818 tan·

122 2843 346 2917 κατακλύζουσιν,
379 2845 406 2900 el
440 2845 486 2920 μὲν
518 2844 545 2900 ἐν
571 2850 631 2910 τοῖς
660 2840 734 2924 ὄρεσι
770 2843 948 2916 διασώζονται
1003 2850 1070 2906 dem
1086 2850 1263 2907 destruendo
1280 2850 1426 2907 eententis
1439 2851 1516 2908 haud
1533 2851 1661 2907 absurde
1686 2851 1829 2908 conficere

125 2930 255 3009 βουκόλοι
270 2933 316 2989 καλ
342 2937 447 3011 νομεῖς.
464 2935 490 2988 οἱ
506 2932 535 2990 et
550 2932 576 2990 ἐν
591 2939 650 2998 ταῖς
664 2936 727 3011 παρ’
741 2936 808 3009 ἡμῖν
825 2934 948 3007 πόλεσιν,
1003 2938 1135 2996 ethnicos
1152 2956 1209 2995 non
1224 2939 1357 3012 potuisse
1367 2939 1491 2996 inficiari
1502 2956 1604 2997 verum
1614 2939 1831 2996 esseChristie-

122 3019 161 3085 εἷς
175 3023 224 3092 τήν
241 3020 374 3079 θάλατταν
392 3022 443 3079 ὑπὸ
457 3027 511 3080 τῶν
527 3027 657 3098 ποταμῶν
673 3024 809 3102 ρ1ρονται.
826 3049 841 3078 ιι
867 3026 949 3084 Ρλιι1ο
1004 3044 1110 3085 norum
1126 3026 1349 3101 placitumque
1366 3028 1510 3085 mundum
1527 3028 1594 3102 igne
1609 3027 1833 3101 aliquandops·

123 3116 220 3168 autem
250 3118 358 3188 terrem
382 3113 559 3186 quibusdam
585 3115 769 3186 temporibus
804 3115 874 3171 dicit
898 3131 951 3187 per
1005 3116 1534 3175 riturumesserebant.lieilloautem
1543 3116 1831 3190 aliquidnetavimus

122 3199 221 3274 ignem
234 3205 263 3258 et
277 3219 386 3275 aquam
400 3204 552 3277 expurgari
568 3203 623 3260 hoc
639 3204 726 3260 modo
742 3221 750 3260 ι
767 3202 855 3260 Multi
871 3220 947 3278 sepe
965 3198 986 3266 C
1005 3205 1035 3263 in
1050 3206 1200 3280 superiore
1214 3209 1378 3280 Apparatus
1406 3207 1499 3264 nostri
1512 3211 1602 3278 tomo,
1618 3211 1647 3263 et
1662 3206 1693 3262 in
1727 3205 1831 3264 subse·

122 3288 243 3346 luerunt
269 3290 417 3358 interitus,
445 3296 475 3349 et
502 3296 590 3349 erunt
617 3291 684 3366 igne
699 3292 818 3364 quidem
833 3297 951 3367 etaqua
1004 3296 1162 3368 quentibus
1176 3294 1437 3353 dissertationibus
1453 3295 1562 3353 nostris
1578 3294 1676 3352 adhuc
1697 3295 1834 3352 dicemus

124 3378 264 3451 masimi3
281 3381 352 3454 quin
366 3382 455 3440 etiam
469 3380 535 3440 aliis
550 3397 667 3455 quoque
681 3381 949 3442 innumerabilibus
1005 3384 1088 3457 (tom.
1105 3386 1127 3443 1.
1145 3385 1289 3459 Apparet,
1306 3400 1371 3459 pag.
1391 3385 1483 3457 1117).

862 3562 991 3624 CAPUT
1017 3562 1097 3624 Vlll.

125 3689 170 3754 De
198 3690 298 3755 tribus
312 3691 497 3754 execrandis
521 3691 704 3754 criminibus
735 3692 945 3770 infanticidio,
980 3693 1112 3757 comesis
1126 3694 1276 3758 humanis
1290 3696 1450 3771 carnibus,
1477 3701 1508 3758 et
1535 3695 1669 3772 incestu,
1696 3703 1837 3778 quorhnr

572 3773 776 3837 Christiania
792 3775 917 3838 Caecilio
929 3779 962 3838 et
975 3775 1045 3837 aliis
1065 3776 1199 3838 ethnicis
1213 3777 1454 3839 accusabantur.

370 3932 568 3991 ARTICULUS
588 3934 732 3993 PRIMUS.
1038 3937 1106 3994 lam
1122 3937 1241 4011 quidem
1256 3938 1287 3995 in
1297 3938 1448 4012 superiore
1462 3940 1628 4011 Apparatus
1644 3937 1742 3994 nostri
1756 3942 1836 3994 tomo

124 4027 194 4095 Quee
207 4023 329 4095 quatiere
342 4025 428 4096 [uerit
443 4040 476 4080 ec
490 4026 637 4107 mausolio,
654 4025 806 4098 esseillius
828 4027 949 4085 occaec-
1004 4026 1225 4084 observavimus
1240 4044 1257 4083 a
1271 4028 1450 4100 quibusdam
1478 4025 1601 4084 secundi
1618 4016 1758 4083 Ecclesiae
1781 4043 1835 4082 se·

334 4096 571 4167 marapetinum
588 4096 740 4154 (1111111111-
1003 4115 1063 4171 culi
1078 4116 1282 4189 scriptoribus,
1298 4133 1332 4172 ac
1361 4117 1523 4188 prasertim
1553 4113 1671 4173 iustine
1694 4116 1834 4188 Martyre,

158 4199 554 4275 Vidimushactsnusquam
570 4219 645 4258 vano
662 4201 819 4275 inutilique
844 4207 948 4261 conatu
1003 4205 1190 4279 Athenagora
1217 4210 1246 4261 et
1275 4205 1435 4279 Theophilo
1464 4204 1648 4261 Antiocheno
1683 4205 1835 4262 memoris

122 4288 253 4348 Caeeilius
268 4291 415 4365 precipua
441 4291 575 4363 quedam
592 4290 827 4348 Christianorum
856 4293 947 4350 docu-
1003 4293 1165 4367 proditum,
1181 4294 1518 4361 Christianoshcrumee
1534 4292 1694 4350 criminum
1712 4294 1751 4350 ab
1776 4293 1836 4350 eth·

122 4382 222 4434 menta
235 4378 410 4436 labefactare
425 4379 546 4435 molitus
563 4379 612 4443 sit,
627 4395 660 4435 ac
676 4380 785 4451 quibus
800 4379 948 4438 rationum
1003 4383 1078 4439 nicia
1094 4382 1185 4440 luisse
1198 4382 1395 4440 insimulatos.
1411 4384 1467 4440 Sed
1482 4382 1596 4440 etiamsi
1612 4381 1644 4438 hi
1654 4381 1769 4454 aliique
1785 4398 1836 4438 no·

122 4469 280 4524 momentis
296 4468 333 4524 ab
352 4468 479 4536 Octavio,
498 4484 549 4524 seu
579 4467 676 4541 petius
706 4467 833 4526 Minucio
858 4468 949 4526 Felice
965 4477 989 4543 Ι)
1004 4471 1057 4529 stri
1079 4478 1216 4528 auctores
1243 4472 1442 4529 concesserint
1470 4473 1616 4544 quosdam
1632 4470 1836 4537 haereticosa

123 4552 320 4611 stabiliantur.
336 4557 377 4613 Ad
393 4574 443 4614 eae
456 4573 534 4613 nunc
549 4557 701 4614 veniamus
716 4557 948 4628 criminationes,
1005 4559 1091 4617 nobis
1104 4559 1215 4617 ibidem
1230 4564 1356 4630 notatos,
1373 4565 1443 4633 puta
1457 4561 1668 4634 cataphrygas,
1685 4558 1731 4616 vel
1751 4559 1835 4615 Basi-

122 4640 498 4717 quibusCaeciliusaliique
527 4644 636 4700 ethuici
653 4662 753 4703 saeros
780 4648 949 4705 eorumdem
1005 4647 1173 4716 lidem,aut
1194 4649 1399 4720 Carpocratem
1416 4651 1539 4723 ejusque
1567 4652 1743 4717 sectatores,
1786 4652 1837 4704 aut

123 4728 355 4788 Christianorum
372 4734 447 4790 ritus
471 4750 625 4805 moresque
644 4736 849 4794 sanctissimos
875 4754 949 4794 ausu
1005 4736 1167 4804 Gnosticos,
1184 4737 1271 4793 sicuti
1288 4737 1616 4812 Ireneusllibmcduera.
1628 4740 1752 4805 Heres..
1769 4753 1833 4809 cap.

124 4817 210 4889 plane
226 4822 380 4878 temerario
394 4821 537 4878 infamare
548 4822 643 4879 conati
654 4829 734 4881 sunt.
750 4825 883 4881 Primum
897 4842 949 4882 au·
1003 4826 1060 4897 21),
1082 4825 1226 4882 Eusebius
1242 4824 1305 4898 (lib.
1322 4844 1349 4883 ιν
1364 4830 1439 4884 Hist.
1460 4844 1523 4900 cap.
1539 4828 1568 4896 7,
1583 4841 1650 4898 pag.
1663 4825 1741 4898 126),
1771 4824 1835 4897 Epi-

124 4909 321 4966 temCaeciliua
330 4910 511 4968 Christianos
525 4928 627 4968 omnes
637 4913 852 4971 horrendorum
867 4931 949 4987 pror·
1005 4914 1132 4988 phanias
1146 4914 1261 4985 (heres.
1277 4915 1322 4987 26,
1338 4918 1391 4986 55,
1409 4935 1439 4989 p.
1454 4918 1501 4986 87,
1521 4919 1551 4973 et
1566 4914 1670 4970 haeres.
1684 4913 1733 4984 27,
1761 4917 1776 4982 §
1802 4912 1831 4978 3,

123 5013 175 5053 sus
190 4998 360 5069 criminum,
371 5001 402 5057 in
415 4999 576 5074 synaxibus
591 5005 621 5057 et
633 5002 784 5060 nocturnis
793 5021 950 5078 congrega·
1005 5020 1072 5078 pag,
1089 5005 1161 5077 161),
1177 5005 1380 5076 testificantur,
1406 5007 1567 5080 prebuisse
1593 5001 1728 5074 aliquam
1743 5001 1833 5072 hujus

121 5086 251 5144 tionibus
262 5089 605 5154 admissorumaccusat.
620 5091 667 5146 Ait
676 5091 754 5148 enim
765 5108 815 5150 eos
825 5092 950 5150 solemni
1006 5091 1159 5150 calumnie
1173 5093 1371 5163 occasionem;
1390 5095 1488 5165 pelam
1498 5099 1597 5151 tamen
1608 5107 1643 5147 ac
1653 5088 1835 5146 constantis·

122 5178 250 5247 quodam
265 5179 359 5235 diead
375 5180 488 5253 epulas,
504 5181 534 5236 in
551 5180 588 5236 iis
618 5181 769 5237 nocturnis
790 5183 949 5255 synaxibus
1005 5177 1833 5241 simeasssruntlalsissimamessehanccriminatienem.

120 5267 258 5338 agendas,
275 5267 383 5326 alicubi
399 5268 582 5342 congregari.
596 5275 723 5326 Ascenso
737 5275 835 5327 autem
851 5271 891 5328 ibi
903 5271 949 5331 lu·
1005 5271 1080 5337 Quin
1096 5270 1154 5327 imo
1170 5271 1286 5342 publica
1296 5277 1500 5331 contestantur
1513 5270 1649 5330 ethnicos
1675 5283 1834 5343 nunquam

121 5352 408 5415 mineinlantemab
426 5358 482 5432 ipsi
499 5358 950 5434 crudelissimenecari,eesqua
1005 5360 1204 5432 investigasse,
1229 5360 1305 5416 416
1335 5361 1378 5418 rel
1407 5379 1495 5420 ausos
1524 5360 1704 5433 investigare
1732 5363 1835 5415 utrum

121 5441 200 5496 rabie
216 5442 375 5516 plusqu.m
389 5446 656 5504 lerinavesciillius
666 5448 815 5520 carnibus,
832 5454 861 5506 et
875 5450 948 5506 lam·
1004 5465 1072 5505 vera
1086 5454 1183 5504 essent
1196 5447 1835 5518 illaChristianorumcrimina,nel'alsacsse

121 5527 189 5584 bere
205 5533 378 5606 sanguinem
392 5535 561 5593 :exstinctis
572 5538 692 5594 demum
704 5538 828 5608 facibus,
845 5555 949 5596 omnes
1004 5537 1160 5610 aliquando
1175 5544 1376 5612 agnoscerent.
1391 5542 1415 5598 N
1420 5540 1512 5598 ullum
1528 5554 1646 5614 quoque
1669 5536 1835 5610 cariuslibet

120 5617 713 5700 quelibetstupri,adulterii,incestusque
723 5627 832 5686 scelere
844 5629 948 5702 pollui.
1004 5625 1181 5683 conditionis
1195 5624 1356 5700 hominem,
1379 5635 1412 5687 ut
1423 5635 1526 5705 postea
1539 5628 1665 5700 dicetur,
1696 5627 1831 5686 invenire
