<?xml version="1.0" encoding="UTF-8"?>
<!DOCTYPE html PUBLIC "-//W3C//DTD XHTML 1.0 Transitional//EN"
    "http://www.w3.org/TR/xhtml1/DTD/xhtml1-transitional.dtd">
<html xmlns="http://www.w3.org/1999/xhtml" xml:lang="en" lang="en">
 <head>
  <title>
</title>
<meta http-equiv="Content-Type" content="text/html;charset=utf-8" />
  <meta name='ocr-system' content='tesseract 3.04.00' />
  <meta name='ocr-capabilities' content='ocr_page ocr_carea ocr_par ocr_line ocrx_word'/>
</head>
<body>
  <div class='ocr_page' id='page_1' title='image "./patrologiaecurs23goog/patrologiaecurs23goog_0159.png"; bbox 0 0 3892 6104; ppageno 0'>
   <div class='ocr_carea' id='block_1_1' title="bbox 118 295 1826 385">
    <p class='ocr_par' dir='ltr' id='par_1_1' title="bbox 118 295 1826 385">
     <span class='ocr_line' id='line_1_1' title="bbox 118 295 1826 385; baseline -0.002 -21"><span class='ocrx_word' id='word_1_1' title='bbox 118 295 176 381; x_wconf 78' lang='lat' dir='ltr'><strong>err</strong></span> <span class='ocrx_word' id='word_1_2' title='bbox 766 297 808 360; x_wconf 84' lang='lat' dir='ltr'><strong>n.</strong></span> <span class='ocrx_word' id='word_1_3' title='bbox 832 296 1024 385; x_wconf 77' lang='lat' dir='ltr'><strong>ursocius</strong></span> <span class='ocrx_word' id='word_1_4' title='bbox 1045 297 1174 362; x_wconf 82' lang='lat' dir='ltr'><strong>senx.</strong></span> <span class='ocrx_word' id='word_1_5' title='bbox 1763 295 1826 360; x_wconf 81' lang='lat' dir='ltr'><strong>ara</strong></span> 
     </span>
    </p>
   </div>
   <div class='ocr_carea' id='block_1_2' title="bbox 1 426 1826 592">
    <p class='ocr_par' dir='ltr' id='par_1_2' title="bbox 1 426 1826 592">
     <span class='ocr_line' id='line_1_2' title="bbox 1 426 1826 512; baseline -0.005 -19"><span class='ocrx_word' id='word_1_6' title='bbox 1 489 3 512; x_wconf 71' lang='lat'>‚</span> <span class='ocrx_word' id='word_1_7' title='bbox 120 448 154 493; x_wconf 85' lang='lat' dir='ltr'><strong>ee</strong></span> <span class='ocrx_word' id='word_1_8' title='bbox 178 436 342 490; x_wconf 87' lang='lat' dir='ltr'><strong>versaretur</strong></span> <span class='ocrx_word' id='word_1_9' title='bbox 364 431 522 503; x_wconf 90' lang='lat' dir='ltr'><strong>Minucius,</strong></span> <span class='ocrx_word' id='word_1_10' title='bbox 546 445 670 504; x_wconf 83' lang='lat' dir='ltr'><strong>queque</strong></span> <span class='ocrx_word' id='word_1_11' title='bbox 693 428 828 487; x_wconf 72' lang='lat' dir='ltr'><strong>Ecclesiae</strong></span> <span class='ocrx_word' id='word_1_12' title='bbox 855 429 887 486; x_wconf 93' lang='lat' dir='ltr'><strong>in</strong></span> <span class='ocrx_word' id='word_1_13' title='bbox 909 445 944 486; x_wconf 90' lang='lat' dir='ltr'><strong>ea</strong></span> <span class='ocrx_word' id='word_1_14' title='bbox 956 431 985 499; x_wconf 69' lang='grc' dir='ltr'><strong>Α</strong></span> <span class='ocrx_word' id='word_1_15' title='bbox 999 427 1070 501; x_wconf 85' lang='lat' dir='ltr'><strong>quia</strong></span> <span class='ocrx_word' id='word_1_16' title='bbox 1083 427 1122 487; x_wconf 92' lang='lat' dir='ltr'><strong>iis</strong></span> <span class='ocrx_word' id='word_1_17' title='bbox 1142 428 1308 504; x_wconf 90' lang='lat' dir='ltr'><strong>respublica</strong></span> <span class='ocrx_word' id='word_1_18' title='bbox 1326 443 1403 502; x_wconf 83' lang='lat' dir='ltr'><strong>sepe</strong></span> <span class='ocrx_word' id='word_1_19' title='bbox 1417 443 1515 487; x_wconf 88' lang='lat' dir='ltr'><strong>carere</strong></span> <span class='ocrx_word' id='word_1_20' title='bbox 1538 443 1598 486; x_wconf 91' lang='lat' dir='ltr'><strong>non</strong></span> <span class='ocrx_word' id='word_1_21' title='bbox 1622 429 1745 501; x_wconf 88' lang='lat' dir='ltr'><strong>peterat,</strong></span> <span class='ocrx_word' id='word_1_22' title='bbox 1769 426 1826 483; x_wconf 92' lang='lat' dir='ltr'><strong>ali-</strong></span> 
     </span>
     <span class='ocr_line' id='line_1_3' title="bbox 121 516 1825 592; baseline -0.004 -12"><span class='ocrx_word' id='word_1_23' title='bbox 121 523 193 580; x_wconf 89' lang='lat' dir='ltr'><strong>urbe</strong></span> <span class='ocrx_word' id='word_1_24' title='bbox 206 525 276 577; x_wconf 98' lang='grc' dir='ltr'><strong>ωηο</strong></span> <span class='ocrx_word' id='word_1_25' title='bbox 292 521 380 578; x_wconf 85' lang='lat' dir='ltr'><strong>iacies</strong></span> <span class='ocrx_word' id='word_1_26' title='bbox 394 525 481 590; x_wconf 90' lang='lat' dir='ltr'><strong>esset,</strong></span> <span class='ocrx_word' id='word_1_27' title='bbox 497 520 563 592; x_wconf 89' lang='lat' dir='ltr'><strong>ejus</strong></span> <span class='ocrx_word' id='word_1_28' title='bbox 586 519 680 576; x_wconf 73' lang='lat' dir='ltr'><strong>etatis</strong></span> <span class='ocrx_word' id='word_1_29' title='bbox 699 518 841 576; x_wconf 86' lang='lat' dir='ltr'><strong>memoria</strong></span> <span class='ocrx_word' id='word_1_30' title='bbox 855 517 942 591; x_wconf 92' lang='lat' dir='ltr'><strong>plane</strong></span> <span class='ocrx_word' id='word_1_31' title='bbox 998 517 1116 590; x_wconf 89' lang='lat' dir='ltr'><strong>quando</strong></span> <span class='ocrx_word' id='word_1_32' title='bbox 1127 523 1242 592; x_wconf 87' lang='lat' dir='ltr'><strong>togatos</strong></span> <span class='ocrx_word' id='word_1_33' title='bbox 1252 532 1317 576; x_wconf 89' lang='lat' dir='ltr'><strong>csse</strong></span> <span class='ocrx_word' id='word_1_34' title='bbox 1327 535 1387 588; x_wconf 90' lang='lat' dir='ltr'><strong>ees,</strong></span> <span class='ocrx_word' id='word_1_35' title='bbox 1399 522 1536 575; x_wconf 90' lang='lat' dir='ltr'><strong>eteorum</strong></span> <span class='ocrx_word' id='word_1_36' title='bbox 1548 517 1692 591; x_wconf 87' lang='lat' dir='ltr'><strong>quosdam</strong></span> <span class='ocrx_word' id='word_1_37' title='bbox 1703 516 1825 589; x_wconf 77' lang='lat' dir='ltr'><strong>aliquod</strong></span> 
     </span>
    </p>
   </div>
   <div class='ocr_carea' id='block_1_3' title="bbox 115 602 1830 5031">
    <p class='ocr_par' dir='ltr' id='par_1_3' title="bbox 119 602 1830 2189">
     <span class='ocr_line' id='line_1_4' title="bbox 120 602 1825 682; baseline -0.005 -15"><span class='ocrx_word' id='word_1_38' title='bbox 120 610 266 667; x_wconf 78' lang='lat' dir='ltr'><strong>ostendit:</strong></span> <span class='ocrx_word' id='word_1_39' title='bbox 282 613 311 667; x_wconf 90' lang='lat' dir='ltr'><strong>et</strong></span> <span class='ocrx_word' id='word_1_40' title='bbox 325 626 389 682; x_wconf 83' lang='lat' dir='ltr'><strong>que</strong></span> <span class='ocrx_word' id='word_1_41' title='bbox 412 608 570 681; x_wconf 89' lang='lat' dir='ltr'><strong>aliquando</strong></span> <span class='ocrx_word' id='word_1_42' title='bbox 591 607 695 680; x_wconf 79' lang='lat' dir='ltr'><strong>scripsi</strong></span> <span class='ocrx_word' id='word_1_43' title='bbox 719 608 754 664; x_wconf 88' lang='lat' dir='ltr'><strong>ad</strong></span> <span class='ocrx_word' id='word_1_44' title='bbox 770 607 871 664; x_wconf 83' lang='lat' dir='ltr'><strong>lidicta</strong></span> <span class='ocrx_word' id='word_1_45' title='bbox 892 622 943 663; x_wconf 87' lang='lat' dir='ltr'><strong>ve-</strong></span> <span class='ocrx_word' id='word_1_46' title='bbox 996 605 1027 662; x_wconf 92' lang='lat' dir='ltr'><strong>in</strong></span> <span class='ocrx_word' id='word_1_47' title='bbox 1043 607 1157 679; x_wconf 81' lang='lat' dir='ltr'>republ.</span> <span class='ocrx_word' id='word_1_48' title='bbox 1175 624 1284 664; x_wconf 89' lang='lat' dir='ltr'><strong>munus</strong></span> <span class='ocrx_word' id='word_1_49' title='bbox 1299 607 1379 664; x_wconf 89' lang='lat' dir='ltr'><strong>obire</strong></span> <span class='ocrx_word' id='word_1_50' title='bbox 1392 607 1471 680; x_wconf 89' lang='lat' dir='ltr'><strong>passi</strong></span> <span class='ocrx_word' id='word_1_51' title='bbox 1487 606 1612 663; x_wconf 77' lang='lat' dir='ltr'>subinde</span> <span class='ocrx_word' id='word_1_52' title='bbox 1627 609 1697 663; x_wconf 91' lang='lat' dir='ltr'><strong>sunt</strong></span> <span class='ocrx_word' id='word_1_53' title='bbox 1711 602 1825 661; x_wconf 91' lang='lat' dir='ltr'><strong>ethnici</strong></span> 
     </span>
     <span class='ocr_line' id='line_1_5' title="bbox 119 693 1824 771; baseline -0.004 -15"><span class='ocrx_word' id='word_1_54' title='bbox 119 703 215 756; x_wconf 87' lang='lat' dir='ltr'><strong>terum</strong></span> <span class='ocrx_word' id='word_1_55' title='bbox 240 697 407 771; x_wconf 78' lang='lat' dir='ltr'><strong>Principum</strong></span> <span class='ocrx_word' id='word_1_56' title='bbox 423 698 507 755; x_wconf 80' lang='lat' dir='ltr'><strong>item.</strong></span> <span class='ocrx_word' id='word_1_57' title='bbox 532 697 568 754; x_wconf 91' lang='lat' dir='ltr'><strong>de</strong></span> <span class='ocrx_word' id='word_1_58' title='bbox 583 695 768 770; x_wconf 88' lang='lat' dir='ltr'><strong>Christianis,</strong></span> <span class='ocrx_word' id='word_1_59' title='bbox 792 712 856 752; x_wconf 89' lang='lat' dir='ltr'><strong>eam</strong></span> <span class='ocrx_word' id='word_1_60' title='bbox 881 711 943 752; x_wconf 89' lang='lat' dir='ltr'><strong>rem</strong></span> <span class='ocrx_word' id='word_1_61' title='bbox 997 693 1154 768; x_wconf 89' lang='lat' dir='ltr'><strong>principes.</strong></span> <span class='ocrx_word' id='word_1_62' title='bbox 1183 696 1340 754; x_wconf 89' lang='lat' dir='ltr'><strong>Christiani</strong></span> <span class='ocrx_word' id='word_1_63' title='bbox 1369 696 1560 768; x_wconf 86' lang='lat' dir='ltr'><strong>imperatores</strong></span> <span class='ocrx_word' id='word_1_64' title='bbox 1588 694 1693 751; x_wconf 91' lang='lat' dir='ltr'><strong>deinde</strong></span> <span class='ocrx_word' id='word_1_65' title='bbox 1730 693 1824 750; x_wconf 82' lang='lat' dir='ltr'><strong>multo</strong></span> 
     </span>
     <span class='ocr_line' id='line_1_6' title="bbox 120 782 1826 859; baseline -0.002 -17"><span class='ocrx_word' id='word_1_66' title='bbox 120 786 280 843; x_wconf 89' lang='lat' dir='ltr'><strong>illustrant.</strong></span> <span class='ocrx_word' id='word_1_67' title='bbox 296 786 396 858; x_wconf 91' lang='lat' dir='ltr'><strong>Neque</strong></span> <span class='ocrx_word' id='word_1_68' title='bbox 424 785 523 859; x_wconf 90' lang='lat' dir='ltr'><strong>ignota</strong></span> <span class='ocrx_word' id='word_1_69' title='bbox 542 789 588 842; x_wconf 90' lang='lat' dir='ltr'><strong>est</strong></span> <span class='ocrx_word' id='word_1_70' title='bbox 615 782 739 841; x_wconf 90' lang='lat' dir='ltr'><strong>historia</strong></span> <span class='ocrx_word' id='word_1_71' title='bbox 765 788 944 856; x_wconf 89' lang='lat' dir='ltr'><strong>temporum,</strong></span> <span class='ocrx_word' id='word_1_72' title='bbox 999 784 1079 840; x_wconf 88' lang='lat' dir='ltr'><strong>luere</strong></span> <span class='ocrx_word' id='word_1_73' title='bbox 1103 782 1343 858; x_wconf 78' lang='lat' dir='ltr'><strong>indulgentiores,</strong></span> <span class='ocrx_word' id='word_1_74' title='bbox 1360 784 1411 857; x_wconf 90' lang='lat' dir='ltr'><strong>qni</strong></span> <span class='ocrx_word' id='word_1_75' title='bbox 1433 798 1483 841; x_wconf 92' lang='lat' dir='ltr'><strong>eos</strong></span> <span class='ocrx_word' id='word_1_76' title='bbox 1497 789 1527 841; x_wconf 91' lang='lat' dir='ltr'><strong>et</strong></span> <span class='ocrx_word' id='word_1_77' title='bbox 1550 783 1685 841; x_wconf 87' lang='lat' dir='ltr'><strong>eonsules</strong></span> <span class='ocrx_word' id='word_1_78' title='bbox 1708 786 1738 840; x_wconf 91' lang='lat' dir='ltr'><strong>et</strong></span> <span class='ocrx_word' id='word_1_79' title='bbox 1751 799 1826 854; x_wconf 80' lang='lat' dir='ltr'><strong>pre·</strong></span> 
     </span>
     <span class='ocr_line' id='line_1_7' title="bbox 121 872 1825 949; baseline -0.003 -17"><span class='ocrx_word' id='word_1_80' title='bbox 121 875 229 949; x_wconf 90' lang='lat' dir='ltr'><strong>quihus</strong></span> <span class='ocrx_word' id='word_1_81' title='bbox 263 875 368 932; x_wconf 88' lang='lat' dir='ltr'><strong>Decius</strong></span> <span class='ocrx_word' id='word_1_82' title='bbox 395 878 448 930; x_wconf 90' lang='lat' dir='ltr'><strong>eut</strong></span> <span class='ocrx_word' id='word_1_83' title='bbox 475 872 648 930; x_wconf 72' lang='lat' dir='ltr'><strong>Valerianus</strong></span> <span class='ocrx_word' id='word_1_84' title='bbox 674 873 837 946; x_wconf 86' lang='lat' dir='ltr'><strong>imperavit.</strong></span> <span class='ocrx_word' id='word_1_85' title='bbox 868 873 945 946; x_wconf 85' lang='lat' dir='ltr'><strong>Bene</strong></span> <span class='ocrx_word' id='word_1_86' title='bbox 998 872 1091 929; x_wconf 82' lang='lat' dir='ltr'><strong>iectos</strong></span> <span class='ocrx_word' id='word_1_87' title='bbox 1102 873 1167 930; x_wconf 91' lang='lat' dir='ltr'><strong>urbi</strong></span> <span class='ocrx_word' id='word_1_88' title='bbox 1178 874 1362 945; x_wconf 87' lang='lat' dir='ltr'><strong>atqueetiem</strong></span> <span class='ocrx_word' id='word_1_89' title='bbox 1371 873 1505 947; x_wconf 82' lang='lat' dir='ltr'><strong>pretorio</strong></span> <span class='ocrx_word' id='word_1_90' title='bbox 1514 872 1662 930; x_wconf 87' lang='lat' dir='ltr'><strong>interdum</strong></span> <span class='ocrx_word' id='word_1_91' title='bbox 1673 873 1825 940; x_wconf 87' lang='lat' dir='ltr'><strong>creabant,</strong></span> 
     </span>
     <span class='ocr_line' id='line_1_8' title="bbox 121 960 1826 1036; baseline -0.003 -14"><span class='ocrx_word' id='word_1_92' title='bbox 121 981 188 1022; x_wconf 85' lang='lat' dir='ltr'><strong>vere</strong></span> <span class='ocrx_word' id='word_1_93' title='bbox 206 964 312 1021; x_wconf 89' lang='lat' dir='ltr'><strong>hahet:</strong></span> <span class='ocrx_word' id='word_1_94' title='bbox 339 962 575 1030; x_wconf 87' lang='lat' dir='ltr'><strong>luriaconeultis,</strong></span> <span class='ocrx_word' id='word_1_95' title='bbox 599 978 724 1035; x_wconf 89' lang='lat' dir='ltr'><strong>quorum</strong></span> <span class='ocrx_word' id='word_1_96' title='bbox 739 962 853 1033; x_wconf 84' lang='lat' dir='ltr'><strong>dejure</strong></span> <span class='ocrx_word' id='word_1_97' title='bbox 868 960 946 1018; x_wconf 73' lang='lat' dir='ltr'><strong>cluit</strong></span> <span class='ocrx_word' id='word_1_98' title='bbox 1000 976 1074 1034; x_wconf 91' lang='lat' dir='ltr'><strong>quos</strong></span> <span class='ocrx_word' id='word_1_99' title='bbox 1090 960 1200 1034; x_wconf 75' lang='lat' dir='ltr'><strong>alioqui</strong></span> <span class='ocrx_word' id='word_1_100' title='bbox 1215 979 1272 1020; x_wconf 91' lang='lat' dir='ltr'><strong>non</strong></span> <span class='ocrx_word' id='word_1_101' title='bbox 1287 962 1536 1036; x_wconf 86' lang='lat' dir='ltr'><strong>ignorabantesse</strong></span> <span class='ocrx_word' id='word_1_102' title='bbox 1550 961 1708 1018; x_wconf 89' lang='lat' dir='ltr'><strong>acerrimos</strong></span> <span class='ocrx_word' id='word_1_103' title='bbox 1724 961 1826 1018; x_wconf 90' lang='lat' dir='ltr'><strong>hostes</strong></span> 
     </span>
     <span class='ocr_line' id='line_1_9' title="bbox 122 1048 1826 1125; baseline -0.003 -15"><span class='ocrx_word' id='word_1_104' title='bbox 122 1069 264 1125; x_wconf 86' lang='lat' dir='ltr'><strong>responsa</strong></span> <span class='ocrx_word' id='word_1_105' title='bbox 278 1051 415 1125; x_wconf 86' lang='lat' dir='ltr'><strong>legimus,</strong></span> <span class='ocrx_word' id='word_1_106' title='bbox 430 1068 488 1109; x_wconf 90' lang='lat' dir='ltr'><strong>non</strong></span> <span class='ocrx_word' id='word_1_107' title='bbox 503 1050 599 1109; x_wconf 90' lang='lat' dir='ltr'><strong>solum</strong></span> <span class='ocrx_word' id='word_1_108' title='bbox 622 1051 659 1108; x_wconf 86' lang='lat' dir='ltr'><strong>ah</strong></span> <span class='ocrx_word' id='word_1_109' title='bbox 674 1049 815 1124; x_wconf 88' lang='lat' dir='ltr'><strong>religione</strong></span> <span class='ocrx_word' id='word_1_110' title='bbox 830 1049 945 1119; x_wconf 91' lang='lat' dir='ltr'><strong>alienis,</strong></span> <span class='ocrx_word' id='word_1_111' title='bbox 999 1048 1160 1123; x_wconf 89' lang='lat' dir='ltr'><strong>religionis,</strong></span> <span class='ocrx_word' id='word_1_112' title='bbox 1177 1052 1256 1123; x_wconf 90' lang='lat' dir='ltr'><strong>quod</strong></span> <span class='ocrx_word' id='word_1_113' title='bbox 1273 1050 1395 1124; x_wconf 78' lang='lat' dir='ltr'><strong>intelligi</strong></span> <span class='ocrx_word' id='word_1_114' title='bbox 1411 1055 1508 1123; x_wconf 88' lang='lat' dir='ltr'><strong>potest</strong></span> <span class='ocrx_word' id='word_1_115' title='bbox 1526 1050 1570 1107; x_wconf 86' lang='lat' dir='ltr'><strong>vel</strong></span> <span class='ocrx_word' id='word_1_116' title='bbox 1585 1067 1619 1107; x_wconf 84' lang='lat' dir='ltr'><strong>ex</strong></span> <span class='ocrx_word' id='word_1_117' title='bbox 1636 1051 1725 1107; x_wconf 89' lang='lat' dir='ltr'><strong>unius</strong></span> <span class='ocrx_word' id='word_1_118' title='bbox 1740 1051 1826 1123; x_wconf 91' lang='lat' dir='ltr'><strong>Sym·</strong></span> 
     </span>
     <span class='ocr_line' id='line_1_10' title="bbox 124 1137 1828 1213; baseline -0.002 -15"><span class='ocrx_word' id='word_1_119' title='bbox 124 1142 176 1199; x_wconf 89' lang='lat' dir='ltr'><strong>scd</strong></span> <span class='ocrx_word' id='word_1_120' title='bbox 190 1142 298 1213; x_wconf 82' lang='lat' dir='ltr'><strong>atejus</strong></span> <span class='ocrx_word' id='word_1_121' title='bbox 312 1141 462 1197; x_wconf 80' lang='lat' dir='ltr'><strong>acerrimis</strong></span> <span class='ocrx_word' id='word_1_122' title='bbox 478 1139 663 1212; x_wconf 89' lang='lat' dir='ltr'><strong>adversariis,</strong></span> <span class='ocrx_word' id='word_1_123' title='bbox 676 1139 853 1197; x_wconf 87' lang='lat' dir='ltr'><strong>successisse</strong></span> <span class='ocrx_word' id='word_1_124' title='bbox 867 1138 945 1195; x_wconf 89' lang='lat' dir='ltr'><strong>chri·</strong></span> <span class='ocrx_word' id='word_1_125' title='bbox 1000 1138 1097 1194; x_wconf 88' lang='lat' dir='ltr'><strong>machi</strong></span> <span class='ocrx_word' id='word_1_126' title='bbox 1111 1139 1286 1197; x_wconf 89' lang='lat' dir='ltr'><strong>conditione.</strong></span> <span class='ocrx_word' id='word_1_127' title='bbox 1301 1139 1356 1196; x_wconf 87' lang='lat' dir='ltr'><strong>Sed</strong></span> <span class='ocrx_word' id='word_1_128' title='bbox 1371 1138 1439 1196; x_wconf 86' lang='lat' dir='ltr'><strong>tacti</strong></span> <span class='ocrx_word' id='word_1_129' title='bbox 1453 1139 1571 1196; x_wconf 88' lang='lat' dir='ltr'><strong>tandem</strong></span> <span class='ocrx_word' id='word_1_130' title='bbox 1588 1137 1746 1212; x_wconf 86' lang='lat' dir='ltr'><strong>aliquando</strong></span> <span class='ocrx_word' id='word_1_131' title='bbox 1756 1141 1828 1195; x_wconf 91' lang='lat' dir='ltr'><strong>sunt</strong></span> 
     </span>
     <span class='ocr_line' id='line_1_11' title="bbox 125 1225 1825 1301; baseline -0.002 -14"><span class='ocrx_word' id='word_1_132' title='bbox 125 1229 255 1288; x_wconf 80' lang='lat' dir='ltr'><strong>clinnum</strong></span> <span class='ocrx_word' id='word_1_133' title='bbox 271 1229 472 1288; x_wconf 79' lang='lat' dir='ltr'><strong>causidicum:</strong></span> <span class='ocrx_word' id='word_1_134' title='bbox 487 1233 516 1287; x_wconf 92' lang='lat' dir='ltr'><strong>et</strong></span> <span class='ocrx_word' id='word_1_135' title='bbox 533 1228 606 1286; x_wconf 92' lang='lat' dir='ltr'><strong>illud</strong></span> <span class='ocrx_word' id='word_1_136' title='bbox 622 1229 682 1286; x_wconf 85' lang='lat' dir='ltr'><strong>sive</strong></span> <span class='ocrx_word' id='word_1_137' title='bbox 697 1229 792 1286; x_wconf 85' lang='lat' dir='ltr'><strong>lorum</strong></span> <span class='ocrx_word' id='word_1_138' title='bbox 815 1226 876 1285; x_wconf 88' lang='lat' dir='ltr'><strong>sive</strong></span> <span class='ocrx_word' id='word_1_139' title='bbox 890 1225 948 1283; x_wconf 92' lang='lat' dir='ltr'><strong>ccl·</strong></span> <span class='ocrx_word' id='word_1_140' title='bbox 1000 1227 1169 1297; x_wconf 86' lang='lat' dir='ltr'><strong>severiores,</strong></span> <span class='ocrx_word' id='word_1_141' title='bbox 1185 1233 1214 1286; x_wconf 88' lang='lat' dir='ltr'><strong>et</strong></span> <span class='ocrx_word' id='word_1_142' title='bbox 1228 1233 1362 1285; x_wconf 89' lang='lat' dir='ltr'><strong>senatum</strong></span> <span class='ocrx_word' id='word_1_143' title='bbox 1379 1228 1534 1301; x_wconf 87' lang='lat' dir='ltr'><strong>torumque</strong></span> <span class='ocrx_word' id='word_1_144' title='bbox 1557 1229 1640 1285; x_wconf 85' lang='lat' dir='ltr'><strong>Rom.</strong></span> <span class='ocrx_word' id='word_1_145' title='bbox 1663 1243 1825 1301; x_wconf 90' lang='lat' dir='ltr'><strong>perpurga-</strong></span> 
     </span>
     <span class='ocr_line' id='line_1_12' title="bbox 125 1315 1829 1392; baseline -0.002 -17"><span class='ocrx_word' id='word_1_146' title='bbox 125 1318 234 1392; x_wconf 88' lang='lat' dir='ltr'><strong>legium</strong></span> <span class='ocrx_word' id='word_1_147' title='bbox 250 1319 332 1376; x_wconf 84' lang='lat' dir='ltr'><strong>Rom.</strong></span> <span class='ocrx_word' id='word_1_148' title='bbox 350 1322 424 1392; x_wconf 75' lang='lat' dir='ltr'><strong>tege</strong></span> <span class='ocrx_word' id='word_1_149' title='bbox 453 1324 540 1391; x_wconf 88' lang='lat' dir='ltr'><strong>atque</strong></span> <span class='ocrx_word' id='word_1_150' title='bbox 566 1317 773 1380; x_wconf 72' lang='lat' dir='ltr'><strong>advocationis.</strong></span> <span class='ocrx_word' id='word_1_151' title='bbox 801 1318 879 1390; x_wconf 90' lang='lat' dir='ltr'><strong>quod</strong></span> <span class='ocrx_word' id='word_1_152' title='bbox 904 1320 947 1373; x_wconf 91' lang='lat' dir='ltr'><strong>tot</strong></span> <span class='ocrx_word' id='word_1_153' title='bbox 999 1315 1269 1373; x_wconf 86' lang='lat' dir='ltr'><strong>runtetMinucios</strong></span> <span class='ocrx_word' id='word_1_154' title='bbox 1289 1317 1431 1390; x_wconf 87' lang='lat' dir='ltr'><strong>quosdam</strong></span> <span class='ocrx_word' id='word_1_155' title='bbox 1447 1316 1688 1388; x_wconf 86' lang='lat' dir='ltr'><strong>essejusserunt‚</strong></span> <span class='ocrx_word' id='word_1_156' title='bbox 1704 1316 1829 1389; x_wconf 90' lang='lat' dir='ltr'><strong>quicun-</strong></span> 
     </span>
     <span class='ocr_line' id='line_1_13' title="bbox 120 1402 1827 1480; baseline -0.002 -16"><span class='ocrx_word' id='word_1_157' title='bbox 120 1407 185 1479; x_wconf 81' lang='lat' dir='ltr'><strong>jam</strong></span> <span class='ocrx_word' id='word_1_158' title='bbox 208 1406 293 1462; x_wconf 87' lang='lat' dir='ltr'><strong>anuis</strong></span> <span class='ocrx_word' id='word_1_159' title='bbox 317 1421 508 1480; x_wconf 88' lang='lat' dir='ltr'><strong>conspersum</strong></span> <span class='ocrx_word' id='word_1_160' title='bbox 532 1407 628 1463; x_wconf 85' lang='lat' dir='ltr'><strong>luerat</strong></span> <span class='ocrx_word' id='word_1_161' title='bbox 649 1405 792 1479; x_wconf 87' lang='lat' dir='ltr'><strong>sanguine</strong></span> <span class='ocrx_word' id='word_1_162' title='bbox 815 1409 844 1462; x_wconf 91' lang='lat' dir='ltr'><strong>et</strong></span> <span class='ocrx_word' id='word_1_163' title='bbox 866 1405 946 1463; x_wconf 91' lang='lat' dir='ltr'><strong>cine·</strong></span> <span class='ocrx_word' id='word_1_164' title='bbox 1000 1418 1057 1475; x_wconf 92' lang='lat' dir='ltr'><strong>que</strong></span> <span class='ocrx_word' id='word_1_165' title='bbox 1071 1402 1114 1460; x_wconf 89' lang='lat' dir='ltr'><strong>vel</strong></span> <span class='ocrx_word' id='word_1_166' title='bbox 1134 1404 1185 1476; x_wconf 90' lang='lat' dir='ltr'><strong>jus</strong></span> <span class='ocrx_word' id='word_1_167' title='bbox 1208 1405 1350 1475; x_wconf 89' lang='lat' dir='ltr'><strong>dicerent,</strong></span> <span class='ocrx_word' id='word_1_168' title='bbox 1379 1404 1424 1461; x_wconf 83' lang='lat' dir='ltr'><strong>vel</strong></span> <span class='ocrx_word' id='word_1_169' title='bbox 1452 1421 1558 1461; x_wconf 87' lang='lat' dir='ltr'><strong>causas</strong></span> <span class='ocrx_word' id='word_1_170' title='bbox 1584 1408 1713 1478; x_wconf 87' lang='lat' dir='ltr'><strong>egerent.</strong></span> <span class='ocrx_word' id='word_1_171' title='bbox 1737 1407 1827 1461; x_wconf 81' lang='lat' dir='ltr'><strong>Aram</strong></span> 
     </span>
     <span class='ocr_line' id='line_1_14' title="bbox 123 1490 1827 1568; baseline -0.001 -16"><span class='ocrx_word' id='word_1_172' title='bbox 123 1495 207 1552; x_wconf 86' lang='lat' dir='ltr'><strong>ribus</strong></span> <span class='ocrx_word' id='word_1_173' title='bbox 226 1494 341 1567; x_wconf 90' lang='lat' dir='ltr'><strong>piorum</strong></span> <span class='ocrx_word' id='word_1_174' title='bbox 364 1494 529 1563; x_wconf 90' lang='lat' dir='ltr'><strong>hominum,</strong></span> <span class='ocrx_word' id='word_1_175' title='bbox 553 1495 672 1552; x_wconf 91' lang='lat' dir='ltr'><strong>tandem</strong></span> <span class='ocrx_word' id='word_1_176' title='bbox 696 1494 854 1568; x_wconf 89' lang='lat' dir='ltr'><strong>aliquando</strong></span> <span class='ocrx_word' id='word_1_177' title='bbox 879 1508 946 1551; x_wconf 88' lang='lat' dir='ltr'><strong>voce</strong></span> <span class='ocrx_word' id='word_1_178' title='bbox 999 1490 1144 1559; x_wconf 73' lang='lat' dir='ltr'><strong>Victoria,</strong></span> <span class='ocrx_word' id='word_1_179' title='bbox 1173 1508 1236 1564; x_wconf 81' lang='lat' dir='ltr'><strong>que</strong></span> <span class='ocrx_word' id='word_1_180' title='bbox 1265 1490 1456 1550; x_wconf 86' lang='lat' dir='ltr'><strong>investibulo</strong></span> <span class='ocrx_word' id='word_1_181' title='bbox 1485 1493 1571 1549; x_wconf 82' lang='lat' dir='ltr'><strong>curia</strong></span> <span class='ocrx_word' id='word_1_182' title='bbox 1600 1493 1707 1563; x_wconf 85' lang='lat' dir='ltr'><strong>stabat,</strong></span> <span class='ocrx_word' id='word_1_183' title='bbox 1735 1496 1765 1550; x_wconf 90' lang='lat' dir='ltr'><strong>et</strong></span> <span class='ocrx_word' id='word_1_184' title='bbox 1789 1493 1827 1551; x_wconf 88' lang='lat' dir='ltr'><strong>ad</strong></span> 
     </span>
     <span class='ocr_line' id='line_1_15' title="bbox 123 1581 1827 1657; baseline -0.001 -17"><span class='ocrx_word' id='word_1_185' title='bbox 123 1589 153 1640; x_wconf 90' lang='lat' dir='ltr'><strong>et</strong></span> <span class='ocrx_word' id='word_1_186' title='bbox 167 1583 295 1657; x_wconf 88' lang='lat' dir='ltr'><strong>vestigiis</strong></span> <span class='ocrx_word' id='word_1_187' title='bbox 319 1583 474 1641; x_wconf 89' lang='lat' dir='ltr'><strong>christiani</strong></span> <span class='ocrx_word' id='word_1_188' title='bbox 494 1583 659 1655; x_wconf 89' lang='lat' dir='ltr'><strong>jurisperiti</strong></span> <span class='ocrx_word' id='word_1_189' title='bbox 685 1584 834 1657; x_wconf 86' lang='lat' dir='ltr'><strong>expiatum</strong></span> <span class='ocrx_word' id='word_1_190' title='bbox 857 1586 946 1656; x_wconf 90' lang='lat' dir='ltr'><strong>atque</strong></span> <span class='ocrx_word' id='word_1_191' title='bbox 1000 1595 1090 1653; x_wconf 88' lang='lat' dir='ltr'><strong>quem</strong></span> <span class='ocrx_word' id='word_1_192' title='bbox 1118 1585 1236 1637; x_wconf 74' lang='lat' dir='ltr'><strong>mustus</strong></span> <span class='ocrx_word' id='word_1_193' title='bbox 1260 1581 1361 1652; x_wconf 89' lang='lat' dir='ltr'><strong>jurare</strong></span> <span class='ocrx_word' id='word_1_194' title='bbox 1389 1585 1478 1653; x_wconf 91' lang='lat' dir='ltr'><strong>atque</strong></span> <span class='ocrx_word' id='word_1_195' title='bbox 1508 1581 1673 1638; x_wconf 86' lang='lat' dir='ltr'><strong>sacrificare</strong></span> <span class='ocrx_word' id='word_1_196' title='bbox 1700 1581 1827 1654; x_wconf 83' lang='lat' dir='ltr'><strong>solebat,</strong></span> 
     </span>
     <span class='ocr_line' id='line_1_16' title="bbox 123 1667 1827 1745; baseline -0.001 -16"><span class='ocrx_word' id='word_1_197' title='bbox 123 1675 326 1729; x_wconf 86' lang='lat' dir='ltr'><strong>consecratum</strong></span> <span class='ocrx_word' id='word_1_198' title='bbox 342 1671 443 1730; x_wconf 86' lang='lat' dir='ltr'><strong>tuisse.</strong></span> <span class='ocrx_word' id='word_1_199' title='bbox 463 1671 611 1729; x_wconf 82' lang='lat' dir='ltr'><strong>Arncbius</strong></span> <span class='ocrx_word' id='word_1_200' title='bbox 624 1671 699 1730; x_wconf 88' lang='lat' dir='ltr'><strong>libro</strong></span> <span class='ocrx_word' id='word_1_201' title='bbox 723 1671 817 1745; x_wconf 89' lang='lat' dir='ltr'><strong>primo</strong></span> <span class='ocrx_word' id='word_1_202' title='bbox 838 1671 945 1745; x_wconf 87' lang='lat' dir='ltr'><strong>gloria·</strong></span> <span class='ocrx_word' id='word_1_203' title='bbox 995 1667 1174 1742; x_wconf 83' lang='lat' dir='ltr'><strong>jampridem</strong></span> <span class='ocrx_word' id='word_1_204' title='bbox 1190 1672 1362 1741; x_wconf 88' lang='lat' dir='ltr'><strong>everterant,</strong></span> <span class='ocrx_word' id='word_1_205' title='bbox 1375 1668 1577 1742; x_wconf 86' lang='lat' dir='ltr'><strong>ipsoetiemct</strong></span> <span class='ocrx_word' id='word_1_206' title='bbox 1596 1670 1774 1744; x_wconf 74' lang='lat' dir='ltr'><strong>Symmacho</strong></span> <span class='ocrx_word' id='word_1_207' title='bbox 1786 1670 1827 1744; x_wconf 77' lang='lat'><strong>(5)</strong></span> 
     </span>
     <span class='ocr_line' id='line_1_17' title="bbox 121 1758 1825 1866; baseline 0.001 -50"><span class='ocrx_word' id='word_1_208' title='bbox 121 1763 180 1827; x_wconf 90' lang='lat' dir='ltr'><strong>tur,</strong></span> <span class='ocrx_word' id='word_1_209' title='bbox 196 1764 225 1817; x_wconf 92' lang='lat' dir='ltr'><strong>et</strong></span> <span class='ocrx_word' id='word_1_210' title='bbox 239 1765 368 1818; x_wconf 86' lang='lat' dir='ltr'><strong>oratores</strong></span> <span class='ocrx_word' id='word_1_211' title='bbox 386 1759 668 1833; x_wconf 81' lang='lat' dir='ltr'><strong>etjurisconeultee‚</strong></span> <span class='ocrx_word' id='word_1_212' title='bbox 684 1759 811 1834; x_wconf 83' lang='lat' dir='ltr'><strong>magnis,</strong></span> <span class='ocrx_word' id='word_1_213' title='bbox 835 1765 869 1816; x_wconf 90' lang='lat' dir='ltr'><strong>ut</strong></span> <span class='ocrx_word' id='word_1_214' title='bbox 893 1759 944 1829; x_wconf 92' lang='lat' dir='ltr'><strong>ait,</strong></span> <span class='ocrx_word' id='word_1_215' title='bbox 960 1799 985 1866; x_wconf 79' lang='lat' dir='ltr'>B</span> <span class='ocrx_word' id='word_1_216' title='bbox 999 1760 1029 1815; x_wconf 91' lang='lat' dir='ltr'><strong>et</strong></span> <span class='ocrx_word' id='word_1_217' title='bbox 1049 1761 1151 1815; x_wconf 89' lang='lat' dir='ltr'><strong>senatu</strong></span> <span class='ocrx_word' id='word_1_218' title='bbox 1177 1758 1366 1815; x_wconf 85' lang='lat' dir='ltr'><strong>reclamante.</strong></span> <span class='ocrx_word' id='word_1_219' title='bbox 1395 1758 1450 1814; x_wconf 87' lang='lat' dir='ltr'><strong>Sed</strong></span> <span class='ocrx_word' id='word_1_220' title='bbox 1479 1758 1636 1816; x_wconf 78' lang='lat' dir='ltr'><strong>effecerunt</strong></span> <span class='ocrx_word' id='word_1_221' title='bbox 1665 1764 1825 1832; x_wconf 89' lang='lat' dir='ltr'><strong>postremo,</strong></span> 
     </span>
     <span class='ocr_line' id='line_1_18' title="bbox 121 1845 1828 1923; baseline 0 -17"><span class='ocrx_word' id='word_1_222' title='bbox 121 1849 247 1923; x_wconf 87' lang='lat' dir='ltr'><strong>ingeniis</strong></span> <span class='ocrx_word' id='word_1_223' title='bbox 261 1850 408 1923; x_wconf 78' lang='lat' dir='ltr'><strong>preditos,</strong></span> <span class='ocrx_word' id='word_1_224' title='bbox 433 1849 586 1907; x_wconf 88' lang='lat' dir='ltr'><strong>transiisse</strong></span> <span class='ocrx_word' id='word_1_225' title='bbox 600 1850 637 1907; x_wconf 89' lang='lat' dir='ltr'><strong>ad</strong></span> <span class='ocrx_word' id='word_1_226' title='bbox 659 1848 828 1907; x_wconf 72' lang='lat' dir='ltr'><strong>Teclmiam.</strong></span> <span class='ocrx_word' id='word_1_227' title='bbox 852 1848 945 1906; x_wconf 87' lang='lat' dir='ltr'><strong>Credo</strong></span> <span class='ocrx_word' id='word_1_228' title='bbox 1000 1849 1032 1903; x_wconf 88' lang='lat' dir='ltr'><strong>nt</strong></span> <span class='ocrx_word' id='word_1_229' title='bbox 1046 1863 1104 1902; x_wconf 92' lang='lat' dir='ltr'><strong>non</strong></span> <span class='ocrx_word' id='word_1_230' title='bbox 1117 1846 1228 1903; x_wconf 87' lang='lat' dir='ltr'><strong>modos</strong></span> <span class='ocrx_word' id='word_1_231' title='bbox 1240 1845 1292 1901; x_wconf 87' lang='lat' dir='ltr'><strong>tali</strong></span> <span class='ocrx_word' id='word_1_232' title='bbox 1304 1846 1512 1919; x_wconf 89' lang='lat' dir='ltr'><strong>superstitione</strong></span> <span class='ocrx_word' id='word_1_233' title='bbox 1519 1845 1602 1904; x_wconf 86' lang='lat' dir='ltr'><strong>liberi</strong></span> <span class='ocrx_word' id='word_1_234' title='bbox 1613 1852 1712 1905; x_wconf 89' lang='lat' dir='ltr'><strong>essent</strong></span> <span class='ocrx_word' id='word_1_235' title='bbox 1722 1864 1828 1906; x_wconf 87' lang='lat' dir='ltr'><strong>omnes</strong></span> 
     </span>
     <span class='ocr_line' id='line_1_19' title="bbox 121 1933 1830 2011; baseline -0.001 -15"><span class='ocrx_word' id='word_1_236' title='bbox 121 1938 268 2011; x_wconf 86' lang='lat' dir='ltr'><strong>equidem,</strong></span> <span class='ocrx_word' id='word_1_237' title='bbox 284 1953 353 1995; x_wconf 90' lang='lat' dir='ltr'><strong>eum</strong></span> <span class='ocrx_word' id='word_1_238' title='bbox 378 1937 407 1993; x_wconf 94' lang='lat' dir='ltr'><strong>id</strong></span> <span class='ocrx_word' id='word_1_239' title='bbox 431 1936 582 2005; x_wconf 87' lang='lat' dir='ltr'><strong>scriberet,</strong></span> <span class='ocrx_word' id='word_1_240' title='bbox 598 1938 635 1994; x_wconf 90' lang='lat' dir='ltr'><strong>de</strong></span> <span class='ocrx_word' id='word_1_241' title='bbox 660 1937 788 1994; x_wconf 88' lang='lat' dir='ltr'><strong>Minucio</strong></span> <span class='ocrx_word' id='word_1_242' title='bbox 809 1953 876 1994; x_wconf 89' lang='lat' dir='ltr'><strong>eum</strong></span> <span class='ocrx_word' id='word_1_243' title='bbox 891 1954 945 1994; x_wconf 87' lang='lat' dir='ltr'><strong>suo</strong></span> <span class='ocrx_word' id='word_1_244' title='bbox 999 1933 1097 2004; x_wconf 80' lang='lat' dir='ltr'><strong>togati,</strong></span> <span class='ocrx_word' id='word_1_245' title='bbox 1113 1933 1268 1990; x_wconf 86' lang='lat' dir='ltr'><strong>sedetiam</strong></span> <span class='ocrx_word' id='word_1_246' title='bbox 1294 1933 1422 1991; x_wconf 88' lang='lat' dir='ltr'><strong>utnulla</strong></span> <span class='ocrx_word' id='word_1_247' title='bbox 1446 1933 1475 1990; x_wconf 93' lang='lat' dir='ltr'><strong>in</strong></span> <span class='ocrx_word' id='word_1_248' title='bbox 1500 1935 1561 1992; x_wconf 85' lang='lat' dir='ltr'><strong>loro</strong></span> <span class='ocrx_word' id='word_1_249' title='bbox 1584 1934 1642 1992; x_wconf 91' lang='lat' dir='ltr'><strong>nisi</strong></span> <span class='ocrx_word' id='word_1_250' title='bbox 1664 1936 1830 1996; x_wconf 86' lang='lat' dir='ltr'><strong>christiana</strong></span> 
     </span>
     <span class='ocr_line' id='line_1_20' title="bbox 121 2020 1829 2099; baseline 0.001 -16"><span class='ocrx_word' id='word_1_251' title='bbox 121 2027 274 2099; x_wconf 79' lang='lat' dir='ltr'><strong>cogitasse.</strong></span> <span class='ocrx_word' id='word_1_252' title='bbox 291 2024 400 2083; x_wconf 92' lang='lat' dir='ltr'><strong>Multos</strong></span> <span class='ocrx_word' id='word_1_253' title='bbox 423 2025 488 2098; x_wconf 79' lang='lat' dir='ltr'><strong>ejus</strong></span> <span class='ocrx_word' id='word_1_254' title='bbox 507 2024 620 2082; x_wconf 89' lang='lat' dir='ltr'><strong>ordinis</strong></span> <span class='ocrx_word' id='word_1_255' title='bbox 643 2026 767 2083; x_wconf 71' lang='lat' dir='ltr'><strong>leuasse</strong></span> <span class='ocrx_word' id='word_1_256' title='bbox 790 2040 945 2082; x_wconf 87' lang='lat' dir='ltr'><strong>numerare</strong></span> <span class='ocrx_word' id='word_1_257' title='bbox 999 2026 1077 2079; x_wconf 87' lang='lat' dir='ltr'><strong>esset</strong></span> <span class='ocrx_word' id='word_1_258' title='bbox 1091 2020 1141 2078; x_wconf 90' lang='lat' dir='ltr'><strong>illa</strong></span> <span class='ocrx_word' id='word_1_259' title='bbox 1151 2022 1396 2096; x_wconf 86' lang='lat' dir='ltr'><strong>jurisprudentia,</strong></span> <span class='ocrx_word' id='word_1_260' title='bbox 1412 2023 1499 2096; x_wconf 79' lang='lat' dir='ltr'><strong>eujus</strong></span> <span class='ocrx_word' id='word_1_261' title='bbox 1510 2022 1574 2096; x_wconf 85' lang='lat' dir='ltr'><strong>jam</strong></span> <span class='ocrx_word' id='word_1_262' title='bbox 1596 2023 1668 2082; x_wconf 92' lang='lat' dir='ltr'><strong>olim</strong></span> <span class='ocrx_word' id='word_1_263' title='bbox 1680 2024 1784 2099; x_wconf 87' lang='lat' dir='ltr'><strong>aliqua</strong></span> <span class='ocrx_word' id='word_1_264' title='bbox 1796 2025 1829 2084; x_wconf 92' lang='lat' dir='ltr'><strong>ln</strong></span> 
     </span>
     <span class='ocr_line' id='line_1_21' title="bbox 119 2110 1491 2189; baseline -0.004 -17"><span class='ocrx_word' id='word_1_265' title='bbox 119 2115 167 2172; x_wconf 84' lang='lat' dir='ltr'><strong>vix</strong></span> <span class='ocrx_word' id='word_1_266' title='bbox 182 2114 333 2189; x_wconf 89' lang='lat' dir='ltr'><strong>potuisset.</strong></span> <span class='ocrx_word' id='word_1_267' title='bbox 349 2114 406 2171; x_wconf 89' lang='lat' dir='ltr'><strong>Sed</strong></span> <span class='ocrx_word' id='word_1_268' title='bbox 425 2113 546 2171; x_wconf 85' lang='lat' dir='ltr'><strong>Minucii</strong></span> <span class='ocrx_word' id='word_1_269' title='bbox 561 2117 658 2171; x_wconf 69' lang='lat' dir='ltr'><strong>Mmen</strong></span> <span class='ocrx_word' id='word_1_270' title='bbox 674 2113 840 2186; x_wconf 85' lang='lat' dir='ltr'><strong>exemplum</strong></span> <span class='ocrx_word' id='word_1_271' title='bbox 856 2131 944 2187; x_wconf 91' lang='lat' dir='ltr'><strong>quos·</strong></span> <span class='ocrx_word' id='word_1_272' title='bbox 998 2110 1127 2168; x_wconf 91' lang='lat' dir='ltr'><strong>Minucio</strong></span> <span class='ocrx_word' id='word_1_273' title='bbox 1143 2116 1242 2168; x_wconf 90' lang='lat' dir='ltr'><strong>nostro</strong></span> <span class='ocrx_word' id='word_1_274' title='bbox 1256 2111 1368 2185; x_wconf 88' lang='lat' dir='ltr'><strong>effigies</strong></span> <span class='ocrx_word' id='word_1_275' title='bbox 1387 2112 1491 2169; x_wconf 84' lang='lat' dir='ltr'><strong>iuerat.</strong></span> 
     </span>
    </p>

    <p class='ocr_par' dir='ltr' id='par_1_4' title="bbox 117 2198 1830 3342">
     <span class='ocr_line' id='line_1_22' title="bbox 120 2198 1829 2277; baseline -0.002 -15"><span class='ocrx_word' id='word_1_276' title='bbox 120 2205 321 2263; x_wconf 86' lang='lat' dir='ltr'><strong>demeacutos</strong></span> <span class='ocrx_word' id='word_1_277' title='bbox 345 2219 409 2260; x_wconf 88' lang='lat' dir='ltr'><strong>esse</strong></span> <span class='ocrx_word' id='word_1_278' title='bbox 432 2203 536 2260; x_wconf 78' lang='lat' dir='ltr'><strong>crudo:</strong></span> <span class='ocrx_word' id='word_1_279' title='bbox 561 2206 639 2260; x_wconf 91' lang='lat' dir='ltr'><strong>utet</strong></span> <span class='ocrx_word' id='word_1_280' title='bbox 660 2202 808 2260; x_wconf 91' lang='lat' dir='ltr'><strong>Minucius</strong></span> <span class='ocrx_word' id='word_1_281' title='bbox 831 2202 943 2275; x_wconf 86' lang='lat' dir='ltr'><strong>hebuit,</strong></span> <span class='ocrx_word' id='word_1_282' title='bbox 1034 2199 1192 2257; x_wconf 87' lang='lat' dir='ltr'><strong>Minuciani</strong></span> <span class='ocrx_word' id='word_1_283' title='bbox 1220 2200 1310 2272; x_wconf 76' lang='lat' dir='ltr'><strong>hnjus</strong></span> <span class='ocrx_word' id='word_1_284' title='bbox 1343 2198 1436 2256; x_wconf 90' lang='lat' dir='ltr'><strong>libelli</strong></span> <span class='ocrx_word' id='word_1_285' title='bbox 1470 2199 1632 2274; x_wconf 88' lang='lat' dir='ltr'><strong>inscriptio,</strong></span> <span class='ocrx_word' id='word_1_286' title='bbox 1662 2206 1692 2259; x_wconf 90' lang='lat' dir='ltr'><strong>et</strong></span> <span class='ocrx_word' id='word_1_287' title='bbox 1716 2201 1829 2277; x_wconf 88' lang='lat' dir='ltr'><strong>dialogi</strong></span> 
     </span>
     <span class='ocr_line' id='line_1_23' title="bbox 121 2288 1830 2366; baseline 0.001 -17"><span class='ocrx_word' id='word_1_288' title='bbox 121 2308 196 2366; x_wconf 90' lang='lat' dir='ltr'><strong>quos</strong></span> <span class='ocrx_word' id='word_1_289' title='bbox 210 2292 241 2349; x_wconf 93' lang='lat' dir='ltr'><strong>in</strong></span> <span class='ocrx_word' id='word_1_290' title='bbox 256 2292 358 2349; x_wconf 91' lang='lat' dir='ltr'><strong>eodem</strong></span> <span class='ocrx_word' id='word_1_291' title='bbox 385 2290 480 2347; x_wconf 86' lang='lat' dir='ltr'><strong>stadio</strong></span> <span class='ocrx_word' id='word_1_292' title='bbox 503 2294 684 2363; x_wconf 87' lang='lat' dir='ltr'><strong>sequeretur.</strong></span> <span class='ocrx_word' id='word_1_293' title='bbox 708 2291 816 2348; x_wconf 85' lang='lat' dir='ltr'><strong>Saltem</strong></span> <span class='ocrx_word' id='word_1_294' title='bbox 845 2291 945 2348; x_wconf 88' lang='lat' dir='ltr'><strong>Hiero·</strong></span> <span class='ocrx_word' id='word_1_295' title='bbox 999 2289 1104 2360; x_wconf 83' lang='lat' dir='ltr'><strong>terma,</strong></span> <span class='ocrx_word' id='word_1_296' title='bbox 1132 2288 1288 2362; x_wconf 89' lang='lat' dir='ltr'><strong>antiquum</strong></span> <span class='ocrx_word' id='word_1_297' title='bbox 1313 2288 1522 2362; x_wconf 88' lang='lat' dir='ltr'><strong>eruditumque</strong></span> <span class='ocrx_word' id='word_1_298' title='bbox 1544 2290 1690 2347; x_wconf 90' lang='lat' dir='ltr'><strong>scribendi</strong></span> <span class='ocrx_word' id='word_1_299' title='bbox 1714 2309 1830 2350; x_wconf 86' lang='lat' dir='ltr'><strong>morem</strong></span> 
     </span>
     <span class='ocr_line' id='line_1_24' title="bbox 121 2376 1830 2456; baseline 0 -18"><span class='ocrx_word' id='word_1_300' title='bbox 121 2397 228 2456; x_wconf 90' lang='lat' dir='ltr'><strong>nymus</strong></span> <span class='ocrx_word' id='word_1_301' title='bbox 243 2380 279 2437; x_wconf 90' lang='lat' dir='ltr'><strong>ad</strong></span> <span class='ocrx_word' id='word_1_302' title='bbox 294 2380 445 2453; x_wconf 84' lang='lat' dir='ltr'><strong>Magnum,</strong></span> <span class='ocrx_word' id='word_1_303' title='bbox 463 2379 512 2436; x_wconf 91' lang='lat' dir='ltr'><strong>ubi</strong></span> <span class='ocrx_word' id='word_1_304' title='bbox 528 2378 689 2436; x_wconf 90' lang='lat' dir='ltr'><strong>Minucium</strong></span> <span class='ocrx_word' id='word_1_305' title='bbox 711 2379 821 2449; x_wconf 85' lang='lat' dir='ltr'><strong>laudat,</strong></span> <span class='ocrx_word' id='word_1_306' title='bbox 838 2381 945 2436; x_wconf 90' lang='lat' dir='ltr'><strong>memi·</strong></span> <span class='ocrx_word' id='word_1_307' title='bbox 999 2378 1095 2434; x_wconf 80' lang='lat' dir='ltr'><strong>refert.</strong></span> <span class='ocrx_word' id='word_1_308' title='bbox 1125 2377 1224 2434; x_wconf 88' lang='lat' dir='ltr'><strong>Genus</strong></span> <span class='ocrx_word' id='word_1_309' title='bbox 1253 2376 1369 2434; x_wconf 89' lang='lat' dir='ltr'><strong>dicendi</strong></span> <span class='ocrx_word' id='word_1_310' title='bbox 1395 2381 1440 2435; x_wconf 90' lang='lat' dir='ltr'><strong>est</strong></span> <span class='ocrx_word' id='word_1_311' title='bbox 1461 2383 1609 2452; x_wconf 85' lang='lat' dir='ltr'><strong>argutum,</strong></span> <span class='ocrx_word' id='word_1_312' title='bbox 1636 2395 1712 2452; x_wconf 88' lang='lat' dir='ltr'><strong>ecre,</strong></span> <span class='ocrx_word' id='word_1_313' title='bbox 1741 2381 1830 2438; x_wconf 85' lang='lat' dir='ltr'><strong>vehe-</strong></span> 
     </span>
     <span class='ocr_line' id='line_1_25' title="bbox 120 2467 1828 2542; baseline 0.002 -16"><span class='ocrx_word' id='word_1_314' title='bbox 120 2469 306 2527; x_wconf 91' lang='lat' dir='ltr'><strong>nitduorum</strong></span> <span class='ocrx_word' id='word_1_315' title='bbox 325 2468 462 2525; x_wconf 76' lang='lat' dir='ltr'><strong>Romane</strong></span> <span class='ocrx_word' id='word_1_316' title='bbox 486 2467 568 2524; x_wconf 90' lang='lat' dir='ltr'><strong>urbis</strong></span> <span class='ocrx_word' id='word_1_317' title='bbox 591 2471 771 2539; x_wconf 86' lang='lat' dir='ltr'><strong>senatorum,</strong></span> <span class='ocrx_word' id='word_1_318' title='bbox 796 2468 945 2542; x_wconf 78' lang='lat' dir='ltr'><strong>Hippolyti</strong></span> <span class='ocrx_word' id='word_1_319' title='bbox 999 2482 1100 2524; x_wconf 87' lang='lat' dir='ltr'><strong>mens:</strong></span> <span class='ocrx_word' id='word_1_320' title='bbox 1117 2471 1163 2522; x_wconf 86' lang='lat' dir='ltr'><strong>est</strong></span> <span class='ocrx_word' id='word_1_321' title='bbox 1184 2482 1331 2539; x_wconf 91' lang='lat' dir='ltr'><strong>pressum,</strong></span> <span class='ocrx_word' id='word_1_322' title='bbox 1358 2467 1495 2536; x_wconf 90' lang='lat' dir='ltr'><strong>densum,</strong></span> <span class='ocrx_word' id='word_1_323' title='bbox 1509 2484 1688 2539; x_wconf 68' lang='lat' dir='ltr'><strong>,nervosum</strong></span> <span class='ocrx_word' id='word_1_324' title='bbox 1714 2470 1828 2529; x_wconf 86' lang='lat' dir='ltr'><strong>crebris</strong></span> 
     </span>
     <span class='ocr_line' id='line_1_26' title="bbox 120 2554 1827 2633; baseline 0 -17"><span class='ocrx_word' id='word_1_325' title='bbox 120 2561 150 2616; x_wconf 88' lang='lat' dir='ltr'><strong>et</strong></span> <span class='ocrx_word' id='word_1_326' title='bbox 172 2556 328 2633; x_wconf 82' lang='lat' dir='ltr'><strong>Apollonii,</strong></span> <span class='ocrx_word' id='word_1_327' title='bbox 355 2557 416 2631; x_wconf 90' lang='lat' dir='ltr'><strong>qui,</strong></span> <span class='ocrx_word' id='word_1_328' title='bbox 446 2559 530 2614; x_wconf 90' lang='lat' dir='ltr'><strong>utet</strong></span> <span class='ocrx_word' id='word_1_329' title='bbox 557 2556 635 2613; x_wconf 90' lang='lat' dir='ltr'><strong>inter</strong></span> <span class='ocrx_word' id='word_1_330' title='bbox 662 2557 824 2630; x_wconf 86' lang='lat' dir='ltr'><strong>Scriptores</strong></span> <span class='ocrx_word' id='word_1_331' title='bbox 853 2557 945 2616; x_wconf 90' lang='lat' dir='ltr'><strong>eccle·</strong></span> <span class='ocrx_word' id='word_1_332' title='bbox 999 2554 1152 2612; x_wconf 87' lang='lat' dir='ltr'><strong>sententiis</strong></span> <span class='ocrx_word' id='word_1_333' title='bbox 1176 2559 1369 2628; x_wconf 87' lang='lat' dir='ltr'><strong>compactum,</strong></span> <span class='ocrx_word' id='word_1_334' title='bbox 1394 2555 1586 2628; x_wconf 88' lang='lat' dir='ltr'><strong>omniumque</strong></span> <span class='ocrx_word' id='word_1_335' title='bbox 1613 2556 1827 2630; x_wconf 89' lang='lat' dir='ltr'><strong>antiquitatum</strong></span> 
     </span>
     <span class='ocr_line' id='line_1_27' title="bbox 119 2644 1827 2722; baseline 0 -17"><span class='ocrx_word' id='word_1_336' title='bbox 119 2646 255 2705; x_wconf 88' lang='lat' dir='ltr'><strong>siasticos</strong></span> <span class='ocrx_word' id='word_1_337' title='bbox 270 2646 459 2715; x_wconf 81' lang='lat' dir='ltr'><strong>referrentur,</strong></span> <span class='ocrx_word' id='word_1_338' title='bbox 483 2645 580 2703; x_wconf 89' lang='lat' dir='ltr'><strong>meriti</strong></span> <span class='ocrx_word' id='word_1_339' title='bbox 599 2645 668 2703; x_wconf 88' lang='lat' dir='ltr'><strong>sint.</strong></span> <span class='ocrx_word' id='word_1_340' title='bbox 696 2646 771 2712; x_wconf 84' lang='lat' dir='ltr'><strong>Quid</strong></span> <span class='ocrx_word' id='word_1_341' title='bbox 797 2647 893 2704; x_wconf 89' lang='lat' dir='ltr'><strong>dicam</strong></span> <span class='ocrx_word' id='word_1_342' title='bbox 908 2647 944 2704; x_wconf 90' lang='lat' dir='ltr'><strong>da</strong></span> <span class='ocrx_word' id='word_1_343' title='bbox 999 2647 1086 2717; x_wconf 87' lang='lat' dir='ltr'><strong>atque</strong></span> <span class='ocrx_word' id='word_1_344' title='bbox 1105 2644 1296 2700; x_wconf 87' lang='lat' dir='ltr'><strong>historiarum</strong></span> <span class='ocrx_word' id='word_1_345' title='bbox 1319 2644 1461 2701; x_wconf 91' lang='lat' dir='ltr'><strong>memoria</strong></span> <span class='ocrx_word' id='word_1_346' title='bbox 1485 2646 1636 2714; x_wconf 76' lang='lat' dir='ltr'><strong>refertum,</strong></span> <span class='ocrx_word' id='word_1_347' title='bbox 1660 2651 1689 2703; x_wconf 87' lang='lat' dir='ltr'><strong>et</strong></span> <span class='ocrx_word' id='word_1_348' title='bbox 1711 2647 1742 2703; x_wconf 92' lang='lat' dir='ltr'><strong>in</strong></span> <span class='ocrx_word' id='word_1_349' title='bbox 1767 2666 1827 2722; x_wconf 94' lang='lat' dir='ltr'><strong>quo</strong></span> 
     </span>
     <span class='ocr_line' id='line_1_28' title="bbox 118 2733 1825 2810; baseline 0.002 -18"><span class='ocrx_word' id='word_1_350' title='bbox 118 2735 169 2793; x_wconf 91' lang='lat' dir='ltr'><strong>ille</strong></span> <span class='ocrx_word' id='word_1_351' title='bbox 184 2736 222 2809; x_wconf 86' lang='grc'><strong>(3)</strong></span> <span class='ocrx_word' id='word_1_352' title='bbox 237 2734 331 2791; x_wconf 90' lang='lat' dir='ltr'><strong>Vettio</strong></span> <span class='ocrx_word' id='word_1_353' title='bbox 354 2734 505 2808; x_wconf 76' lang='lat' dir='ltr'><strong>Epagatho</strong></span> <span class='ocrx_word' id='word_1_354' title='bbox 529 2735 730 2807; x_wconf 86' lang='lat' dir='ltr'><strong>Lugdunensi,</strong></span> <span class='ocrx_word' id='word_1_355' title='bbox 755 2734 806 2808; x_wconf 93' lang='lat' dir='ltr'><strong>qui</strong></span> <span class='ocrx_word' id='word_1_356' title='bbox 830 2734 901 2792; x_wconf 93' lang='lat' dir='ltr'><strong>olim</strong></span> <span class='ocrx_word' id='word_1_357' title='bbox 916 2739 944 2793; x_wconf 88' lang='lat' dir='ltr'><strong>et</strong></span> <span class='ocrx_word' id='word_1_358' title='bbox 998 2733 1098 2806; x_wconf 90' lang='lat' dir='ltr'><strong>plures</strong></span> <span class='ocrx_word' id='word_1_359' title='bbox 1113 2733 1274 2790; x_wconf 85' lang='lat' dir='ltr'><strong>sententias</strong></span> <span class='ocrx_word' id='word_1_360' title='bbox 1290 2751 1379 2807; x_wconf 90' lang='lat' dir='ltr'><strong>quam</strong></span> <span class='ocrx_word' id='word_1_361' title='bbox 1394 2735 1529 2808; x_wconf 87' lang='lat' dir='ltr'><strong>periodos</strong></span> <span class='ocrx_word' id='word_1_362' title='bbox 1545 2752 1700 2792; x_wconf 87' lang='lat' dir='ltr'><strong>numerare</strong></span> <span class='ocrx_word' id='word_1_363' title='bbox 1714 2738 1825 2810; x_wconf 91' lang='lat' dir='ltr'><strong>possis.</strong></span> 
     </span>
     <span class='ocr_line' id='line_1_29' title="bbox 118 2822 1828 2901; baseline 0.001 -19"><span class='ocrx_word' id='word_1_364' title='bbox 118 2823 221 2882; x_wconf 88' lang='lat' dir='ltr'><strong>multis</strong></span> <span class='ocrx_word' id='word_1_365' title='bbox 236 2823 355 2898; x_wconf 91' lang='lat' dir='ltr'><strong>quidem</strong></span> <span class='ocrx_word' id='word_1_366' title='bbox 370 2828 437 2880; x_wconf 89' lang='lat' dir='ltr'><strong>ante</strong></span> <span class='ocrx_word' id='word_1_367' title='bbox 448 2823 744 2882; x_wconf 88' lang='lat' dir='ltr'><strong>Minuciumanniset</strong></span> <span class='ocrx_word' id='word_1_368' title='bbox 757 2823 823 2892; x_wconf 83' lang='lat' dir='ltr'><strong>tuit,</strong></span> <span class='ocrx_word' id='word_1_369' title='bbox 834 2828 863 2882; x_wconf 85' lang='lat' dir='ltr'><strong>et</strong></span> <span class='ocrx_word' id='word_1_370' title='bbox 876 2841 944 2897; x_wconf 87' lang='lat' dir='ltr'><strong>par·</strong></span> <span class='ocrx_word' id='word_1_371' title='bbox 997 2822 1070 2878; x_wconf 90' lang='lat' dir='ltr'><strong>Nam</strong></span> <span class='ocrx_word' id='word_1_372' title='bbox 1097 2838 1191 2895; x_wconf 91' lang='lat' dir='ltr'><strong>neque</strong></span> <span class='ocrx_word' id='word_1_373' title='bbox 1205 2823 1320 2880; x_wconf 86' lang='lat' dir='ltr'><strong>verbosi</strong></span> <span class='ocrx_word' id='word_1_374' title='bbox 1349 2823 1419 2879; x_wconf 89' lang='lat' dir='ltr'><strong>olim</strong></span> <span class='ocrx_word' id='word_1_375' title='bbox 1444 2823 1563 2880; x_wconf 82' lang='lat' dir='ltr'><strong>luerunt</strong></span> <span class='ocrx_word' id='word_1_376' title='bbox 1587 2825 1758 2895; x_wconf 88' lang='lat' dir='ltr'><strong>Christiani,</strong></span> <span class='ocrx_word' id='word_1_377' title='bbox 1774 2826 1828 2901; x_wconf 88' lang='lat' dir='ltr'><strong>qui</strong></span> 
     </span>
     <span class='ocr_line' id='line_1_30' title="bbox 117 2911 1827 2988; baseline 0.002 -18"><span class='ocrx_word' id='word_1_378' title='bbox 117 2913 172 2970; x_wconf 80' lang='lat' dir='ltr'><strong>Mm</strong></span> <span class='ocrx_word' id='word_1_379' title='bbox 191 2911 370 2986; x_wconf 77' lang='lat' dir='ltr'><strong>ignominia,</strong></span> <span class='ocrx_word' id='word_1_380' title='bbox 397 2911 505 2984; x_wconf 92' lang='lat' dir='ltr'><strong>partim</strong></span> <span class='ocrx_word' id='word_1_381' title='bbox 535 2911 654 2969; x_wconf 89' lang='lat' dir='ltr'><strong>honeris</strong></span> <span class='ocrx_word' id='word_1_382' title='bbox 681 2928 770 2970; x_wconf 88' lang='lat' dir='ltr'><strong>causa</strong></span> <span class='ocrx_word' id='word_1_383' title='bbox 797 2913 842 2986; x_wconf 93' lang='lat' dir='ltr'><strong>(ut</strong></span> <span class='ocrx_word' id='word_1_384' title='bbox 864 2913 945 2970; x_wconf 82' lang='lat' dir='ltr'><strong>varia</strong></span> <span class='ocrx_word' id='word_1_385' title='bbox 996 2912 1085 2967; x_wconf 83' lang='lat' dir='ltr'><strong>verba</strong></span> <span class='ocrx_word' id='word_1_386' title='bbox 1100 2912 1169 2967; x_wconf 88' lang='lat' dir='ltr'><strong>dare</strong></span> <span class='ocrx_word' id='word_1_387' title='bbox 1184 2912 1315 2968; x_wconf 89' lang='lat' dir='ltr'><strong>nendum</strong></span> <span class='ocrx_word' id='word_1_388' title='bbox 1332 2911 1514 2968; x_wconf 89' lang='lat' dir='ltr'><strong>didicerant:</strong></span> <span class='ocrx_word' id='word_1_389' title='bbox 1539 2918 1568 2969; x_wconf 89' lang='lat' dir='ltr'><strong>et</strong></span> <span class='ocrx_word' id='word_1_390' title='bbox 1590 2930 1693 2970; x_wconf 91' lang='lat' dir='ltr'><strong>eorum</strong></span> <span class='ocrx_word' id='word_1_391' title='bbox 1708 2917 1827 2988; x_wconf 86' lang='lat' dir='ltr'><strong>patroni</strong></span> 
     </span>
     <span class='ocr_line' id='line_1_31' title="bbox 118 2997 1826 3078; baseline 0.001 -19"><span class='ocrx_word' id='word_1_392' title='bbox 118 3005 189 3060; x_wconf 89' lang='grc' dir='ltr'><strong>ωηο</strong></span> <span class='ocrx_word' id='word_1_393' title='bbox 203 3004 286 3057; x_wconf 89' lang='lat' dir='ltr'><strong>erant</strong></span> <span class='ocrx_word' id='word_1_394' title='bbox 299 2998 454 3057; x_wconf 87' lang='lat' dir='ltr'><strong>hominum</strong></span> <span class='ocrx_word' id='word_1_395' title='bbox 469 2998 505 3056; x_wconf 87' lang='lat' dir='ltr'><strong>de</strong></span> <span class='ocrx_word' id='word_1_396' title='bbox 528 2997 667 3071; x_wconf 82' lang='lat' dir='ltr'><strong>religione</strong></span> <span class='ocrx_word' id='word_1_397' title='bbox 678 3000 802 3074; x_wconf 82' lang='lat' dir='ltr'><strong>judicia)</strong></span> <span class='ocrx_word' id='word_1_398' title='bbox 827 3001 943 3075; x_wconf 87' lang='lat' dir='ltr'><strong>publice</strong></span> <span class='ocrx_word' id='word_1_399' title='bbox 997 3004 1081 3056; x_wconf 86' lang='lat' dir='ltr'><strong>erant</strong></span> <span class='ocrx_word' id='word_1_400' title='bbox 1095 2998 1230 3057; x_wconf 84' lang='lat' dir='ltr'><strong>hemines</strong></span> <span class='ocrx_word' id='word_1_401' title='bbox 1240 3000 1328 3068; x_wconf 91' lang='lat' dir='ltr'><strong>docti,</strong></span> <span class='ocrx_word' id='word_1_402' title='bbox 1340 3017 1384 3073; x_wconf 90' lang='lat' dir='ltr'><strong>ac,</strong></span> <span class='ocrx_word' id='word_1_403' title='bbox 1402 3006 1433 3056; x_wconf 93' lang='lat' dir='ltr'><strong>ut</strong></span> <span class='ocrx_word' id='word_1_404' title='bbox 1444 3018 1502 3057; x_wconf 88' lang='lat' dir='ltr'><strong>uno</strong></span> <span class='ocrx_word' id='word_1_405' title='bbox 1517 3002 1603 3058; x_wconf 89' lang='lat' dir='ltr'><strong>verbo</strong></span> <span class='ocrx_word' id='word_1_406' title='bbox 1618 3002 1725 3076; x_wconf 88' lang='lat' dir='ltr'><strong>dicam,</strong></span> <span class='ocrx_word' id='word_1_407' title='bbox 1742 3005 1826 3078; x_wconf 89' lang='lat' dir='ltr'><strong>poly-</strong></span> 
     </span>
     <span class='ocr_line' id='line_1_32' title="bbox 118 3086 1826 3163; baseline 0.002 -15"><span class='ocrx_word' id='word_1_408' title='bbox 118 3089 282 3163; x_wconf 88' lang='lat' dir='ltr'><strong>appellatus</strong></span> <span class='ocrx_word' id='word_1_409' title='bbox 302 3090 348 3145; x_wconf 90' lang='lat' dir='ltr'><strong>est</strong></span> <span class='ocrx_word' id='word_1_410' title='bbox 361 3089 400 3160; x_wconf 75' lang='lat' dir='ltr'><strong>(t)</strong></span> <span class='ocrx_word' id='word_1_411' title='bbox 423 3104 587 3146; x_wconf 65' lang='lat' dir='ltr'><strong>invocares</strong></span> <span class='ocrx_word' id='word_1_412' title='bbox 610 3092 868 3148; x_wconf 80' lang='lat' dir='ltr'><strong>assisrraaoauu?</strong></span> <span class='ocrx_word' id='word_1_413' title='bbox 898 3093 941 3148; x_wconf 89' lang='grc' dir='ltr'><strong>Αη</strong></span> <span class='ocrx_word' id='word_1_414' title='bbox 997 3086 1135 3144; x_wconf 88' lang='lat' dir='ltr'><strong>histores.</strong></span> <span class='ocrx_word' id='word_1_415' title='bbox 1151 3087 1232 3152; x_wconf 80' lang='lat' dir='ltr'><strong>Quod</strong></span> <span class='ocrx_word' id='word_1_416' title='bbox 1248 3089 1285 3144; x_wconf 69' lang='lat' dir='ltr'><strong>ad</strong></span> <span class='ocrx_word' id='word_1_417' title='bbox 1308 3087 1384 3146; x_wconf 68' lang='lat' dir='ltr'><strong>stlte</strong></span> <span class='ocrx_word' id='word_1_418' title='bbox 1408 3089 1531 3145; x_wconf 73' lang='lat' dir='ltr'><strong>erimina</strong></span> <span class='ocrx_word' id='word_1_419' title='bbox 1546 3091 1660 3160; x_wconf 78' lang='lat' dir='ltr'><strong>attinet,</strong></span> <span class='ocrx_word' id='word_1_420' title='bbox 1688 3107 1747 3148; x_wconf 85' lang='lat' dir='ltr'><strong>non</strong></span> <span class='ocrx_word' id='word_1_421' title='bbox 1763 3097 1826 3150; x_wconf 86' lang='lat' dir='ltr'><strong>tam</strong></span> 
     </span>
     <span class='ocr_line' id='line_1_33' title="bbox 118 3158 1827 3251; baseline 0.003 -16"><span class='ocrx_word' id='word_1_422' title='bbox 118 3178 225 3235; x_wconf 90' lang='lat' dir='ltr'><strong>horum</strong></span> <span class='ocrx_word' id='word_1_423' title='bbox 240 3193 359 3234; x_wconf 88' lang='lat' dir='ltr'><strong>causam</strong></span> <span class='ocrx_word' id='word_1_424' title='bbox 369 3176 527 3249; x_wconf 85' lang='lat' dir='ltr'><strong>aliquando</strong></span> <span class='ocrx_word' id='word_1_425' title='bbox 540 3176 571 3233; x_wconf 91' lang='lat' dir='ltr'><strong>iu</strong></span> <span class='ocrx_word' id='word_1_426' title='bbox 586 3175 648 3234; x_wconf 88' lang='lat' dir='ltr'><strong>iore</strong></span> <span class='ocrx_word' id='word_1_427' title='bbox 659 3177 783 3236; x_wconf 83' lang='lat' dir='ltr'><strong>Roman.</strong></span> <span class='ocrx_word' id='word_1_428' title='bbox 794 3178 941 3239; x_wconf 68' lang='lat' dir='ltr'><strong>Minucius</strong></span> <span class='ocrx_word' id='word_1_429' title='bbox 956 3158 978 3229; x_wconf 83' lang='lat' dir='ltr'><strong>C</strong></span> <span class='ocrx_word' id='word_1_430' title='bbox 996 3175 1093 3233; x_wconf 88' lang='lat' dir='ltr'><strong>verbis</strong></span> <span class='ocrx_word' id='word_1_431' title='bbox 1107 3179 1137 3232; x_wconf 90' lang='lat' dir='ltr'><strong>ct</strong></span> <span class='ocrx_word' id='word_1_432' title='bbox 1157 3174 1274 3249; x_wconf 90' lang='lat' dir='ltr'><strong>libellis,</strong></span> <span class='ocrx_word' id='word_1_433' title='bbox 1299 3193 1388 3249; x_wconf 88' lang='lat' dir='ltr'><strong>quam</strong></span> <span class='ocrx_word' id='word_1_434' title='bbox 1404 3178 1465 3234; x_wconf 87' lang='lat' dir='ltr'><strong>vita</strong></span> <span class='ocrx_word' id='word_1_435' title='bbox 1478 3181 1507 3235; x_wconf 92' lang='lat' dir='ltr'><strong>et</strong></span> <span class='ocrx_word' id='word_1_436' title='bbox 1521 3195 1551 3234; x_wconf 90' lang='lat' dir='ltr'><strong>re</strong></span> <span class='ocrx_word' id='word_1_437' title='bbox 1566 3178 1631 3251; x_wconf 88' lang='lat' dir='ltr'><strong>ipse</strong></span> <span class='ocrx_word' id='word_1_438' title='bbox 1654 3179 1827 3240; x_wconf 77' lang='lat' dir='ltr'><strong>refellebant</strong></span> 
     </span>
     <span class='ocr_line' id='line_1_34' title="bbox 118 3262 1189 3342; baseline -0.005 -17"><span class='ocrx_word' id='word_1_439' title='bbox 118 3265 220 3342; x_wconf 79' lang='lat' dir='ltr'><strong>egerit,</strong></span> <span class='ocrx_word' id='word_1_440' title='bbox 236 3265 345 3324; x_wconf 91' lang='lat' dir='ltr'><strong>nescio.</strong></span> <span class='ocrx_word' id='word_1_441' title='bbox 361 3265 444 3324; x_wconf 83' lang='lat' dir='ltr'><strong>Certe</strong></span> <span class='ocrx_word' id='word_1_442' title='bbox 465 3263 663 3323; x_wconf 80' lang='lat' dir='ltr'><strong>Tertullianus</strong></span> <span class='ocrx_word' id='word_1_443' title='bbox 676 3265 723 3323; x_wconf 85' lang='lat' dir='ltr'><strong>vix</strong></span> <span class='ocrx_word' id='word_1_444' title='bbox 747 3266 802 3324; x_wconf 92' lang='lat' dir='ltr'><strong>hec</strong></span> <span class='ocrx_word' id='word_1_445' title='bbox 823 3266 944 3327; x_wconf 85' lang='lat' dir='ltr'><strong>licuisse</strong></span> <span class='ocrx_word' id='word_1_446' title='bbox 997 3262 1189 3321; x_wconf 85' lang='lat' dir='ltr'><strong>adversarios.</strong></span> 
     </span>
    </p>

    <p class='ocr_par' dir='ltr' id='par_1_5' title="bbox 115 3351 1825 5031">
     <span class='ocr_line' id='line_1_35' title="bbox 119 3351 1825 3431; baseline 0.002 -18"><span class='ocrx_word' id='word_1_447' title='bbox 119 3355 275 3429; x_wconf 80' lang='lat' dir='ltr'><strong>significat.</strong></span> <span class='ocrx_word' id='word_1_448' title='bbox 291 3352 362 3412; x_wconf 87' lang='lat' dir='ltr'><strong>Tam</strong></span> <span class='ocrx_word' id='word_1_449' title='bbox 378 3354 479 3412; x_wconf 90' lang='lat' dir='ltr'><strong>odiosa</strong></span> <span class='ocrx_word' id='word_1_450' title='bbox 493 3357 564 3411; x_wconf 90' lang='lat' dir='ltr'><strong>tunc</strong></span> <span class='ocrx_word' id='word_1_451' title='bbox 583 3358 646 3411; x_wconf 89' lang='lat' dir='ltr'><strong>erat</strong></span> <span class='ocrx_word' id='word_1_452' title='bbox 668 3371 769 3412; x_wconf 91' lang='lat' dir='ltr'><strong>eorum</strong></span> <span class='ocrx_word' id='word_1_453' title='bbox 792 3355 853 3413; x_wconf 91' lang='lat' dir='ltr'><strong>sive</strong></span> <span class='ocrx_word' id='word_1_454' title='bbox 874 3356 942 3414; x_wconf 90' lang='lat' dir='ltr'><strong>reli·</strong></span> <span class='ocrx_word' id='word_1_455' title='bbox 1031 3351 1158 3418; x_wconf 75' lang='lat' dir='ltr'><strong>Quaestio</strong></span> <span class='ocrx_word' id='word_1_456' title='bbox 1173 3368 1236 3426; x_wconf 83' lang='lat' dir='ltr'><strong>que</strong></span> <span class='ocrx_word' id='word_1_457' title='bbox 1255 3351 1304 3409; x_wconf 90' lang='lat' dir='ltr'><strong>hic</strong></span> <span class='ocrx_word' id='word_1_458' title='bbox 1331 3354 1515 3427; x_wconf 87' lang='lat' dir='ltr'><strong>proponitur,</strong></span> <span class='ocrx_word' id='word_1_459' title='bbox 1544 3359 1573 3412; x_wconf 90' lang='lat' dir='ltr'><strong>ct</strong></span> <span class='ocrx_word' id='word_1_460' title='bbox 1598 3373 1688 3414; x_wconf 88' lang='lat' dir='ltr'><strong>causa</strong></span> <span class='ocrx_word' id='word_1_461' title='bbox 1713 3360 1825 3431; x_wconf 89' lang='lat' dir='ltr'><strong>quade</strong></span> 
     </span>
     <span class='ocr_line' id='line_1_36' title="bbox 118 3442 1825 3519; baseline 0.003 -19"><span class='ocrx_word' id='word_1_462' title='bbox 118 3445 177 3519; x_wconf 90' lang='lat' dir='ltr'><strong>gio,</strong></span> <span class='ocrx_word' id='word_1_463' title='bbox 191 3445 252 3501; x_wconf 85' lang='lat' dir='ltr'><strong>sive</strong></span> <span class='ocrx_word' id='word_1_464' title='bbox 275 3443 414 3513; x_wconf 84' lang='lat' dir='ltr'><strong>Ecclesia,</strong></span> <span class='ocrx_word' id='word_1_465' title='bbox 430 3442 477 3500; x_wconf 89' lang='lat' dir='ltr'><strong>cui</strong></span> <span class='ocrx_word' id='word_1_466' title='bbox 502 3446 596 3500; x_wconf 86' lang='lat' dir='ltr'><strong>status</strong></span> <span class='ocrx_word' id='word_1_467' title='bbox 621 3442 787 3517; x_wconf 76' lang='lat' dir='ltr'><strong>reipublice</strong></span> <span class='ocrx_word' id='word_1_468' title='bbox 811 3445 942 3519; x_wconf 86' lang='lat' dir='ltr'><strong>imperii·</strong></span> <span class='ocrx_word' id='word_1_469' title='bbox 995 3442 1094 3514; x_wconf 86' lang='lat' dir='ltr'><strong>agitur</strong></span> <span class='ocrx_word' id='word_1_470' title='bbox 1115 3456 1222 3513; x_wconf 85' lang='lat' dir='ltr'><strong>magna</strong></span> <span class='ocrx_word' id='word_1_471' title='bbox 1237 3444 1292 3514; x_wconf 90' lang='lat' dir='ltr'><strong>eet,</strong></span> <span class='ocrx_word' id='word_1_472' title='bbox 1322 3443 1358 3500; x_wconf 90' lang='lat' dir='ltr'><strong>de</strong></span> <span class='ocrx_word' id='word_1_473' title='bbox 1386 3442 1525 3516; x_wconf 89' lang='lat' dir='ltr'><strong>religione</strong></span> <span class='ocrx_word' id='word_1_474' title='bbox 1553 3462 1657 3519; x_wconf 91' lang='lat' dir='ltr'><strong>nempe</strong></span> <span class='ocrx_word' id='word_1_475' title='bbox 1680 3463 1750 3505; x_wconf 89' lang='lat' dir='ltr'><strong>vcra</strong></span> <span class='ocrx_word' id='word_1_476' title='bbox 1772 3452 1825 3506; x_wconf 89' lang='lat' dir='ltr'><strong>aut</strong></span> 
     </span>
     <span class='ocr_line' id='line_1_37' title="bbox 118 3529 1823 3608; baseline 0.003 -20"><span class='ocrx_word' id='word_1_477' title='bbox 118 3548 175 3608; x_wconf 91' lang='lat' dir='ltr'><strong>que</strong></span> <span class='ocrx_word' id='word_1_478' title='bbox 190 3533 274 3589; x_wconf 83' lang='lat' dir='ltr'><strong>Rom.</strong></span> <span class='ocrx_word' id='word_1_479' title='bbox 290 3531 509 3599; x_wconf 84' lang='lat' dir='ltr'><strong>adversabatur,</strong></span> <span class='ocrx_word' id='word_1_480' title='bbox 534 3533 709 3604; x_wconf 77' lang='lat' dir='ltr'><strong>totqucjam</strong></span> <span class='ocrx_word' id='word_1_481' title='bbox 738 3536 801 3590; x_wconf 86' lang='lat' dir='ltr'><strong>erat</strong></span> <span class='ocrx_word' id='word_1_482' title='bbox 815 3534 941 3606; x_wconf 89' lang='lat' dir='ltr'><strong>puhlicis</strong></span> <span class='ocrx_word' id='word_1_483' title='bbox 995 3529 1081 3587; x_wconf 82' lang='lat' dir='ltr'><strong>talea.</strong></span> <span class='ocrx_word' id='word_1_484' title='bbox 1095 3530 1245 3587; x_wconf 82' lang='lat' dir='ltr'><strong>Acerrime</strong></span> <span class='ocrx_word' id='word_1_485' title='bbox 1260 3529 1398 3603; x_wconf 90' lang='lat' dir='ltr'><strong>utrinque</strong></span> <span class='ocrx_word' id='word_1_486' title='bbox 1422 3537 1466 3589; x_wconf 92' lang='lat' dir='ltr'><strong>est</strong></span> <span class='ocrx_word' id='word_1_487' title='bbox 1488 3534 1563 3590; x_wconf 90' lang='lat' dir='ltr'><strong>actio</strong></span> <span class='ocrx_word' id='word_1_488' title='bbox 1590 3539 1678 3606; x_wconf 89' lang='lat' dir='ltr'><strong>atque</strong></span> <span class='ocrx_word' id='word_1_489' title='bbox 1701 3541 1823 3593; x_wconf 93' lang='lat' dir='ltr'><strong>conten·</strong></span> 
     </span>
     <span class='ocr_line' id='line_1_38' title="bbox 117 3618 1824 3696; baseline 0.003 -19"><span class='ocrx_word' id='word_1_490' title='bbox 117 3620 295 3696; x_wconf 78' lang='lat' dir='ltr'><strong>prejudiciis</strong></span> <span class='ocrx_word' id='word_1_491' title='bbox 310 3621 455 3689; x_wconf 83' lang='lat' dir='ltr'><strong>contessa,</strong></span> <span class='ocrx_word' id='word_1_492' title='bbox 472 3623 505 3676; x_wconf 95' lang='lat' dir='ltr'><strong>ut</strong></span> <span class='ocrx_word' id='word_1_493' title='bbox 523 3618 618 3693; x_wconf 90' lang='lat' dir='ltr'><strong>ipsius</strong></span> <span class='ocrx_word' id='word_1_494' title='bbox 639 3621 768 3679; x_wconf 91' lang='lat' dir='ltr'><strong>nominis</strong></span> <span class='ocrx_word' id='word_1_495' title='bbox 782 3622 940 3680; x_wconf 83' lang='lat' dir='ltr'><strong>Christiani</strong></span> <span class='ocrx_word' id='word_1_496' title='bbox 995 3618 1047 3676; x_wconf 91' lang='lat' dir='ltr'><strong>tio.</strong></span> <span class='ocrx_word' id='word_1_497' title='bbox 1077 3619 1180 3676; x_wconf 81' lang='lat' dir='ltr'><strong>lixitus</strong></span> <span class='ocrx_word' id='word_1_498' title='bbox 1201 3623 1231 3676; x_wconf 88' lang='lat' dir='ltr'><strong>et</strong></span> <span class='ocrx_word' id='word_1_499' title='bbox 1246 3619 1368 3677; x_wconf 86' lang='lat' dir='ltr'><strong>victoria</strong></span> <span class='ocrx_word' id='word_1_500' title='bbox 1386 3625 1432 3677; x_wconf 91' lang='lat' dir='ltr'><strong>est</strong></span> <span class='ocrx_word' id='word_1_501' title='bbox 1459 3620 1556 3694; x_wconf 90' lang='lat' dir='ltr'><strong>qualis</strong></span> <span class='ocrx_word' id='word_1_502' title='bbox 1583 3639 1647 3680; x_wconf 88' lang='lat' dir='ltr'><strong>esse</strong></span> <span class='ocrx_word' id='word_1_503' title='bbox 1661 3624 1758 3693; x_wconf 87' lang='lat' dir='ltr'><strong>debet,</strong></span> <span class='ocrx_word' id='word_1_504' title='bbox 1771 3626 1824 3682; x_wconf 90' lang='lat' dir='ltr'><strong>ubi</strong></span> 
     </span>
     <span class='ocr_line' id='line_1_39' title="bbox 116 3707 1823 3785; baseline 0.003 -18"><span class='ocrx_word' id='word_1_505' title='bbox 116 3709 261 3767; x_wconf 78' lang='lat' dir='ltr'><strong>confessio</strong></span> <span class='ocrx_word' id='word_1_506' title='bbox 289 3710 325 3765; x_wconf 91' lang='lat' dir='ltr'><strong>ad</strong></span> <span class='ocrx_word' id='word_1_507' title='bbox 351 3707 568 3765; x_wconf 87' lang='lat' dir='ltr'><strong>damnationem</strong></span> <span class='ocrx_word' id='word_1_508' title='bbox 592 3709 666 3766; x_wconf 86' lang='lat' dir='ltr'><strong>eatis</strong></span> <span class='ocrx_word' id='word_1_509' title='bbox 694 3713 781 3766; x_wconf 88' lang='lat' dir='ltr'><strong>esset.</strong></span> <span class='ocrx_word' id='word_1_510' title='bbox 812 3713 940 3769; x_wconf 87' lang='lat' dir='ltr'><strong>Tantum</strong></span> <span class='ocrx_word' id='word_1_511' title='bbox 995 3724 1097 3765; x_wconf 85' lang='lat' dir='ltr'><strong>verum</strong></span> <span class='ocrx_word' id='word_1_512' title='bbox 1113 3708 1268 3766; x_wconf 84' lang='lat' dir='ltr'><strong>cumialsc</strong></span> <span class='ocrx_word' id='word_1_513' title='bbox 1293 3709 1432 3784; x_wconf 85' lang='lat' dir='ltr'><strong>confligit.</strong></span> <span class='ocrx_word' id='word_1_514' title='bbox 1460 3710 1603 3767; x_wconf 87' lang='lat' dir='ltr'><strong>Maiarum</strong></span> <span class='ocrx_word' id='word_1_515' title='bbox 1629 3713 1758 3785; x_wconf 88' lang='lat' dir='ltr'><strong>partium</strong></span> <span class='ocrx_word' id='word_1_516' title='bbox 1775 3730 1823 3772; x_wconf 88' lang='lat' dir='ltr'><strong>ve·</strong></span> 
     </span>
     <span class='ocr_line' id='line_1_40' title="bbox 116 3795 1825 3874; baseline 0.004 -18"><span class='ocrx_word' id='word_1_517' title='bbox 116 3800 209 3866; x_wconf 83' lang='lat' dir='ltr'><strong>abest,</strong></span> <span class='ocrx_word' id='word_1_518' title='bbox 238 3802 272 3854; x_wconf 88' lang='lat' dir='ltr'><strong>ut</strong></span> <span class='ocrx_word' id='word_1_519' title='bbox 293 3796 384 3869; x_wconf 86' lang='lat' dir='ltr'><strong>hujus</strong></span> <span class='ocrx_word' id='word_1_520' title='bbox 412 3795 564 3870; x_wconf 86' lang='lat' dir='ltr'><strong>religionis</strong></span> <span class='ocrx_word' id='word_1_521' title='bbox 592 3802 681 3869; x_wconf 87' lang='lat' dir='ltr'><strong>esset,</strong></span> <span class='ocrx_word' id='word_1_522' title='bbox 711 3815 774 3871; x_wconf 84' lang='lat' dir='ltr'><strong>qure</strong></span> <span class='ocrx_word' id='word_1_523' title='bbox 798 3798 940 3859; x_wconf 87' lang='lat' dir='ltr'><strong>libertatis</strong></span> <span class='ocrx_word' id='word_1_524' title='bbox 995 3796 1116 3854; x_wconf 84' lang='lat' dir='ltr'><strong>hemena</strong></span> <span class='ocrx_word' id='word_1_525' title='bbox 1138 3803 1282 3872; x_wconf 86' lang='lat' dir='ltr'><strong>patronus</strong></span> <span class='ocrx_word' id='word_1_526' title='bbox 1309 3803 1339 3855; x_wconf 92' lang='lat' dir='ltr'><strong>et</strong></span> <span class='ocrx_word' id='word_1_527' title='bbox 1362 3800 1507 3856; x_wconf 88' lang='lat' dir='ltr'><strong>honarum</strong></span> <span class='ocrx_word' id='word_1_528' title='bbox 1532 3802 1628 3874; x_wconf 87' lang='lat' dir='ltr'><strong>gravis</strong></span> <span class='ocrx_word' id='word_1_529' title='bbox 1656 3801 1753 3860; x_wconf 88' lang='lat' dir='ltr'><strong>hostis</strong></span> <span class='ocrx_word' id='word_1_530' title='bbox 1779 3808 1825 3862; x_wconf 91' lang='lat' dir='ltr'><strong>est</strong></span> 
     </span>
     <span class='ocr_line' id='line_1_41' title="bbox 115 3886 1824 3960; baseline 0.003 -15"><span class='ocrx_word' id='word_1_531' title='bbox 115 3891 188 3954; x_wconf 88' lang='lat' dir='ltr'><strong>erat,</strong></span> <span class='ocrx_word' id='word_1_532' title='bbox 203 3886 337 3944; x_wconf 86' lang='lat' dir='ltr'><strong>assertio.</strong></span> <span class='ocrx_word' id='word_1_533' title='bbox 365 3886 422 3942; x_wconf 90' lang='lat' dir='ltr'><strong>Sed</strong></span> <span class='ocrx_word' id='word_1_534' title='bbox 446 3889 528 3942; x_wconf 89' lang='lat' dir='ltr'><strong>tanto</strong></span> <span class='ocrx_word' id='word_1_535' title='bbox 554 3886 648 3960; x_wconf 88' lang='lat' dir='ltr'><strong>magis</strong></span> <span class='ocrx_word' id='word_1_536' title='bbox 672 3887 783 3945; x_wconf 90' lang='lat' dir='ltr'><strong>interea</strong></span> <span class='ocrx_word' id='word_1_537' title='bbox 805 3888 895 3946; x_wconf 89' lang='lat' dir='ltr'><strong>miror</strong></span> <span class='ocrx_word' id='word_1_538' title='bbox 908 3889 940 3948; x_wconf 92' lang='lat' dir='ltr'><strong>in</strong></span> <span class='ocrx_word' id='word_1_539' title='bbox 995 3886 1128 3944; x_wconf 81' lang='lat' dir='ltr'><strong>Caeilius</strong></span> <span class='ocrx_word' id='word_1_540' title='bbox 1143 3886 1269 3944; x_wconf 87' lang='lat' dir='ltr'><strong>Natalis.</strong></span> <span class='ocrx_word' id='word_1_541' title='bbox 1282 3887 1393 3945; x_wconf 82' lang='lat' dir='ltr'><strong>Earum</strong></span> <span class='ocrx_word' id='word_1_542' title='bbox 1408 3893 1510 3945; x_wconf 92' lang='lat' dir='ltr'><strong>contra</strong></span> <span class='ocrx_word' id='word_1_543' title='bbox 1526 3888 1629 3945; x_wconf 85' lang='lat' dir='ltr'><strong>vindex</strong></span> <span class='ocrx_word' id='word_1_544' title='bbox 1651 3895 1680 3946; x_wconf 87' lang='lat' dir='ltr'><strong>et</strong></span> <span class='ocrx_word' id='word_1_545' title='bbox 1703 3890 1824 3950; x_wconf 91' lang='lat' dir='ltr'><strong>illarum</strong></span> 
     </span>
     <span class='ocr_line' id='line_1_42' title="bbox 117 3974 1824 4049; baseline 0.004 -16"><span class='ocrx_word' id='word_1_546' title='bbox 117 3982 177 4034; x_wconf 88' lang='lat' dir='ltr'><strong>tam</strong></span> <span class='ocrx_word' id='word_1_547' title='bbox 194 3976 315 4049; x_wconf 82' lang='lat' dir='ltr'><strong>profano</strong></span> <span class='ocrx_word' id='word_1_548' title='bbox 330 3978 359 4032; x_wconf 88' lang='lat' dir='ltr'><strong>et</strong></span> <span class='ocrx_word' id='word_1_549' title='bbox 373 3974 493 4032; x_wconf 89' lang='lat' dir='ltr'><strong>inimico</strong></span> <span class='ocrx_word' id='word_1_550' title='bbox 504 3975 566 4032; x_wconf 87' lang='lat' dir='ltr'><strong>iore</strong></span> <span class='ocrx_word' id='word_1_551' title='bbox 581 3975 742 4033; x_wconf 87' lang='lat' dir='ltr'><strong>consistere</strong></span> <span class='ocrx_word' id='word_1_552' title='bbox 756 3976 939 4035; x_wconf 89' lang='lat' dir='ltr'><strong>causidicum</strong></span> <span class='ocrx_word' id='word_1_553' title='bbox 995 3980 1147 4033; x_wconf 88' lang='lat' dir='ltr'><strong>accusator</strong></span> <span class='ocrx_word' id='word_1_554' title='bbox 1161 3977 1324 4034; x_wconf 82' lang='lat' dir='ltr'><strong>acerrimus</strong></span> <span class='ocrx_word' id='word_1_555' title='bbox 1339 3977 1619 4049; x_wconf 87' lang='lat' dir='ltr'><strong>atquejustissimus</strong></span> <span class='ocrx_word' id='word_1_556' title='bbox 1630 3983 1673 4036; x_wconf 86' lang='lat' dir='ltr'><strong>est</strong></span> <span class='ocrx_word' id='word_1_557' title='bbox 1685 3980 1824 4040; x_wconf 82' lang='lat' dir='ltr'><strong>Octavius</strong></span> 
     </span>
     <span class='ocr_line' id='line_1_43' title="bbox 118 4062 1825 4142; baseline 0.005 -21"><span class='ocrx_word' id='word_1_558' title='bbox 118 4064 200 4139; x_wconf 89' lang='lat' dir='ltr'><strong>pium</strong></span> <span class='ocrx_word' id='word_1_559' title='bbox 215 4063 356 4137; x_wconf 88' lang='lat' dir='ltr'><strong>potuisse.</strong></span> <span class='ocrx_word' id='word_1_560' title='bbox 372 4062 480 4120; x_wconf 86' lang='lat' dir='ltr'><strong>Mirum</strong></span> <span class='ocrx_word' id='word_1_561' title='bbox 493 4079 572 4134; x_wconf 86' lang='lat' dir='ltr'><strong>vero,</strong></span> <span class='ocrx_word' id='word_1_562' title='bbox 592 4080 658 4120; x_wconf 91' lang='lat' dir='ltr'><strong>cum</strong></span> <span class='ocrx_word' id='word_1_563' title='bbox 670 4065 734 4137; x_wconf 82' lang='lat' dir='ltr'><strong>jam</strong></span> <span class='ocrx_word' id='word_1_564' title='bbox 749 4065 835 4122; x_wconf 88' lang='lat' dir='ltr'><strong>annis</strong></span> <span class='ocrx_word' id='word_1_565' title='bbox 851 4082 940 4141; x_wconf 92' lang='lat' dir='ltr'><strong>prope</strong></span> <span class='ocrx_word' id='word_1_566' title='bbox 994 4065 1163 4124; x_wconf 79' lang='lat' dir='ltr'><strong>lanuariue.</strong></span> <span class='ocrx_word' id='word_1_567' title='bbox 1180 4066 1294 4124; x_wconf 90' lang='lat' dir='ltr'><strong>Medius</strong></span> <span class='ocrx_word' id='word_1_568' title='bbox 1316 4066 1399 4124; x_wconf 89' lang='lat' dir='ltr'><strong>sedet</strong></span> <span class='ocrx_word' id='word_1_569' title='bbox 1412 4067 1508 4124; x_wconf 92' lang='lat' dir='ltr'><strong>bonus</strong></span> <span class='ocrx_word' id='word_1_570' title='bbox 1531 4067 1623 4139; x_wconf 87' lang='lat' dir='ltr'><strong>judex</strong></span> <span class='ocrx_word' id='word_1_571' title='bbox 1638 4073 1726 4142; x_wconf 84' lang='lat' dir='ltr'><strong>atque</strong></span> <span class='ocrx_word' id='word_1_572' title='bbox 1746 4072 1825 4129; x_wconf 89' lang='lat' dir='ltr'><strong>arbi·</strong></span> 
     </span>
     <span class='ocr_line' id='line_1_44' title="bbox 118 4152 1823 4234; baseline 0.002 -22"><span class='ocrx_word' id='word_1_573' title='bbox 118 4153 252 4212; x_wconf 89' lang='lat' dir='ltr'><strong>ducentis</strong></span> <span class='ocrx_word' id='word_1_574' title='bbox 275 4153 355 4211; x_wconf 90' lang='lat' dir='ltr'><strong>orbis</strong></span> <span class='ocrx_word' id='word_1_575' title='bbox 379 4154 530 4210; x_wconf 83' lang='lat' dir='ltr'><strong>Romanus</strong></span> <span class='ocrx_word' id='word_1_576' title='bbox 552 4157 582 4210; x_wconf 89' lang='lat' dir='ltr'><strong>st</strong></span> <span class='ocrx_word' id='word_1_577' title='bbox 604 4152 701 4226; x_wconf 88' lang='lat' dir='ltr'><strong>palam</strong></span> <span class='ocrx_word' id='word_1_578' title='bbox 725 4157 755 4211; x_wconf 89' lang='lat' dir='ltr'><strong>et</strong></span> <span class='ocrx_word' id='word_1_579' title='bbox 777 4155 893 4228; x_wconf 89' lang='lat' dir='ltr'><strong>publice</strong></span> <span class='ocrx_word' id='word_1_580' title='bbox 911 4161 941 4214; x_wconf 91' lang='lat' dir='ltr'><strong>et</strong></span> <span class='ocrx_word' id='word_1_581' title='bbox 994 4158 1038 4211; x_wconf 91' lang='lat' dir='ltr'><strong>ter</strong></span> <span class='ocrx_word' id='word_1_582' title='bbox 1067 4154 1214 4212; x_wconf 90' lang='lat' dir='ltr'><strong>Minucius</strong></span> <span class='ocrx_word' id='word_1_583' title='bbox 1251 4154 1341 4211; x_wconf 81' lang='lat' dir='ltr'><strong>Felix.</strong></span> <span class='ocrx_word' id='word_1_584' title='bbox 1372 4155 1573 4213; x_wconf 89' lang='lat' dir='ltr'><strong>Contentionis</strong></span> <span class='ocrx_word' id='word_1_585' title='bbox 1611 4159 1726 4215; x_wconf 90' lang='lat' dir='ltr'><strong>occasio</strong></span> <span class='ocrx_word' id='word_1_586' title='bbox 1754 4159 1823 4234; x_wconf 85' lang='lat' dir='ltr'><strong>ruit,</strong></span> 
     </span>
     <span class='ocr_line' id='line_1_45' title="bbox 117 4240 1823 4322; baseline 0.005 -22"><span class='ocrx_word' id='word_1_587' title='bbox 117 4243 209 4301; x_wconf 90' lang='lat' dir='ltr'><strong>libere</strong></span> <span class='ocrx_word' id='word_1_588' title='bbox 232 4241 349 4300; x_wconf 90' lang='lat' dir='ltr'><strong>Christo</strong></span> <span class='ocrx_word' id='word_1_589' title='bbox 373 4258 480 4299; x_wconf 89' lang='lat' dir='ltr'><strong>nomen</strong></span> <span class='ocrx_word' id='word_1_590' title='bbox 509 4240 649 4311; x_wconf 87' lang='lat' dir='ltr'><strong>dedisset,</strong></span> <span class='ocrx_word' id='word_1_591' title='bbox 670 4241 840 4300; x_wconf 87' lang='lat' dir='ltr'><strong>auctoribus</strong></span> <span class='ocrx_word' id='word_1_592' title='bbox 868 4243 940 4318; x_wconf 89' lang='lat' dir='ltr'><strong>ipsis</strong></span> <span class='ocrx_word' id='word_1_593' title='bbox 994 4243 1425 4316; x_wconf 89' lang='lat' dir='ltr'><strong>quodcumhiecumduohus</strong></span> <span class='ocrx_word' id='word_1_594' title='bbox 1444 4244 1823 4322; x_wconf 83' lang='lat' dir='ltr'><strong>illis,qu0sncmiuavi,in</strong></span> 
     </span>
     <span class='ocr_line' id='line_1_46' title="bbox 118 4329 1823 4405; baseline 0.005 -17"><span class='ocrx_word' id='word_1_595' title='bbox 118 4332 355 4405; x_wconf 85' lang='lat' dir='ltr'><strong>imperatoribus,</strong></span> <span class='ocrx_word' id='word_1_596' title='bbox 385 4331 479 4389; x_wconf 86' lang='lat' dir='ltr'><strong>visam</strong></span> <span class='ocrx_word' id='word_1_597' title='bbox 509 4346 574 4388; x_wconf 87' lang='lat' dir='ltr'><strong>esse</strong></span> <span class='ocrx_word' id='word_1_598' title='bbox 602 4329 696 4404; x_wconf 86' lang='lat' dir='ltr'><strong>legem</strong></span> <span class='ocrx_word' id='word_1_599' title='bbox 732 4332 940 4404; x_wconf 88' lang='lat' dir='ltr'><strong>necessariam,</strong></span> <span class='ocrx_word' id='word_1_600' title='bbox 995 4331 1092 4389; x_wconf 87' lang='lat' dir='ltr'><strong>littore</strong></span> <span class='ocrx_word' id='word_1_601' title='bbox 1106 4331 1233 4390; x_wconf 88' lang='lat' dir='ltr'><strong>Ostiensi</strong></span> <span class='ocrx_word' id='word_1_602' title='bbox 1256 4333 1430 4404; x_wconf 86' lang='lat' dir='ltr'><strong>ambularet,</strong></span> <span class='ocrx_word' id='word_1_603' title='bbox 1452 4334 1488 4391; x_wconf 86' lang='lat' dir='ltr'><strong>ab</strong></span> <span class='ocrx_word' id='word_1_604' title='bbox 1513 4334 1630 4392; x_wconf 89' lang='lat' dir='ltr'><strong>Octavio</strong></span> <span class='ocrx_word' id='word_1_605' title='bbox 1653 4335 1823 4397; x_wconf 87' lang='lat' dir='ltr'><strong>Christiano</strong></span> 
     </span>
     <span class='ocr_line' id='line_1_47' title="bbox 119 4418 1824 4497; baseline 0.005 -21"><span class='ocrx_word' id='word_1_606' title='bbox 119 4438 183 4494; x_wconf 83' lang='lat' dir='ltr'><strong>que</strong></span> <span class='ocrx_word' id='word_1_607' title='bbox 199 4421 357 4478; x_wconf 89' lang='lat' dir='ltr'><strong>ettaudem</strong></span> <span class='ocrx_word' id='word_1_608' title='bbox 372 4419 432 4477; x_wconf 88' lang='lat' dir='ltr'><strong>lats</strong></span> <span class='ocrx_word' id='word_1_609' title='bbox 446 4423 501 4489; x_wconf 90' lang='lat' dir='ltr'><strong>eet,</strong></span> <span class='ocrx_word' id='word_1_610' title='bbox 519 4424 551 4476; x_wconf 92' lang='lat' dir='ltr'><strong>ut</strong></span> <span class='ocrx_word' id='word_1_611' title='bbox 564 4421 595 4476; x_wconf 92' lang='lat' dir='ltr'><strong>in</strong></span> <span class='ocrx_word' id='word_1_612' title='bbox 612 4418 693 4478; x_wconf 90' lang='lat' dir='ltr'><strong>nullo</strong></span> <span class='ocrx_word' id='word_1_613' title='bbox 716 4422 777 4478; x_wconf 87' lang='lat' dir='ltr'><strong>tore</strong></span> <span class='ocrx_word' id='word_1_614' title='bbox 792 4422 836 4480; x_wconf 87' lang='lat' dir='ltr'><strong>vel</strong></span> <span class='ocrx_word' id='word_1_615' title='bbox 852 4423 940 4482; x_wconf 89' lang='lat' dir='ltr'><strong>advo·</strong></span> <span class='ocrx_word' id='word_1_616' title='bbox 995 4421 1190 4496; x_wconf 88' lang='lat' dir='ltr'><strong>reprehensus</strong></span> <span class='ocrx_word' id='word_1_617' title='bbox 1207 4421 1245 4478; x_wconf 91' lang='lat' dir='ltr'><strong>sit</strong></span> <span class='ocrx_word' id='word_1_618' title='bbox 1268 4420 1401 4478; x_wconf 80' lang='lat' dir='ltr'><strong>Cecilius</strong></span> <span class='ocrx_word' id='word_1_619' title='bbox 1426 4422 1571 4491; x_wconf 88' lang='lat' dir='ltr'><strong>ethnicus,</strong></span> <span class='ocrx_word' id='word_1_620' title='bbox 1587 4425 1637 4497; x_wconf 93' lang='lat' dir='ltr'><strong>qui</strong></span> <span class='ocrx_word' id='word_1_621' title='bbox 1662 4441 1824 4486; x_wconf 88' lang='lat' dir='ltr'><strong>occurrens</strong></span> 
     </span>
     <span class='ocr_line' id='line_1_48' title="bbox 118 4508 1822 4595; baseline 0.005 -30"><span class='ocrx_word' id='word_1_622' title='bbox 118 4512 202 4565; x_wconf 91' lang='lat' dir='ltr'><strong>catus</strong></span> <span class='ocrx_word' id='word_1_623' title='bbox 229 4508 274 4565; x_wconf 85' lang='lat' dir='ltr'><strong>vel</strong></span> <span class='ocrx_word' id='word_1_624' title='bbox 302 4509 469 4567; x_wconf 89' lang='lat' dir='ltr'><strong>causidicus</strong></span> <span class='ocrx_word' id='word_1_625' title='bbox 497 4510 575 4568; x_wconf 76' lang='lat' dir='ltr'><em>m</em></span> <span class='ocrx_word' id='word_1_626' title='bbox 603 4514 681 4567; x_wconf 89' lang='lat' dir='ltr'><strong>esset</strong></span> <span class='ocrx_word' id='word_1_627' title='bbox 709 4508 799 4583; x_wconf 89' lang='lat' dir='ltr'><strong>ullus,</strong></span> <span class='ocrx_word' id='word_1_628' title='bbox 827 4511 871 4569; x_wconf 86' lang='lat' dir='ltr'><strong>vel</strong></span> <span class='ocrx_word' id='word_1_629' title='bbox 887 4514 940 4585; x_wconf 79' lang='lat' dir='ltr'><strong>jhs</strong></span> <span class='ocrx_word' id='word_1_630' title='bbox 955 4530 979 4595; x_wconf 74' lang='lat' dir='ltr'>D</span> <span class='ocrx_word' id='word_1_631' title='bbox 993 4509 1072 4567; x_wconf 90' lang='lat' dir='ltr'><strong>idolo</strong></span> <span class='ocrx_word' id='word_1_632' title='bbox 1086 4510 1243 4583; x_wconf 87' lang='lat' dir='ltr'><strong>Serapidis,</strong></span> <span class='ocrx_word' id='word_1_633' title='bbox 1258 4509 1331 4568; x_wconf 92' lang='lat' dir='ltr'><strong>illud</strong></span> <span class='ocrx_word' id='word_1_634' title='bbox 1347 4510 1441 4568; x_wconf 91' lang='lat' dir='ltr'><strong>colere</strong></span> <span class='ocrx_word' id='word_1_635' title='bbox 1465 4528 1496 4569; x_wconf 91' lang='lat' dir='ltr'><strong>se</strong></span> <span class='ocrx_word' id='word_1_636' title='bbox 1519 4512 1726 4586; x_wconf 84' lang='lat' dir='ltr'><strong>significasset.</strong></span> <span class='ocrx_word' id='word_1_637' title='bbox 1743 4516 1822 4575; x_wconf 85' lang='lat' dir='ltr'><strong>Sane</strong></span> 
     </span>
     <span class='ocr_line' id='line_1_49' title="bbox 117 4596 1823 4675; baseline 0.006 -22"><span class='ocrx_word' id='word_1_638' title='bbox 117 4596 286 4672; x_wconf 89' lang='lat' dir='ltr'><strong>postulandi</strong></span> <span class='ocrx_word' id='word_1_639' title='bbox 302 4598 459 4671; x_wconf 88' lang='lat' dir='ltr'><strong>quisquam</strong></span> <span class='ocrx_word' id='word_1_640' title='bbox 470 4598 601 4670; x_wconf 88' lang='lat' dir='ltr'><strong>haberet,</strong></span> <span class='ocrx_word' id='word_1_641' title='bbox 616 4598 668 4673; x_wconf 91' lang='lat' dir='ltr'><strong>qui</strong></span> <span class='ocrx_word' id='word_1_642' title='bbox 683 4599 867 4658; x_wconf 88' lang='lat' dir='ltr'><strong>Christianus</strong></span> <span class='ocrx_word' id='word_1_643' title='bbox 882 4619 939 4659; x_wconf 90' lang='lat' dir='ltr'><strong>non</strong></span> <span class='ocrx_word' id='word_1_644' title='bbox 995 4600 1069 4657; x_wconf 70' lang='lat'><strong>205</strong></span> <span class='ocrx_word' id='word_1_645' title='bbox 1083 4599 1163 4671; x_wconf 92' lang='lat' dir='ltr'><strong>olim,</strong></span> <span class='ocrx_word' id='word_1_646' title='bbox 1173 4599 1278 4656; x_wconf 90' lang='lat' dir='ltr'><strong>Pisone</strong></span> <span class='ocrx_word' id='word_1_647' title='bbox 1293 4604 1322 4656; x_wconf 92' lang='lat' dir='ltr'><strong>et</strong></span> <span class='ocrx_word' id='word_1_648' title='bbox 1337 4600 1461 4656; x_wconf 87' lang='lat' dir='ltr'><strong>Gabinio</strong></span> <span class='ocrx_word' id='word_1_649' title='bbox 1477 4617 1566 4672; x_wconf 80' lang='lat' dir='ltr'><strong>coss,</strong></span> <span class='ocrx_word' id='word_1_650' title='bbox 1576 4603 1725 4675; x_wconf 85' lang='lat' dir='ltr'><strong>Serapidis</strong></span> <span class='ocrx_word' id='word_1_651' title='bbox 1735 4621 1823 4664; x_wconf 82' lang='lat' dir='ltr'><strong>esem</strong></span> 
     </span>
     <span class='ocr_line' id='line_1_50' title="bbox 116 4685 1821 4764; baseline 0.006 -22"><span class='ocrx_word' id='word_1_652' title='bbox 116 4689 205 4743; x_wconf 86' lang='lat' dir='ltr'><strong>esset.</strong></span> <span class='ocrx_word' id='word_1_653' title='bbox 243 4685 327 4758; x_wconf 80' lang='lat' dir='ltr'><strong>(hege</strong></span> <span class='ocrx_word' id='word_1_654' title='bbox 367 4686 394 4740; x_wconf 92' lang='lat'><strong>8.</strong></span> <span class='ocrx_word' id='word_1_655' title='bbox 436 4686 505 4742; x_wconf 92' lang='lat' dir='ltr'><strong>Ccd.</strong></span> <span class='ocrx_word' id='word_1_656' title='bbox 541 4688 572 4744; x_wconf 82' lang='lat' dir='ltr'><strong>de</strong></span> <span class='ocrx_word' id='word_1_657' title='bbox 614 4689 803 4762; x_wconf 67' lang='lat' dir='ltr'><strong>peccando.)</strong></span> <span class='ocrx_word' id='word_1_658' title='bbox 845 4691 939 4756; x_wconf 86' lang='lat' dir='ltr'><strong>Quam</strong></span> <span class='ocrx_word' id='word_1_659' title='bbox 993 4687 1176 4763; x_wconf 88' lang='lat' dir='ltr'><strong>Capitolieet</strong></span> <span class='ocrx_word' id='word_1_660' title='bbox 1191 4689 1262 4745; x_wconf 92' lang='lat' dir='ltr'><strong>urhe</strong></span> <span class='ocrx_word' id='word_1_661' title='bbox 1283 4688 1398 4745; x_wconf 87' lang='lat' dir='ltr'><strong>luerent</strong></span> <span class='ocrx_word' id='word_1_662' title='bbox 1422 4690 1529 4762; x_wconf 85' lang='lat' dir='ltr'><strong>ejecta:</strong></span> <span class='ocrx_word' id='word_1_663' title='bbox 1555 4692 1606 4747; x_wconf 89' lang='lat' dir='ltr'><strong>sed</strong></span> <span class='ocrx_word' id='word_1_664' title='bbox 1629 4697 1732 4764; x_wconf 88' lang='lat' dir='ltr'><strong>postea</strong></span> <span class='ocrx_word' id='word_1_665' title='bbox 1755 4694 1821 4753; x_wconf 85' lang='lat' dir='ltr'><strong>iue-</strong></span> 
     </span>
     <span class='ocr_line' id='line_1_51' title="bbox 116 4772 1819 4854; baseline 0.006 -22"><span class='ocrx_word' id='word_1_666' title='bbox 116 4774 284 4848; x_wconf 84' lang='lat' dir='ltr'><strong>fuititaque</strong></span> <span class='ocrx_word' id='word_1_667' title='bbox 306 4772 403 4830; x_wconf 91' lang='lat' dir='ltr'><strong>nobile</strong></span> <span class='ocrx_word' id='word_1_668' title='bbox 422 4773 543 4831; x_wconf 84' lang='lat' dir='ltr'><strong>Minucii</strong></span> <span class='ocrx_word' id='word_1_669' title='bbox 566 4778 658 4834; x_wconf 88' lang='lat' dir='ltr'><strong>nostri</strong></span> <span class='ocrx_word' id='word_1_670' title='bbox 685 4779 862 4852; x_wconf 86' lang='lat' dir='ltr'><strong>exemplum,</strong></span> <span class='ocrx_word' id='word_1_671' title='bbox 887 4781 938 4854; x_wconf 91' lang='lat' dir='ltr'><strong>qui</strong></span> <span class='ocrx_word' id='word_1_672' title='bbox 993 4782 1064 4835; x_wconf 89' lang='lat' dir='ltr'><strong>runt</strong></span> <span class='ocrx_word' id='word_1_673' title='bbox 1091 4778 1237 4848; x_wconf 89' lang='lat' dir='ltr'><strong>restituta,</strong></span> <span class='ocrx_word' id='word_1_674' title='bbox 1253 4782 1283 4835; x_wconf 91' lang='lat' dir='ltr'><strong>et</strong></span> <span class='ocrx_word' id='word_1_675' title='bbox 1309 4777 1340 4833; x_wconf 92' lang='lat' dir='ltr'><strong>in</strong></span> <span class='ocrx_word' id='word_1_676' title='bbox 1368 4779 1520 4836; x_wconf 88' lang='lat' dir='ltr'><strong>suburbiis</strong></span> <span class='ocrx_word' id='word_1_677' title='bbox 1547 4779 1629 4837; x_wconf 89' lang='lat' dir='ltr'><strong>lacile</strong></span> <span class='ocrx_word' id='word_1_678' title='bbox 1657 4781 1819 4842; x_wconf 73' lang='lat' dir='ltr'><strong>herebant.</strong></span> 
     </span>
     <span class='ocr_line' id='line_1_52' title="bbox 115 4861 1820 4941; baseline 0.005 -19"><span class='ocrx_word' id='word_1_679' title='bbox 115 4865 260 4923; x_wconf 88' lang='lat' dir='ltr'><strong>honarum</strong></span> <span class='ocrx_word' id='word_1_680' title='bbox 275 4861 415 4936; x_wconf 89' lang='lat' dir='ltr'><strong>partium,</strong></span> <span class='ocrx_word' id='word_1_681' title='bbox 431 4867 575 4935; x_wconf 88' lang='lat' dir='ltr'><strong>quantum</strong></span> <span class='ocrx_word' id='word_1_682' title='bbox 597 4866 700 4936; x_wconf 89' lang='lat' dir='ltr'><strong>potuit,</strong></span> <span class='ocrx_word' id='word_1_683' title='bbox 726 4871 867 4939; x_wconf 89' lang='lat' dir='ltr'><strong>patronus</strong></span> <span class='ocrx_word' id='word_1_684' title='bbox 882 4870 938 4927; x_wconf 84' lang='lat' dir='ltr'><strong>llo-</strong></span> <span class='ocrx_word' id='word_1_685' title='bbox 993 4866 1198 4940; x_wconf 81' lang='lat' dir='ltr'><strong>Reprehensos</strong></span> <span class='ocrx_word' id='word_1_686' title='bbox 1212 4865 1345 4924; x_wconf 85' lang='lat' dir='ltr'><strong>Caecilius</strong></span> <span class='ocrx_word' id='word_1_687' title='bbox 1360 4867 1468 4936; x_wconf 83' lang='lat' dir='ltr'><strong>tremit,</strong></span> <span class='ocrx_word' id='word_1_688' title='bbox 1484 4872 1513 4924; x_wconf 91' lang='lat' dir='ltr'><strong>et</strong></span> <span class='ocrx_word' id='word_1_689' title='bbox 1527 4872 1669 4941; x_wconf 84' lang='lat' dir='ltr'><strong>tanquam</strong></span> <span class='ocrx_word' id='word_1_690' title='bbox 1684 4871 1820 4932; x_wconf 87' lang='lat' dir='ltr'><strong>irritatus</strong></span> 
     </span>
     <span class='ocr_line' id='line_1_53' title="bbox 115 4952 1819 5031; baseline 0.006 -20"><span class='ocrx_word' id='word_1_691' title='bbox 115 4971 170 5011; x_wconf 83' lang='lat' dir='ltr'><strong>me</strong></span> <span class='ocrx_word' id='word_1_692' title='bbox 185 4953 251 5021; x_wconf 85' lang='lat' dir='ltr'><strong>luit,</strong></span> <span class='ocrx_word' id='word_1_693' title='bbox 264 4969 321 5025; x_wconf 92' lang='lat' dir='ltr'><strong>quo</strong></span> <span class='ocrx_word' id='word_1_694' title='bbox 336 4955 467 5024; x_wconf 89' lang='lat' dir='ltr'><strong>tempore</strong></span> <span class='ocrx_word' id='word_1_695' title='bbox 475 4952 607 5009; x_wconf 89' lang='lat' dir='ltr'><strong>nondum</strong></span> <span class='ocrx_word' id='word_1_696' title='bbox 618 4953 739 5026; x_wconf 92' lang='lat' dir='ltr'><strong>impune</strong></span> <span class='ocrx_word' id='word_1_697' title='bbox 748 4955 803 5012; x_wconf 92' lang='lat' dir='ltr'><strong>bec</strong></span> <span class='ocrx_word' id='word_1_698' title='bbox 812 4956 936 5015; x_wconf 90' lang='lat' dir='ltr'><strong>licebatl</strong></span> <span class='ocrx_word' id='word_1_699' title='bbox 991 4955 1118 5029; x_wconf 80' lang='lat' dir='ltr'><strong>graviter</strong></span> <span class='ocrx_word' id='word_1_700' title='bbox 1137 4955 1167 5012; x_wconf 91' lang='lat' dir='ltr'><strong>in</strong></span> <span class='ocrx_word' id='word_1_701' title='bbox 1196 4955 1429 5013; x_wconf 89' lang='lat' dir='ltr'><strong>Christianorum</strong></span> <span class='ocrx_word' id='word_1_702' title='bbox 1454 4955 1625 5031; x_wconf 87' lang='lat' dir='ltr'><strong>religionem</strong></span> <span class='ocrx_word' id='word_1_703' title='bbox 1648 4958 1819 5022; x_wconf 87' lang='lat' dir='ltr'><strong>invehitur:</strong></span> 
     </span>
    </p>
   </div>
   <div class='ocr_carea' id='block_1_4' title="bbox 12 5040 1820 5119">
    <p class='ocr_par' dir='ltr' id='par_1_6' title="bbox 12 5040 1820 5119">
     <span class='ocr_line' id='line_1_54' title="bbox 12 5040 1820 5119; baseline 0.006 -20"><span class='ocrx_word' id='word_1_704' title='bbox 12 5079 22 5092; x_wconf 55' lang='grc' dir='ltr'><em>ι</em></span> <span class='ocrx_word' id='word_1_705' title='bbox 115 5047 192 5100; x_wconf 85' lang='lat' dir='ltr'><strong>certe</strong></span> <span class='ocrx_word' id='word_1_706' title='bbox 207 5040 382 5101; x_wconf 84' lang='lat' dir='ltr'><strong>Christianis</strong></span> <span class='ocrx_word' id='word_1_707' title='bbox 396 5044 467 5097; x_wconf 91' lang='lat' dir='ltr'><strong>tunc</strong></span> <span class='ocrx_word' id='word_1_708' title='bbox 480 5046 544 5098; x_wconf 90' lang='lat' dir='ltr'><strong>erat</strong></span> <span class='ocrx_word' id='word_1_709' title='bbox 557 5040 745 5099; x_wconf 85' lang='lat' dir='ltr'><strong>interdictum</strong></span> <span class='ocrx_word' id='word_1_710' title='bbox 760 5043 832 5112; x_wconf 83' lang='lat' dir='ltr'><strong>foro,</strong></span> <span class='ocrx_word' id='word_1_711' title='bbox 844 5061 939 5119; x_wconf 91' lang='lat' dir='ltr'><strong>neque</strong></span> <span class='ocrx_word' id='word_1_712' title='bbox 991 5061 1133 5116; x_wconf 88' lang='lat' dir='ltr'><strong>suamque</strong></span> <span class='ocrx_word' id='word_1_713' title='bbox 1157 5043 1245 5102; x_wconf 90' lang='lat' dir='ltr'><strong>simul</strong></span> <span class='ocrx_word' id='word_1_714' title='bbox 1271 5044 1511 5118; x_wconf 88' lang='lat' dir='ltr'><strong>superstitionem</strong></span> <span class='ocrx_word' id='word_1_715' title='bbox 1536 5047 1707 5118; x_wconf 76' lang='lat' dir='ltr'><strong>defendens,</strong></span> <span class='ocrx_word' id='word_1_716' title='bbox 1733 5051 1820 5110; x_wconf 87' lang='lat' dir='ltr'><strong>Octa-</strong></span> 
     </span>
    </p>
   </div>
   <div class='ocr_carea' id='block_1_5' title="bbox 113 5128 1818 5302">
    <p class='ocr_par' dir='ltr' id='par_1_7' title="bbox 113 5128 1818 5302">
     <span class='ocr_line' id='line_1_55' title="bbox 114 5128 1818 5208; baseline 0.006 -21"><span class='ocrx_word' id='word_1_717' title='bbox 114 5132 152 5188; x_wconf 91' lang='lat' dir='ltr'><strong>iis</strong></span> <span class='ocrx_word' id='word_1_718' title='bbox 163 5133 215 5203; x_wconf 76' lang='lat' dir='ltr'><strong>jus</strong></span> <span class='ocrx_word' id='word_1_719' title='bbox 240 5129 406 5204; x_wconf 89' lang='lat' dir='ltr'><strong>postulandi</strong></span> <span class='ocrx_word' id='word_1_720' title='bbox 422 5133 528 5202; x_wconf 82' lang='lat' dir='ltr'><strong>pretor</strong></span> <span class='ocrx_word' id='word_1_721' title='bbox 550 5130 648 5188; x_wconf 89' lang='lat' dir='ltr'><strong>dabat.</strong></span> <span class='ocrx_word' id='word_1_722' title='bbox 663 5128 772 5188; x_wconf 89' lang='lat' dir='ltr'><strong>Verum</strong></span> <span class='ocrx_word' id='word_1_723' title='bbox 793 5133 848 5190; x_wconf 91' lang='lat' dir='ltr'><strong>etsi</strong></span> <span class='ocrx_word' id='word_1_724' title='bbox 872 5150 937 5192; x_wconf 92' lang='lat' dir='ltr'><strong>ma·</strong></span> <span class='ocrx_word' id='word_1_725' title='bbox 990 5133 1070 5189; x_wconf 85' lang='lat' dir='ltr'><strong>vium</strong></span> <span class='ocrx_word' id='word_1_726' title='bbox 1092 5131 1183 5190; x_wconf 85' lang='lat' dir='ltr'><strong>veluti</strong></span> <span class='ocrx_word' id='word_1_727' title='bbox 1207 5132 1337 5192; x_wconf 89' lang='lat' dir='ltr'><strong>lacessit.</strong></span> <span class='ocrx_word' id='word_1_728' title='bbox 1363 5134 1418 5191; x_wconf 91' lang='lat' dir='ltr'><strong>Sed</strong></span> <span class='ocrx_word' id='word_1_729' title='bbox 1443 5133 1615 5208; x_wconf 89' lang='lat' dir='ltr'><strong>imprudens</strong></span> <span class='ocrx_word' id='word_1_730' title='bbox 1640 5137 1765 5197; x_wconf 89' lang='lat' dir='ltr'><strong>incurrit</strong></span> <span class='ocrx_word' id='word_1_731' title='bbox 1787 5140 1818 5198; x_wconf 90' lang='lat' dir='ltr'><strong>in</strong></span> 
     </span>
     <span class='ocr_line' id='line_1_56' title="bbox 113 5217 1818 5302; baseline 0.005 -25"><span class='ocrx_word' id='word_1_732' title='bbox 113 5219 159 5292; x_wconf 88' lang='lat' dir='ltr'><strong>gis</strong></span> <span class='ocrx_word' id='word_1_733' title='bbox 174 5219 216 5277; x_wconf 93' lang='lat' dir='ltr'><strong>illi</strong></span> <span class='ocrx_word' id='word_1_734' title='bbox 231 5219 341 5294; x_wconf 86' lang='lat' dir='ltr'><strong>palliati</strong></span> <span class='ocrx_word' id='word_1_735' title='bbox 366 5233 456 5292; x_wconf 89' lang='lat' dir='ltr'><strong>quam</strong></span> <span class='ocrx_word' id='word_1_736' title='bbox 470 5217 563 5291; x_wconf 88' lang='lat' dir='ltr'><strong>togati</strong></span> <span class='ocrx_word' id='word_1_737' title='bbox 584 5234 649 5277; x_wconf 86' lang='lat' dir='ltr'><strong>esse</strong></span> <span class='ocrx_word' id='word_1_738' title='bbox 671 5217 808 5293; x_wconf 86' lang='lat' dir='ltr'><strong>solerent,</strong></span> <span class='ocrx_word' id='word_1_739' title='bbox 838 5224 936 5279; x_wconf 83' lang='grc' dir='ltr'>ωηιοη</span> <span class='ocrx_word' id='word_1_740' title='bbox 991 5221 1191 5279; x_wconf 86' lang='lat' dir='ltr'><strong>adversarium</strong></span> <span class='ocrx_word' id='word_1_741' title='bbox 1219 5222 1323 5278; x_wconf 68' lang='lat' dir='ltr'><strong>ionem</strong></span> <span class='ocrx_word' id='word_1_742' title='bbox 1353 5226 1382 5279; x_wconf 90' lang='lat' dir='ltr'><strong>et</strong></span> <span class='ocrx_word' id='word_1_743' title='bbox 1408 5239 1530 5280; x_wconf 90' lang='lat' dir='ltr'><strong>acrem:</strong></span> <span class='ocrx_word' id='word_1_744' title='bbox 1558 5229 1598 5295; x_wconf 91' lang='lat' dir='ltr'><strong>et,</strong></span> <span class='ocrx_word' id='word_1_745' title='bbox 1629 5230 1662 5283; x_wconf 92' lang='lat' dir='ltr'><strong>ut</strong></span> <span class='ocrx_word' id='word_1_746' title='bbox 1689 5226 1738 5285; x_wconf 91' lang='lat' dir='ltr'><strong>ille</strong></span> <span class='ocrx_word' id='word_1_747' title='bbox 1763 5229 1818 5302; x_wconf 87' lang='lat' dir='ltr'><strong>uit,</strong></span> 
     </span>
    </p>
   </div>
   <div class='ocr_carea' id='block_1_6' title="bbox 111 5395 1819 5686">
    <p class='ocr_par' dir='ltr' id='par_1_8' title="bbox 111 5395 1819 5614">
     <span class='ocr_line' id='line_1_57' title="bbox 149 5395 1819 5475; baseline 0.007 -23"><span class='ocrx_word' id='word_1_748' title='bbox 149 5396 188 5467; x_wconf 89' lang='lat'><strong>(3)</strong></span> <span class='ocrx_word' id='word_1_749' title='bbox 203 5397 311 5470; x_wconf 86' lang='lat' dir='ltr'><strong>Martyr</strong></span> <span class='ocrx_word' id='word_1_750' title='bbox 335 5395 538 5470; x_wconf 85' lang='lat' dir='ltr'><strong>Lugdunensis</strong></span> <span class='ocrx_word' id='word_1_751' title='bbox 562 5397 617 5454; x_wconf 92' lang='lat' dir='ltr'><strong>snb</strong></span> <span class='ocrx_word' id='word_1_752' title='bbox 644 5396 683 5454; x_wconf 93' lang='lat' dir='ltr'><strong>M.</strong></span> <span class='ocrx_word' id='word_1_753' title='bbox 698 5397 846 5456; x_wconf 79' lang='lat' dir='ltr'><strong>Antonino</strong></span> <span class='ocrx_word' id='word_1_754' title='bbox 861 5403 890 5455; x_wconf 92' lang='lat' dir='ltr'><strong>et</strong></span> <span class='ocrx_word' id='word_1_755' title='bbox 903 5399 934 5455; x_wconf 89' lang='lat' dir='ltr'><strong>L.</strong></span> <span class='ocrx_word' id='word_1_756' title='bbox 1025 5398 1064 5471; x_wconf 82' lang='lat'><strong>(5)</strong></span> <span class='ocrx_word' id='word_1_757' title='bbox 1079 5397 1271 5472; x_wconf 76' lang='lat' dir='ltr'><strong>Symmachus</strong></span> <span class='ocrx_word' id='word_1_758' title='bbox 1296 5398 1345 5455; x_wconf 83' lang='lat' dir='ltr'><strong>tit.</strong></span> <span class='ocrx_word' id='word_1_759' title='bbox 1360 5415 1388 5464; x_wconf 85' lang='lat' dir='ltr'><strong>x,</strong></span> <span class='ocrx_word' id='word_1_760' title='bbox 1412 5400 1490 5471; x_wconf 75' lang='lat' dir='ltr'><strong>epist.</strong></span> <span class='ocrx_word' id='word_1_761' title='bbox 1515 5401 1562 5468; x_wconf 78' lang='lat'><strong>54,</strong></span> <span class='ocrx_word' id='word_1_762' title='bbox 1577 5401 1620 5458; x_wconf 84' lang='lat' dir='ltr'><strong>cd.</strong></span> <span class='ocrx_word' id='word_1_763' title='bbox 1645 5404 1743 5475; x_wconf 78' lang='lat' dir='ltr'><strong>lereti,</strong></span> <span class='ocrx_word' id='word_1_764' title='bbox 1757 5406 1819 5464; x_wconf 78' lang='lat' dir='ltr'><strong>siva</strong></span> 
     </span>
     <span class='ocr_line' id='line_1_58' title="bbox 111 5468 1816 5544; baseline 0.007 -20"><span class='ocrx_word' id='word_1_765' title='bbox 111 5468 197 5524; x_wconf 88' lang='lat' dir='ltr'><strong>Vero.</strong></span> <span class='ocrx_word' id='word_1_766' title='bbox 214 5469 314 5524; x_wconf 87' lang='lat' dir='ltr'><strong>Testes</strong></span> <span class='ocrx_word' id='word_1_767' title='bbox 339 5469 444 5526; x_wconf 78' lang='lat' dir='ltr'><strong>liuseb.</strong></span> <span class='ocrx_word' id='word_1_768' title='bbox 468 5470 500 5524; x_wconf 90' lang='lat' dir='ltr'><strong>ll.</strong></span> <span class='ocrx_word' id='word_1_769' title='bbox 518 5469 546 5525; x_wconf 82' lang='lat' dir='ltr'><strong>ll.</strong></span> <span class='ocrx_word' id='word_1_770' title='bbox 571 5468 623 5525; x_wconf 92' lang='lat' dir='ltr'><strong>lib.</strong></span> <span class='ocrx_word' id='word_1_771' title='bbox 647 5486 674 5538; x_wconf 91' lang='lat' dir='ltr'><strong>v,</strong></span> <span class='ocrx_word' id='word_1_772' title='bbox 691 5485 754 5542; x_wconf 88' lang='lat' dir='ltr'><strong>cep.</strong></span> <span class='ocrx_word' id='word_1_773' title='bbox 772 5471 798 5536; x_wconf 89' lang='lat' dir='ltr'><strong>t,</strong></span> <span class='ocrx_word' id='word_1_774' title='bbox 823 5470 935 5527; x_wconf 83' lang='lat' dir='ltr'><strong>etCre·</strong></span> <span class='ocrx_word' id='word_1_775' title='bbox 988 5470 1023 5525; x_wconf 82' lang='lat' dir='ltr'><strong>St</strong></span> <span class='ocrx_word' id='word_1_776' title='bbox 1046 5471 1088 5526; x_wconf 84' lang='lat' dir='ltr'><strong>ed.</strong></span> <span class='ocrx_word' id='word_1_777' title='bbox 1118 5469 1238 5543; x_wconf 83' lang='lat' dir='ltr'><strong>Scioppi,</strong></span> <span class='ocrx_word' id='word_1_778' title='bbox 1268 5470 1303 5527; x_wconf 93' lang='lat' dir='ltr'><strong>ad</strong></span> <span class='ocrx_word' id='word_1_779' title='bbox 1332 5469 1530 5544; x_wconf 81' lang='lat' dir='ltr'><strong>Valentinum,</strong></span> <span class='ocrx_word' id='word_1_780' title='bbox 1558 5473 1757 5534; x_wconf 82' lang='lat' dir='ltr'><strong>Theodosium</strong></span> <span class='ocrx_word' id='word_1_781' title='bbox 1786 5482 1816 5536; x_wconf 90' lang='lat' dir='ltr'><strong>et</strong></span> 
     </span>
     <span class='ocr_line' id='line_1_59' title="bbox 112 5538 1268 5614; baseline 0.001 -18"><span class='ocrx_word' id='word_1_782' title='bbox 112 5555 175 5614; x_wconf 89' lang='lat' dir='ltr'><strong>gor.</strong></span> <span class='ocrx_word' id='word_1_783' title='bbox 191 5538 379 5609; x_wconf 81' lang='lat' dir='ltr'><strong>Turonensis,</strong></span> <span class='ocrx_word' id='word_1_784' title='bbox 391 5539 442 5596; x_wconf 92' lang='lat' dir='ltr'><strong>lib.</strong></span> <span class='ocrx_word' id='word_1_785' title='bbox 459 5557 480 5610; x_wconf 92' lang='lat'><strong>1,</strong></span> <span class='ocrx_word' id='word_1_786' title='bbox 495 5556 558 5612; x_wconf 88' lang='lat' dir='ltr'><strong>cap.</strong></span> <span class='ocrx_word' id='word_1_787' title='bbox 573 5542 618 5597; x_wconf 84' lang='lat'><strong>29.</strong></span> <span class='ocrx_word' id='word_1_788' title='bbox 988 5541 1146 5598; x_wconf 80' lang='lat' dir='ltr'><strong>Arcadium</strong></span> <span class='ocrx_word' id='word_1_789' title='bbox 1161 5543 1184 5597; x_wconf 87' lang='grc' dir='ltr'>Α</span> <span class='ocrx_word' id='word_1_790' title='bbox 1197 5542 1268 5609; x_wconf 70' lang='lat' dir='ltr'><strong>M·</strong></span> 
     </span>
    </p>

    <p class='ocr_par' dir='ltr' id='par_1_9' title="bbox 148 5605 779 5686">
     <span class='ocr_line' id='line_1_60' title="bbox 148 5605 779 5686; baseline 0.005 -21"><span class='ocrx_word' id='word_1_791' title='bbox 148 5610 187 5684; x_wconf 82' lang='lat' dir='ltr'><strong>(l)</strong></span> <span class='ocrx_word' id='word_1_792' title='bbox 201 5605 381 5685; x_wconf 78' lang='grc' dir='ltr'>Παράκλητος</span> <span class='ocrx_word' id='word_1_793' title='bbox 396 5614 577 5686; x_wconf 82' lang='grc' dir='ltr'>Χριστιανῶν.</span> <span class='ocrx_word' id='word_1_794' title='bbox 592 5611 697 5671; x_wconf 78' lang='lat' dir='ltr'><strong>Euseb.</strong></span> <span class='ocrx_word' id='word_1_795' title='bbox 713 5612 742 5669; x_wconf 90' lang='lat' dir='ltr'><strong>d.</strong></span> <span class='ocrx_word' id='word_1_796' title='bbox 758 5610 779 5668; x_wconf 91' lang='grc'><strong>1.</strong></span> 
     </span>
    </p>
   </div>
   <div class='ocr_carea' id='block_1_7' title="bbox 0 0 1950 6104">
    <p class='ocr_par' dir='ltr' id='par_1_10' title="bbox 0 0 1950 6104">
     <span class='ocr_line' id='line_1_61' title="bbox 0 0 1950 6104; baseline 0 0"><span class='ocrx_word' id='word_1_797' title='bbox 0 0 1950 6104; x_wconf 95' lang='lat' dir='ltr'><strong> </strong></span> 
     </span>
    </p>
   </div>
  </div>
 </body>
</html>
