3892 6104
119 282 197 343 lltl'l
641 280 694 343 DE
714 276 1012 379 EAEREEICQEUM
1033 276 1301 343 elementata.
1751 278 1831 343 lm

114 420 185 471 tunc
199 414 230 470 in
244 413 294 469 illo
308 413 415 487 expiati
430 418 460 469 ei
476 412 622 485 purificati
636 412 740 469 muudi
755 414 903 485 baptismo
914 412 941 447 ⁷⁰
954 418 983 483 Α
998 418 1027 471 et
1040 412 1127 487 Agni,
1142 412 1192 487 qui
1206 430 1302 487 agnus
1315 412 1465 470 Christum
1480 412 1666 487 designabat,
1680 414 1830 487 scriptum

114 503 212 559 salvus
236 501 483 575 peraquamlieri
503 501 597 573 quiin
614 503 755 559 arcaNoe
786 519 843 558 non
873 502 941 568 tuit,
995 502 1100 559 sitzlii
1114 502 1194 559 domo
1215 520 1273 559 iiiia
1285 502 1447 571 comedetur,
1474 504 1663 575 nceqkietis
1693 503 1729 561 de
1751 504 1829 561 dome

115 598 212 663 potest
240 597 268 647 et
305 608 382 649 nunc
409 590 549 647 vivificari
576 608 628 663 per
646 592 794 663 baptisma
831 591 880 663 qui
910 589 941 647 in
994 606 1105 646 earnem
1130 590 1208 662 toras
1236 591 1320 647 Escd.
1349 608 1420 659 xvii,
1445 592 1502 663 te).
1536 592 1619 659 Quod
1649 592 1725 648 item
1750 592 1827 651 eirea

114 680 245 737 Ecclesia
259 698 316 736 non
331 684 385 747 est,
395 680 442 735 cui
458 680 512 735 soli
529 680 675 752 baptisma
686 696 859 736 conoessum
884 684 939 735 est.
995 678 1083 747 Raab,
1099 696 1163 751 qua
1178 680 1241 751 ipsa
1263 696 1380 751 quoque
1395 684 1499 752 typum
1514 681 1650 751 portabat
1681 679 1823 749 Ecclesiae,

112 768 168 825 Sed
183 776 211 825 et
225 768 334 825 Paulus
348 766 500 841 apostolus
515 768 570 823 hoc
589 767 668 823 idem
685 769 781 824 adhue
807 767 941 839 apertius
994 782 1162 838 expressum
1185 766 1328 835 ridemus,
1357 768 1403 823 cui
1430 768 1590 823 mandatur
1604 772 1628 809 ³⁸
1640 774 1673 825 et
1700 768 1822 825 dicitur:

114 862 144 913 et
162 857 271 914 clarius
294 858 486 912 manifestans
511 858 533 891 ⁷¹
559 857 594 912 ad
622 856 762 929 Ephesios
789 854 892 911 scribit
912 856 943 911 et
994 858 1106 911 Patrem
1127 860 1207 912 taam
1221 860 1248 912 et
1260 860 1377 912 matrem
1390 860 1468 913 luam
1481 866 1506 913 et
1516 858 1621 927 [ranei
1644 866 1706 913 taos
1734 866 1761 913 et
1784 868 1821 915 tc·

115 945 206 1003 dicit:
221 946 458 1003 Gliristcsilileaa't
478 946 637 1013 Ecclesiam,
661 948 687 1001 et
709 962 738 1001 se
761 946 850 1017 ipsam
879 948 940 999 irc·
993 952 1051 999 tam
1064 944 1175 1001 domam
1195 946 1338 1017 patrissui
1350 946 1460 1015 eollipes
1477 944 1684 1016 adtei'psamla
1712 944 1819 1002 domani

112 1035 186 1091 didit
210 1051 260 1106 prii
285 1050 331 1102 ea,
366 1042 397 1089 at
418 1050 478 1089 eam
506 1034 705 1103 sanctificaret,
729 1048 851 1105 pnrpaiis
873 1048 941 1089 eam
994 1050 1085 1105 pacm,
1098 1042 1124 1089 et
1146 1035 1238 1089 omnis
1251 1035 1300 1105 pai
1312 1035 1415 1089 cederit
1428 1035 1529 1089 ostiam
1550 1033 1648 1090 domim
1664 1043 1720 1091 tasi
1747 1037 1821 1106 [cras

114 1126 222 1179 lauacro
236 1124 258 1158 ⁷¹
275 1138 359 1193 apum
373 1122 521 1194 (Ephesi,
536 1123 650 1193 25‚·.>c).
663 1122 744 1186 Quod
767 1122 791 1177 si
808 1139 867 1178 una
895 1124 941 1178 est
993 1138 1059 1178 reas
1081 1123 1136 1177 sihi
1162 1124 1216 1177 erit
1252 1122 1355 1194 (Iasae.
1392 1122 1447 1195 18).
1473 1124 1534 1188 Ouo
1562 1128 1751 1180 sacramento
1778 1124 1821 1181 de·

114 1211 252 1281 Ecclesia,
270 1228 333 1283 qua
353 1211 497 1267 aChristo
525 1209 659 1283 diligitur
689 1215 718 1265 et
736 1208 851 1265 lavacro
875 1211 940 1281 eJus
992 1210 1120 1267 claratur
1141 1211 1172 1266 in
1188 1228 1276 1266 unam
1292 1210 1534 1277 domumculam,
1550 1211 1580 1266 id
1603 1216 1661 1277 est,
1676 1212 1706 1267 in
1724 1212 1816 1269 Ecele·

114 1300 177 1356 sola
192 1304 342 1373 purgatur,
354 1316 411 1370 quo
438 1298 524 1355 niodo
546 1299 596 1371 qui
613 1298 642 1353 ln
665 1298 795 1354 Ecclesia
823 1302 940 1355 nonest
994 1298 1221 1370 stimulatores,
1238 1303 1266 1354 et
1281 1300 1317 1355 ah
1333 1298 1453 1355 interitu
1461 1298 1564 1354 mundi
1572 1316 1716 1355 evasuros
1724 1300 1819 1375 colligi

114 1394 167 1445 aut
180 1388 262 1461 diligi
284 1405 301 1443 a
324 1388 439 1443 Christo
454 1394 505 1443 aut
519 1387 598 1442 ablui
623 1393 653 1443 et
676 1386 795 1459 purgari
823 1386 940 1443 lavaero
993 1392 1137 1459 oportere,
1149 1386 1285 1459 quisquis
1300 1391 1398 1444 autem
1414 1388 1450 1443 de
1468 1387 1598 1444 collectis
1613 1388 1696 1444 toras
1708 1388 1817 1459 exierit,

115 1480 180 1549 ejus
204 1476 319 1549 potasti
994 1477 1092 1545 idest,
1111 1476 1135 1531 si
1153 1477 1231 1547 quis,
1245 1478 1380 1547 quamvis
1393 1478 1423 1531 in
1439 1476 1570 1533 Ecclesia
1596 1478 1728 1549 gratiam
1752 1494 1816 1533 con·

150 1566 200 1620 111.
211 1565 416 1636 Propterquod
426 1563 569 1620 cumsola
580 1564 706 1621 Ecclesia
717 1564 824 1621 haheat
833 1580 940 1636 aquam
994 1570 1125 1632 secutus,
1153 1565 1305 1621 recesserit
1328 1570 1358 1619 et
1378 1565 1414 1620 ah
1440 1563 1567 1621 Ecclesia
1593 1566 1709 1636 exierit,
1739 1582 1816 1623 reum

113 1652 232 1707 vitalem
247 1658 276 1708 et
289 1652 454 1723 baptizandi
470 1656 557 1724 atque
573 1654 712 1709 abluendi
735 1651 863 1708 hominis
888 1669 940 1725 ρο·
995 1654 1050 1709 sihi
1062 1654 1204 1723 laturum,
1216 1653 1244 1709 id
1261 1658 1316 1717 est,
1329 1654 1430 1725 ipsum
1445 1654 1501 1709 sihi
1517 1654 1595 1727 quod
1605 1662 1709 1727 pereat
1725 1656 1813 1729 impu·

112 1744 260 1807 testatem,
277 1740 328 1813 qui
343 1740 414 1796 dicit
428 1741 505 1811 apud
522 1741 716 1797 Novatianum
741 1740 882 1812 baptizari
911 1744 941 1797 et
994 1748 1135 1798 tatarum.
1148 1743 1228 1810 Quod
1245 1743 1396 1813 apostolus
1421 1742 1530 1798 Paulus
1549 1744 1691 1815 explanat
1712 1744 1814 1801 doeens

113 1829 288 1885 sanctitieari
302 1829 431 1901 aliquem
446 1846 543 1901 posse,
555 1830 638 1901 prius
650 1830 787 1885 ostendat
800 1836 829 1885 ct
839 1830 941 1887 doceat
994 1836 1023 1887 et
1046 1831 1216 1903 praecipiens
1231 1830 1401 1887 hereticum
1416 1830 1570 1887 vitandum
1584 1848 1652 1889 esse
1663 1836 1698 1888 ut
1709 1850 1813 1905 perser-

112 1918 306 1973 Novatianum
319 1918 348 1972 in
360 1917 489 1973 Ecclesia
499 1934 564 1973 esse
576 1917 939 1989 autEcclesiaepraisidore.
994 1936 1059 1975 sum
1079 1924 1108 1975 et
1123 1925 1303 1991 peccatorem
1315 1924 1344 1975 st
1359 1920 1549 1991 asemetipso
1564 1920 1744 1976 damnatum
1761 1922 1813 1993 (lit.

112 2006 241 2062 Ecclesia
255 2007 333 2062 enim
352 2024 409 2062 una
424 2010 471 2062 est
484 2007 554 2077 (21),
570 2024 634 2078 qna
645 2024 705 2062 una
719 2012 748 2062 ct
767 2008 848 2063 intus
876 2022 941 2063 essa
996 2026 1037 2078 iii,
1054 2010 1106 2079 tu).
1122 2007 1174 2063 ilic
1189 2008 1268 2063 enim
1284 2024 1351 2063 rcus
1367 2007 1424 2064 sihi
1436 2007 1491 2064 erit
1505 2009 1527 2043 ⁷⁸
1542 2007 1593 2080 qni
1609 2025 1668 2064 non
1694 2012 1733 2065 ah
1760 2010 1816 2083 epi·

112 2096 414 2167 ellorisnonpotest.
433 2096 461 2151 Si
479 2095 655 2167 enimapud
673 2095 939 2163 Novatiannmest,
994 2097 1215 2168 scopocjectns,
1243 2095 1293 2152 sed
1322 2100 1425 2168 sponte
1445 2096 1481 2153 de
1510 2095 1641 2153 Ecclesia
1661 2098 1812 2170 profugus,

114 2184 191 2257 apud
205 2182 373 2241 Cornelium
387 2200 444 2239 non
461 2183 525 2251 tuit,
542 2184 608 2255 (22).
626 2184 656 2239 si
680 2199 747 2239 vero
776 2184 854 2255 apud
870 2184 940 2239 Gor·
995 2183 1131 2240 heretica
1154 2182 1381 2255 presumptione
1394 2202 1411 2240 a
1426 2184 1585 2255 semetipso
1600 2184 1772 2243 damnatus.

114 2272 224 2329 nelium
240 2272 306 2339 tuit,
317 2274 367 2344 qui
386 2273 511 2329 Fnhiano
527 2272 663 2343 episcopo
677 2271 809 2345 legitima
821 2273 941 2329 ordina·
1029 2272 1063 2327 V.
1075 2274 1110 2327 Et
1123 2272 1231 2328 idcirco
1248 2272 1388 2328 Dominus
1399 2272 1554 2329 insinuans
1570 2274 1656 2329 nohis
1674 2274 1812 2331 unitatem

113 2360 192 2417 tione
212 2360 364 2425 successit,
374 2365 403 2415 et
416 2375 503 2431 quam
514 2363 619 2431 prater
632 2358 788 2414 sacerdotii
798 2358 939 2415 honorem
994 2363 1030 2419 de
1052 2360 1151 2417 divina
1174 2359 1348 2417 auctoritate
1370 2361 1534 2417 venientem
1562 2362 1647 2434 ponit
1672 2368 1703 2419 et
1733 2362 1811 2419 dicit:

114 2448 253 2521 martyrio
267 2464 384 2521 quoque
399 2448 541 2504 llominus
567 2446 747 2519 gloriticaiit,
760 2446 939 2505 Novatianus
994 2454 1093 2525 Epoet-
1107 2452 1188 2505 Pater
1202 2465 1394 2505 aiiiimsamcs
1408 2450 1501 2521 (lacn.
1526 2468 1556 2519 x,
1572 2450 1630 2522 30).
1661 2452 1705 2507 ed
1731 2468 1811 2525 qnam

115 2537 145 2593 in
162 2536 431 2607 Ecclesieiionest,
448 2552 500 2592 nec
528 2536 684 2607 episcopua
703 2535 868 2607 computari
893 2554 940 2609 po·
994 2540 1136 2595 unitatem
1152 2539 1288 2611 redigens
1317 2538 1476 2595 Ecclesiam
1505 2540 1707 2596 suamdenuo
1732 2542 1809 2597 dieii:

115 2626 221 2693 test³³‚
238 2626 289 2697 qui
310 2624 476 2698 evangelica
503 2626 604 2679 ml
635 2628 665 2679 et
693 2622 852 2695 apostolica
878 2630 939 2681 tra·
993 2631 1088 2685 aierit
1104 2644 1174 2683 anus
1201 2628 1306 2698 ρνεοοῖο
1330 2630 1441 2683 elanus
1467 2632 1562 2698 pastor
1591 2628 1674 2696 (leid.
1700 2628 1755 2698 iti).
1782 2628 1807 2684 Si

120 2714 229 2770 ditione
238 2718 416 2785 contempta,
430 2712 541 2768 nemini
554 2712 940 2784 succedens,aseipsoortue
994 2722 1091 2774 autem
1105 2732 1177 2787 grex
1191 2732 1268 2771 unus
1283 2720 1339 2782 eet,
1355 2717 1501 2787 quomodo
1518 2720 1614 2789 potest
1629 2720 1713 2789 gregi
1726 2718 1808 2773 adnu-

115 2804 294 2859 est.llahere
317 2818 445 2873 namque
473 2806 525 2857 aut
554 2805 651 2857 tenere
681 2800 840 2857 Ecclesiam
858 2800 939 2859 nullo
995 2806 1099 2861 merari
1117 2805 1169 2877 qui
1184 2805 1213 2859 in
1231 2820 1353 2860 numero
1368 2805 1466 2877 gregis
1486 2820 1544 2859 non
1559 2804 1705 2861 satiant
1721 2812 1808 2878 pastor

115 2891 201 2948 modo
213 2896 308 2963 potest
328 2891 378 2962 qni
394 2890 546 2946 ordinatus
562 2890 591 2944 in
606 2888 735 2945 Ecclesia
745 2905 802 2944 non
813 2894 868 2945 cst.
995 2894 1095 2950 haheri
1113 2894 1261 2966 quomodo
1274 2898 1369 2965 potest
1381 2894 1442 2963 qni,
1455 2898 1594 2949 manente
1607 2910 1677 2949 vero
1694 2900 1805 2967 pastore,

156 2980 202 3037 lV.
229 2979 310 3037 Foris
336 2980 415 3035 enim
431 2995 489 3034 non
508 2994 571 3033 esse
598 2976 753 3033 Ecclesiam
770 2992 824 3033 neo
847 2978 941 3035 scindi
995 2987 1024 3038 ot
1039 2982 1067 3037 in
1084 2981 1212 3037 Ecclesia
1228 2980 1275 3037 Dei
1299 2982 1402 3038 lm
1425 2980 1610 3037 ordinatione
1635 2985 1805 3039 succedanea

123 3070 279 3124 adversum
297 3074 394 3124 scatit
415 3067 504 3123 dividi
529 3082 625 3139 posse,
656 3065 707 3122 scd
736 3066 942 3139 inseparabilis
997 3070 1051 3141 (Q)
1067 3069 1249 3141 presidentc,
1266 3070 1376 3125 nemini
1393 3068 1690 3139 succedene,etase
1715 3072 1771 3145 ipso
1789 3070 1806 3105 ³¹

120 3162 208 3230 atquc
221 3157 376 3213 individue
392 3157 497 3212 domus
510 3156 652 3211 unitatem
668 3142 978 3213 tencremanilestatc
996 3156 1151 3230 incipiens,
1175 3157 1290 3213 alienus
1306 3158 1338 3213 llt
1352 3158 1409 3229 (36)
1423 3162 1452 3214 ct
1477 3158 1630 3229 prolanus‚
1664 3160 1802 3217 Dominiea

116 3246 273 3319 Scriptura
283 3246 388 3301 divine
398 3245 480 3311 lidcs,
494 3260 561 3299 cum
578 3244 613 3299 dc
623 3248 807 3300 sacramento
821 3244 939 3303 Pascha
995 3247 1075 3320 pacis
1089 3247 1145 3317 (25)
1160 3244 1306 3302 acdiiiinie
1317 3246 1440 3302 unitatis
1446 3245 1599 3317 inimicus,
1612 3247 1799 3306 nonhahitins

774 3380 876 3443 Variae
897 3382 1060 3445 lectiones.

150 3489 173 3523 ³⁰
188 3488 326 3559 Expintus
341 3492 370 3542 et
385 3486 568 3557 purificatus,
584 3485 686 3540 mundi
698 3484 845 3555 baptismo
864 3488 944 3545 tam.
964 3488 1028 3545 eid.
1046 3490 1071 3542 2.
1082 3486 1225 3543 Ehemlld.
1243 3488 1270 3543 l.
1311 3488 1331 3521 ⁷¹
1343 3486 1455 3543 Clarius
1469 3492 1498 3543 et
1515 3490 1717 3547 manifestium
1731 3492 1790 3555 tan,

114 3566 180 3621 hod.
196 3570 223 3622 2.
274 3564 1001 3637 ⁷21‘urgans1avaci0tim.nocentissimi.
1052 3566 1147 3623 '¹³Nec
1169 3566 1324 3639 episcopua
1344 3566 1507 3640 computari
1527 3574 1624 3639 potest
1640 3572 1701 3627 Eia.
1731 3570 1789 3626 eiii.

113 3645 137 3681 ⁷⁸
152 3646 204 3703 Cui
219 3647 248 3702 id
264 3645 420 3702 mandatur
447 3648 524 3701 lain.
542 3645 610 3700 ised.
626 3644 682 3702 ΝΟ.
709 3644 735 3700 l.
791 3647 813 3681 ⁷⁸
841 3648 893 3703 llic
915 3648 1052 3705 estenim
1074 3646 1126 3719 qui
1141 3646 1275 3703 rcussihi
1289 3644 1344 3702 erit
1358 3662 1417 3702 non
1440 3648 1506 3703 Boni
1533 3648 1558 3720 l,
1583 3652 1611 3706 2.
1637 3652 1718 3709 liber.
1741 3652 1787 3705 liii.

112 3717 190 3775 Eam.
236 3719 259 3753 ²⁶
279 3722 313 3773 Et
327 3722 414 3773 erunt
428 3733 505 3773 unus
529 3731 599 3789 grex
614 3716 680 3772 aad.
696 3718 722 3771 2.
761 3717 783 3751 Π
812 3718 1026 3792 Sedaseipso
1046 3718 1444 3775 lam.NC.lElcr.Ecd.2.

773 3831 881 3940 Steph,
904 3860 1023 3923 Baluzii
1039 3865 1134 3921 notae.

151 3984 192 4057 (tl
236 3984 356 4040 Ecclesia
383 3998 439 4037 aaa
466 3988 502 4037 et.
527 3980 601 4036 Citat
625 3981 704 4036 hunc
739 3980 848 4049 locuin,
891 3983 943 4041 sed
1034 3982 1170 4055 Cypriani
1185 3982 1397 4039 simileslocos.
1412 3983 1788 4057 ldsmadeumdemnqap'r

117 4054 433 4122 mutium,Gerochus
451 4052 643 4124 llaichersper
663 4052 743 4108 ensis
768 4054 797 4109 iii
815 4060 943 4111 tractatu
1003 4054 1092 4111 stola:
1123 4056 1156 4110 Si'
1183 4056 1245 4125 qais
1279 4054 1399 4127 (inquit)
1423 4056 1556 4112 camena
1582 4058 1662 4115 Petri
1681 4058 1787 4127 impin,

116 4129 257 4183 adversus
296 4125 481 4183 simoniacos
519 4141 582 4194 cap.
622 4068 668 4178 ’l
712 4125 750 4179 Eo
789 4142 861 4183 usus
898 4131 943 4182 est
997 4143 1072 4183 meas
1086 4130 1136 4182 est.
1155 4125 1203 4181 Sic
1231 4124 1253 4181 ll
1278 4131 1353 4199 Aug.
1382 4130 1478 4183 eontra
1507 4130 1653 4199 epistolam
1682 4130 1786 4185 Fundis.

115 4200 244 4255 loannes
259 4198 449 4271 Capistranus
465 4196 605 4253 adversus
630 4194 754 4251 Felicem
768 4200 792 4249 V
817 4197 942 4253 electum
998 4214 1024 4253 ο.
1040 4199 1075 4266 l;
1093 4198 1173 4253 leuel
1188 4212 1242 4261 me,
1272 4197 1378 4270 inquit,
1406 4198 1437 4253 iii
1464 4198 1588 4255 Ecclesia
1615 4202 1650 4257 cli
1676 4202 1729 4273 ipis
1744 4195 1788 4254 ieie

117 4286 222 4343 papam
239 4287 256 4326 a
271 4271 387 4326 concilii
403 4267 569 4323 Basilecnsi.
583 4264 655 4320 Vide
665 4270 820 4323 tractatum
831 4269 895 4339 ejus
906 4270 943 4325 de
997 4270 1117 4340 apostoli·
1138 4269 1215 4324 Petri
1228 4268 1266 4324 ad
1283 4276 1433 4341 presentem
1448 4272 1537 4341 episco
1557 4275 1635 4327 atam
1648 4270 1787 4327 semidam

117 4357 198 4417 papii
213 4345 242 4397 et
256 4341 372 4397 concilii
393 4338 571 4393 auctoritate
586 4341 669 4407 parte
684 4354 726 4393 iii.
996 4342 1139 4395 successio.
1152 4339 1199 4395 Sic
1209 4340 1286 4395 idem
1298 4342 1327 4395 in
1343 4287 1581 4399 Psdmosmasm
1589 4340 1784 4415 parienillcrult'.

154 4414 211 4481 (22)
227 4412 258 4467 Si'
285 4415 359 4469 eiiiiii
384 4410 459 4482 apud
483 4408 668 4465 Novatiaiiam
693 4408 820 4479 estapud
840 4409 942 4465 Come·
996 4416 1025 4466 et
1040 4409 1164 4482 epistola
1179 4412 1241 4477 165,
1257 4428 1290 4466 ac
1315 4411 1438 4483 Optatus
1454 4410 1574 4469 Milesii.
1601 4420 1694 4472 eontra
1717 4419 1785 4471 Para

121 4482 194 4537 tinia
213 4500 269 4537 acii
283 4482 465 4553 faithiscrtis
480 4479 576 4535 verhis
591 4479 674 4533 docet
697 4479 826 4535 Ecclesia
841 4486 941 4536 nolam
997 4482 1016 4536 l.
1033 4498 1064 4551 ii,
1082 4481 1247 4537 donatistas
1261 4482 1436 4539 conducunt
1448 4483 1585 4541 doctrina
1603 4486 1733 4542 continno
1743 4489 1783 4539 ta·

116 4570 182 4609 esse
199 4554 360 4624 legitimam
377 4552 590 4609 successionem
604 4553 800 4607 Romanorum
825 4550 941 4623 pontill-
996 4554 1056 4609 dita
1070 4553 1098 4607 in
1115 4552 1377 4609 Ecclesiallomana
1400 4570 1451 4627 per
1470 4554 1633 4627 legitimam
1649 4556 1785 4630 pontiliano

119 4642 198 4693 cum,
214 4632 315 4697 utpote
339 4641 404 4681 cum
428 4624 515 4688 dicat,
547 4622 625 4675 aud
655 4621 820 4677 Cornelium
850 4624 942 4679 luisse
996 4623 1224 4695 successionem,
1250 4630 1281 4681 el
1318 4624 1421 4681 eodem
1445 4634 1618 4709 argumento
1642 4646 1702 4685 suae
1719 4622 1785 4683 ciali

118 4638 713 4768 Ecclesiam,quialegitimaorlinatione
739 4693 942 4751 Fahiariosuc·
998 4694 1150 4751 hereticos
1164 4696 1351 4768 impugnant,
1363 4702 1525 4769 praesertim
1555 4699 1607 4755 lih.
1638 4715 1748 4771 iii,cap.
1766 4694 1784 4747 3-

118 4767 216 4835 cessit,
233 4770 311 4839 apud
331 4768 525 4823 Novatianuni
547 4779 604 4818 non
630 4778 706 4845 csse,⁸
732 4764 807 4845 quia·
830 4765 942 4821 nemini
997 4771 1170 4833 irenaeus,et
1184 4764 1281 4838 ipsum
1298 4766 1615 4827 imitatis'lertnll.lih.
1629 4766 1785 4898 mm·

117 4840 278 4897 succedens
294 4840 419 4910 aseipeo
437 4840 589 4893 ortusest.
614 4833 728 4889 Similia
750 4836 823 4891 dixit
850 4852 883 4891 su
908 4836 1125 4911 ranadiiersas
1155 4838 1295 4895 hereticos
1324 4854 1357 4895 ac
1385 4838 1525 4912 Origenes
1549 4841 1601 4897 lih.
1627 4860 1635 4898 i
1676 4844 1697 4897 P
1728 4844 1733 4855 '
1779 4874 1785 4889 ·

117 4909 241 4982 epistola
254 4910 289 4965 acl
305 4908 600 4987 Antonianaiii.htque
616 4903 685 4959 hinc
700 4911 755 4972 eet,
792 4908 847 4963 uod
873 4854 940 4989 aliis
1660 4914 1750 4969 Pin.
1773 4978 1778 4989 ἢ

119 4997 238 5053 quoque
254 4986 367 5038 veteres
391 4980 472 5035 illam
497 4978 672 5049 jndieoiunt
692 4992 756 5032 essc
805 4976 942 5035 eclesiam
1031 4978 1088 5049 (23)
1099 4978 1283 5036 Saceediiiiea.
1312 4980 1482 5037 annitens
1497 4980 1785 5053 scripturientium·

118 5052 305 5121 catholicam,
321 5056 350 5110 in
367 5069 426 5123 qua
440 5050 588 5130 Romanus
612 5047 740 5118 pontilari
764 5048 940 5119 presideret.
995 5050 1180 5131 ilaiieaouai
1195 5051 1278 5107 lectio
1288 5056 1334 5108 est
1343 5052 1464 5135 optima.
1473 5052 1651 5135 Scdquiaaa
1681 5062 1785 5112 nimios

120 5126 179 5192 Sic,
205 5130 278 5181 teste
307 5126 340 5183 D.
371 5122 538 5184 Ambrosio,
564 5122 644 5175 Orat.
673 5120 794 5187 satistri.
819 5120 941 5193 Satyrus
996 5135 1182 5192 reposuimus
1203 5122 1520 5195 optimaetiamestet
1544 5138 1574 5179 in
1590 5072 1721 5183 omnilins
1736 5123 1784 5179 lin·

118 5198 184 5267 ejus
213 5197 301 5253 trater
324 5192 572 5270 percunctabatur
600 5189 636 5245 ab
651 5190 786 5270 episcopo
801 5193 940 5265 quodam,
997 5190 1078 5247 libris
1102 5193 1248 5249 sensibus
1272 5211 1303 5253 re
1324 5194 1426 5262 oritur,
1455 5210 1520 5251 eam
1542 5196 1669 5255 retinere
1694 5190 1784 5271 plicuit

120 5274 290 5324 utrumnam
300 5285 367 5325 cuin
389 5263 533 5339 episcopis
553 5260 714 5328 catholicis,
742 5262 772 5317 id
800 5268 846 5319 asi
874 5280 942 5321 eum
996 5262 1077 5319 Unus
1092 5278 1176 5319 meus
1195 5270 1278 5323 vetus
1300 5210 1391 5323 Eahet
1419 5266 1561 5323 mendosa
1587 5270 1716 5327 succidua
1731 5264 1785 5323 aliut

119 5341 250 5395 Romana
266 5340 392 5396 Ecclesia
404 5334 582 5394 conveniret.
593 5333 638 5387 Sic
648 5337 679 5387 Ι).
689 5332 806 5390 Hieron.
819 5335 942 5407 epistola
995 5335 1151 5391 subitanea.

117 5408 155 5463 ait
170 5413 332 5478 Damasum,
344 5412 452 5469 iontem
468 5407 491 5463 si
516 5408 616 5461 natum
631 5404 792 5460 ethorlnm
808 5406 941 5463 Ecclesiae
1032 5406 1085 5473 t2l)
1102 5406 1215 5463 Aliost-tls
1226 5408 1267 5479 fil.
1288 5406 1365 5464 Citat
1392 5408 1470 5465 hune
1499 5407 1596 5466 locum
1626 5407 1784 5467 sanctuslln·

119 5478 291 5537 conclusum
308 5484 337 5539 in
362 5423 666 5538 Petrinatsscdraesec
687 5477 782 5558 docet,
807 5480 941 5558 eteritis
995 5478 1133 5548 guntinus
1160 5478 1211 5535 lih.
1235 5495 1275 5533 vri
1312 5478 1346 5535 de
1371 5480 1508 5553 Baptistae
1540 5488 1638 5538 eontra
1663 5480 1784 5539 nicusus

119 5564 184 5604 cam
197 5551 353 5609 Ecclesiam
385 5554 433 5625 qui
458 5566 567 5622 agrium
591 5548 759 5611 comederit,
786 5550 939 5619 protanam
995 5548 1118 5618 captiti.

121 5635 203 5687 esse;
219 5623 244 5677 si
260 5626 327 5695 quis
344 5624 439 5679 inilla
459 5621 501 5676 uti
520 5622 550 5673 in
576 5635 643 5674 arca
660 5618 812 5701 Noe,·non
842 5620 941 5689 luerit,
1015 5620 1087 5747 off)
1111 5621 1265 5704 Dominicis
1288 5622 1384 5695 pasis:
1425 5620 1522 5678 codsa
1549 5624 1645 5681 sancti
1669 5612 1785 5691 emitptt

114 5688 284 5767 periturum
300 5694 419 5764 diluvio,
435 5690 570 5749 alludens
579 5687 657 5746 hand
672 5688 762 5747 dubie
772 5690 808 5747 sd
824 5689 941 5748 honest
994 5688 1014 5745 h
1070 5693 1242 5763 tpcssiciii's.
