3892 6104
61 39 111 84 tas-s
155 48 165 60 ·
207 39 213 79 ς
224 39 239 71 ³.
258 39 283 77 ···.

61 78 122 114 linas·
140 100 146 109 ,
196 93 239 131 ’,Γ
259 102 262 109 ,
285 89 297 119 '-

117 311 199 371 isti
618 312 721 375 PARS
742 312 770 373 i.
784 342 825 355 -
842 308 1095 373 mouumenti
1117 310 1323 375 venuncii.
1744 316 1824 379 t2l8

115 440 255 499 Ecclesiis
269 458 344 515 quas
358 440 401 499 illi
416 459 434 499 a
448 442 563 501 Christo
577 442 661 501 missi
677 442 902 513 constituerunt,
912 444 941 497 et
954 444 981 509 Α
995 442 1039 499 eis
1051 442 1212 509 conveniat,
1228 446 1257 499 et
1271 443 1418 501 orationes
1433 444 1543 517 pariter
1557 461 1627 501 cum
1640 444 1746 502 iisdem
1767 446 1823 503 mi·

115 532 264 606 episcopia
278 530 328 603 qui
344 530 386 587 eis
402 531 585 589 ordinatione
611 533 720 589 vicaria
734 532 772 605 (it
795 546 944 587 successe·
999 537 1089 601 sceat,
1104 536 1133 587 et
1153 530 1244 589 altare
1271 548 1306 589 ae
1333 531 1510 589 saoriileium
1539 550 1695 591 commuue
1718 536 1825 593 cousti-

117 624 197 677 runt.
215 622 318 677 tlostes
329 622 523 677 autemunius
538 622 685 679 catholica
700 620 876 687 Ecclesia,in
886 636 946 693 qua
999 622 1072 676 tuat,

116 710 468 809 ¹¹⁰⁸,summ’uwet
487 708 845 811 adveriariifl⁰⁵lrilf¹ui
876 724 944 781 ⁸¹³sp
1034 752 1132 809 xviii.
1148 753 1203 809 Sed
1221 754 1250 809 in
1275 754 1413 822 multum,
1437 754 1544 828 inquit,
1574 756 1689 830 protlcit
1717 775 1824 815 noman

117 796 203 853 stohs
217 814 425 865 successimus,
448 800 612 856 sacerdotia
640 800 697 855 srbr
729 798 831 853 rlhcrta
845 797 946 853 contra

206 885 212 897 .
259 886 265 898 .
504 888 509 898 .
916 886 921 895 .
999 841 1225 899 Christiano
1248 844 1282 899 ad
1300 844 1389 899 fidem
1417 848 1446 899 et
1460 845 1599 917 baptismi
1615 846 1824 904 sanctificatio-

116 901 171 943 nos
185 886 370 943 vindicantes
381 891 411 943 et
425 886 530 944 altaria
556 888 677 961 prolana
704 892 858 961 ponentes,
873 886 945 985 quid
999 947 1079 997 nem·
1096 936 1128 988 ut
1151 931 1318 1004 quicunque
1333 936 1363 988 et
1381 932 1551 1008 ubicunque
1563 936 1586 971 π
1601 936 1636 1003 (4,
1652 936 1682 992 in
1706 936 1824 995 nomine

117 973 199 1031 'liud
214 983 284 1031 ⁸⁸⁰²
299 992 387 1077 (ξω
404 975 497 1033 mmm
511 978 666 1033 elnathan
683 976 857 1077 etflbimn'
881 990 945 1048 pm
998 1020 1106 1077 Christi
1119 1021 1281 1093 baptizatus
1297 1022 1393 1089 luerit,
1409 1028 1606 1095 consequatur
1632 1026 1734 1082 statim
1757 1042 1824 1101 gra·

116 1063 226 1120 ⁸⁰⁶¹⁰¹⁸⁰
241 1064 385 1137 samm
406 1070 435 1121 οἱ
448 1067 565 1122 ⁰⁸⁸d⁰m
581 1083 655 1139 ‘³⁰⁸⁵
670 1071 699 1122 ⁰t
718 1065 760 1122 ¹¹¹¹
777 1082 878 1137 pfflnas
893 1065 945 1120 ἂν
998 1110 1069 1165 tiam
1085 1108 1203 1179 Christi,
1226 1111 1343 1183 quando
1372 1110 1440 1167 huic
1467 1111 1530 1168 loeo
1558 1112 1683 1169 breviter
1710 1114 1824 1171 occurri
1845 1180 1851 1189 ,

115 1153 176 1209 turi
192 1170 261 1209 cum
277 1153 323 1210 his
338 1154 387 1226 qui
404 1154 460 1211 sibi
476 1156 676 1223 consentiunt,
692 1154 944 1225 secundumquod
1071 1199 1076 1210 .
1170 1199 1203 1210 ..
1303 1200 1309 1210 .
1405 1199 1439 1212 ..
1549 1200 1556 1213 .
1671 1202 1716 1215 ..
1802 1204 1809 1217 ,

115 1242 206 1299 etiam
222 1246 293 1298 tunc
308 1241 426 1298 illorum
443 1244 598 1315 participes
611 1250 640 1301 et
655 1244 783 1300 fautores
798 1244 861 1315 pari
876 1258 944 1298 cum
1000 1204 1093 1270 9⁰⁵⁸¹t
1107 1203 1136 1255 et
1147 1200 1203 1254 ‘¹¹⁰¹
1220 1216 1371 1272 ‘lumnam’
1387 1217 1412 1257 ⁸¹
1432 1217 1462 1256 ¹¹¹
1477 1218 1595 1257 ¹¹⁰m¹¹¹⁶
1610 1202 1717 1259 Chmn
1733 1203 1826 1261 ἰωή

115 1328 161 1385 eis
176 1334 270 1385 morte
283 1332 317 1399 tlt
334 1330 495 1401 perierunt.

152 1418 238 1473 xvii.
256 1423 350 1493 Atque
365 1437 418 1493 ogo
434 1421 464 1476 in
480 1420 535 1477 hac
550 1426 631 1493 parte
647 1424 729 1495 iuste
757 1421 895 1495 indignor
907 1421 943 1477 ad

999 1286 1069 1343 loris
1080 1287 1227 1360 baptisma
1239 1289 1275 1344 ad
1286 1288 1436 1345 hominem
1452 1291 1638 1363 purgandum
1651 1290 1680 1345 in
1689 1292 1823 1363 ejusdem

997 1375 1102 1433 christi
1120 1376 1239 1433 nomine
1252 1377 1357 1445 valere,
1373 1377 1534 1451 illicpotuit
1547 1384 1577 1435 et
1587 1396 1693 1436 manus
1703 1380 1824 1455 imposi-

999 1465 1038 1521 tio
1053 1466 1088 1521 ad
1106 1466 1308 1537 accipiendum
1318 1466 1461 1539 Spiritum
1474 1472 1621 1525 sanctum.
1638 1473 1672 1525 Et
1682 1468 1824 1543 incipient

998 1559 1102 1611 cetera
1115 1556 1136 1589 Π
1152 1572 1337 1628 quoquequae
1347 1557 1423 1628 apud
1440 1556 1593 1614 hereticos
1610 1558 1824 1631 agunturjustc

998 1646 1026 1699 et
1041 1642 1172 1715 legitima
1186 1644 1286 1710 videri,
1303 1646 1420 1717 quando
1440 1645 1470 1701 in
1493 1646 1611 1703 nomine
1638 1647 1747 1703 Christi
1772 1662 1823 1721 ge·

999 1736 1111 1803 rantur,
1128 1733 1291 1788 seeundum
1308 1735 1385 1806 quod
1400 1752 1452 1791 vos
1466 1736 1496 1791 in
1507 1736 1631 1808 epistola
1644 1741 1824 1795 vestraexse·

958 1814 1150 1889 Boutiastis,
1167 1822 1293 1878 nonnisi
1309 1822 1338 1879 in
1367 1822 1497 1882 Ecclesia
1524 1824 1587 1882 sola
1614 1826 1709 1884 valere
1737 1842 1824 1900 posse
1927 1822 1931 1827 ’

996 1927 1102 1966 nomen
1117 1910 1234 1979 Christi,
1250 1911 1296 1968 cui
1307 1913 1357 1968 uui
1368 1914 1682 1971 concesseritChristus
1695 1914 1823 1973 caelestis

995 2000 1286 2072 gratiaepotestatem.

115 1507 193 1564 hanc
209 1513 271 1564 iam
287 1514 417 1581 aperiam
434 1515 463 1566 et
484 1512 672 1567 manifestam
687 1510 828 1583 Stephani
844 1510 944 1567 stulti-

114 1596 200 1667 tiam,
215 1598 292 1669 quod
309 1598 359 1670 qui
375 1599 417 1655 sic
431 1600 467 1657 de
490 1601 677 1673 episcopatus
692 1600 738 1656 sui
759 1600 822 1657 loco
837 1600 944 1673 gloria·

114 1690 165 1741 tur
178 1689 208 1742 et
222 1703 253 1742 se
268 1687 484 1744 successionem
501 1689 576 1745 Petri
601 1694 702 1746 tenere
717 1690 875 1756 contendit,
893 1705 943 1745 su·

115 1790 168 1845 per
196 1790 283 1846 quem
309 1776 500 1833 fundamenta
525 1777 657 1834 Ecclesia
694 1778 835 1836 collocata
862 1781 941 1845 sunt,

115 1862 226 1921 multas
232 1864 305 1920 alias
316 1870 413 1937 petras
422 1868 542 1923 inducat
551 1867 773 1924 eteoclesiarum
782 1868 942 1924 multarum

114 1970 190 2010 nova
205 1955 327 2011 aedificia
341 1958 510 2023 constituat,
525 1958 596 2013 dum
618 1974 682 2015 esse
711 1957 771 2014 illic
797 1958 942 2030 baptisma

113 2059 172 2099 sua
185 2045 358 2101 auctoritate
368 2045 508 2103 defendit.
523 2047 656 2120 Numqui
669 2047 941 2120 baptizanturcom·

114 2130 379 2203 plentsinedubio
402 2134 536 2191 Ecclesia
566 2153 732 2193 numerum.
761 2136 815 2201 Qui
842 2142 940 2192 autem
1031 2130 1102 2186 XIX·
1119 2132 1200 2197 011ῡᾶ
1217 2133 1502 2204 aultfflptillsselad
1518 2138 1761 2194 tontueludinem
1776 2154 1823 2195 re·

112 2220 263 2291 baptisma
279 2239 380 2278 eorum
396 2224 552 2296 probat,de
568 2224 723 2297 baptizatis
738 2230 767 2281 et
781 2224 940 2280 Ecclesiam
995 2220 1157 2290 tutandam,
1174 2237 1262 2293 quam
1278 2220 1414 2277 videntur
1441 2239 1587 2295 opponere
1601 2226 1726 2295 venun,
1755 2226 1822 2299 quis

113 2306 176 2363 iilic
190 2326 255 2365 ease
270 2312 434 2367 confirmat.
451 2312 509 2368 Nee
525 2312 662 2385 intelligit
676 2314 825 2369 obfuscari
840 2330 857 2369 a
872 2329 902 2369 se
913 2316 942 2369 et
995 2313 1056 2364 tam
1072 2327 1166 2365 vanus
1182 2310 1220 2366 sit
1234 2314 1268 2365 ut
1278 2310 1391 2366 veritati
1417 2313 1660 2370 consuetudinem
1676 2316 1822 2388 praeterat,
1911 2364 1914 2369 .
1942 2312 1945 2317 ’

113 2398 244 2469 quodam
262 2401 347 2456 modo
363 2402 668 2459 absoieriChristianae
683 2408 770 2475 petre
786 2404 940 2458 veritatem
996 2404 1045 2454 aut
1061 2398 1121 2471 qui,
1138 2404 1290 2472 perspecta
1305 2398 1379 2465 luco,
1396 2399 1533 2456 tenebras
1549 2418 1608 2457 non
1620 2402 1823 2476 derelinquat?

113 2488 166 2558 qui
181 2487 224 2543 sie
239 2489 335 2559 prodit
350 2494 379 2545 et
394 2492 501 2546 deserit
519 2492 673 2548 unitatem.
689 2492 807 2548 Judeos
830 2496 939 2562 tamon,
995 2487 1056 2542 Nisi
1072 2487 1096 2543 si
1112 2493 1140 2542 et
1154 2486 1283 2553 iudaea.
1303 2487 1418 2544 Christi)
1433 2489 1618 2562 adventante,
1635 2491 1663 2547 id
1688 2497 1733 2549 est
1746 2492 1822 2549 verl-

112 2576 250 2647 quamvis
265 2578 431 2649 ignorantia
446 2596 537 2635 cacos
560 2586 588 2635 ot
611 2580 784 2652 gravissimo
812 2580 941 2636 laoinors
994 2579 1064 2643 tate,
1081 2576 1200 2647 adjuvat
1219 2575 1248 2631 in
1264 2575 1363 2648 aliquo
1392 2578 1601 2649 antiquissima
1628 2582 1821 2655 consuetudo,

112 2666 299 2731 constrictos,
315 2665 410 2722 zelum
435 2668 482 2722 liei
511 2668 667 2738 Apostolus
696 2668 804 2724 babere
823 2670 940 2739 profite-
995 2664 1083 2736 quod.
1105 2663 1205 2720 relicta
1229 2665 1252 2699 ⁷⁸
1273 2681 1347 2721 ΠΜ
1370 2666 1501 2722 veritatis
1529 2666 1584 2731 Via.
1613 2668 1643 2723 in
1676 2674 1822 2729 vetustate

111 2755 164 2810 tur
178 2754 210 2807 ⁷⁸.
225 2754 401 2827 Stephanus,
414 2757 464 2828 qui
483 2758 758 2829 persuceessioucm
769 2757 938 2813 cathedram
994 2754 1219 2824 permanserint.
1234 2754 1314 2819 Quod
1331 2752 1449 2826 quidem
1473 2756 1613 2813 adversus
1637 2757 1821 2830 Stephanum
1935 2796 1938 2801 -

111 2842 191 2897 Petri
208 2842 314 2899 habere
329 2860 360 2900 so
375 2846 522 2916 predicat,
540 2845 621 2901 nullo
636 2847 775 2902 adversus
789 2845 941 2901 haereticos
995 2858 1046 2897 vos
1060 2842 1164 2909 dicere,
1182 2841 1253 2909 hiri,
1270 2842 1400 2913 potestis,
1416 2844 1533 2915 cognita
1545 2844 1676 2917 veritate,
1691 2863 1820 2905 errorem

111 2928 176 2985 zelo
189 2932 342 2999 excitatur,
358 2934 520 2991 concedens
545 2934 604 2991 iliis
633 2951 690 2990 non
722 2934 866 2990 modicam
889 2934 939 2990 scd
994 2947 1045 2986 voe
1058 2930 1279 2986 consuetudinis
1295 2931 1458 3001 reliquisse.
1474 2932 1615 2989 Ceterum
1637 2951 1690 2990 nos
1704 2936 1820 2994 veritati

113 3020 275 3075 maximam
285 3021 385 3093 gratia
400 3028 585 3094 potestatem,
603 3030 635 3079 ut
650 3023 728 3079 dicat
744 3040 793 3079 eos
808 3024 831 3058 ⁷⁸
846 3027 875 3078 et
896 3040 941 3078 as·
994 3024 1023 3075 et
1037 3019 1279 3075 consuetudinem
1291 3020 1456 3093 jungimus,
1467 3024 1704 3079 etconeuetudini
1717 3028 1821 3082 Roma·

112 3116 226 3165 caveret
241 3126 292 3181 per
307 3110 444 3183 baptismi
472 3117 690 3168 sacramentum
717 3114 818 3168 sordes
833 3112 940 3169 veteris
994 3126 1098 3165 norum
1115 3109 1369 3177 consuetudinem,
1385 3111 1436 3166 sed
1452 3110 1583 3167 veritatis
1594 3113 1820 3185 oppoulmus‚ab

112 3196 245 3253 hominis
264 3199 393 3268 abluere,
410 3201 532 3273 antiqua
547 3200 650 3257 mortis
674 3208 792 3273 peecata
820 3203 940 3271 donare,
957 3182 978 3251 G
997 3199 1080 3255 initio
1095 3198 1150 3253 hoc
1166 3202 1299 3254 tenentes
1315 3199 1416 3269 quoda
1431 3199 1545 3256 Christo
1560 3206 1590 3257 et
1604 3202 1640 3258 ab
1651 3180 1850 3275 apostolislt’

112 3287 333 3359 regeneratione
348 3288 458 3345 calesti
475 3290 550 3345 filios
566 3290 616 3345 Dei
633 3290 737 3361 lacere,
753 3291 788 3347 ad
801 3295 939 3347 eternam
994 3288 1136 3344 traditum
1156 3293 1210 3343 est.
1228 3287 1285 3345 Nec
1302 3288 1491 3345 meminimus
1510 3289 1565 3346 hoe
1580 3292 1657 3363 apud
1684 3310 1739 3348 nos
1765 3292 1817 3349 ali·

112 3375 206 3431 vitam
223 3376 314 3433 divini
329 3378 435 3433 lavacri
465 3378 694 3435 sanctificatione
722 3396 867 3452 reparare.
884 3378 939 3445 Qui
993 3377 1109 3448 quando
1124 3376 1257 3448 caepisse,
1273 3392 1340 3431 cum
1355 3392 1470 3447 semper
1492 3378 1558 3434 istic
1577 3380 1765 3436 observatum
1781 3380 1822 3437 ait

112 3465 462 3538 sicmagnaetcoeiosiia
484 3467 615 3525 Ecclesiae
646 3485 770 3523 munera
797 3467 940 3524 haereticis
996 3464 1263 3521 utnounisiunam
1289 3464 1337 3521 Dei
1352 3464 1510 3521 Ecclesiam
1536 3467 1687 3535 docemus,
1709 3472 1822 3526 etsen-

112 3555 248 3611 concedit
271 3560 300 3611 et
328 3556 441 3621 tribuit,
471 3558 520 3628 qui
549 3558 628 3613 aliud
653 3558 713 3630 agit
736 3558 758 3593 ⁷⁵
787 3559 825 3627 (3)
852 3574 940 3629 quum
994 3559 1076 3610 cium
1092 3553 1238 3625 baptisma
1259 3553 1375 3609 nonnisi
1390 3560 1498 3610 sancta
1512 3555 1647 3613 Ecclesia
1666 3563 1820 3630 computa·

111 3644 313 3700 communicat
328 3646 371 3701 eis
386 3645 494 3717 quibus
509 3650 623 3702 tantum
639 3646 741 3719 gratiae
762 3646 892 3702 defendit
908 3663 941 3702 ao
995 3659 1103 3699 remus.
1120 3642 1218 3710 Plane,
1230 3642 1496 3715 quoniamquidem
1508 3645 1544 3701 de
1559 3661 1660 3702 eorum
1676 3646 1821 3719 baptismo

111 3732 253 3788 vindicat.
270 3734 304 3789 Et
317 3735 428 3790 trustra
440 3735 500 3803 jam
516 3735 632 3791 dubitat
645 3736 675 3791 in
698 3736 810 3791 ceteris
825 3751 941 3807 quoque
995 3730 1170 3787 dubitabant
1189 3730 1251 3803 qui,
1267 3730 1320 3787 etsi
1337 3748 1394 3787 non
1411 3737 1508 3789 utnos
1521 3734 1560 3807 (5)
1576 3735 1733 3807 prophetas
1745 3736 1821 3793 reci·

112 3822 281 3878 consentire
296 3822 339 3878 eis
353 3828 380 3879 et
396 3824 542 3895 particeps
556 3840 632 3891 esse,
647 3830 679 3879 ut
705 3829 734 3880 et
760 3824 848 3880 simul
873 3840 941 3879 cum
995 3820 1225 3894 piunt,eosdem
1241 3824 1337 3877 tamen
1368 3825 1484 3879 Patrem
1512 3827 1542 3879 et
1568 3822 1709 3880 iiiliumt⁰
1735 3840 1823 3883 nosse

834 3949 937 4011 Varia
955 3946 1115 4009 lectiones.

146 4052 171 4087 ²³
185 4052 297 4108 Habere
310 4054 475 4109 confitetur.
491 4056 540 4109 Ar.
558 4056 633 4111 tom.
649 4055 734 4111 libor.
746 4056 800 4113 NG.
819 4055 845 4111 t.
862 4054 960 4111 Routh.
971 4056 993 4090 ⁷⁴
1024 4051 1224 4108 Dicateislr.
1242 4052 1317 4107 tom.
1343 4054 1424 4108 litor.
1455 4052 1511 4109 NG.
1540 4054 1565 4109 l.
1583 4053 1648 4110 liod,
1664 4056 1691 4109 2.
1708 4056 1731 4091 ⁷⁸
1745 4054 1819 4119 Ouid
1929 4124 1932 4129 Ι

108 4122 191 4180 aliud
206 4124 265 4197 agit
281 4126 327 4180 Ar.
342 4126 419 4180 Lam.
435 4127 506 4181 litor
520 4126 615 4182 ivai.
633 4128 697 4182 Bor-l.
709 4130 737 4192 2,
767 4128 790 4162 ⁷⁸
805 4126 976 4198 Quicunque
999 4129 1028 4181 ei
1049 4124 1216 4195 ubieunque
1244 4124 1292 4179 Ar.
1316 4128 1394 4180 Lem.
1418 4124 1499 4180 utor.
1524 4125 1577 4181 NG.
1609 4126 1635 4181 i.
1664 4126 1729 4181 Boii.
1754 4126 1821 4181 2³¹

107 4198 218 4251 cetera
248 4212 344 4267 coque
359 4198 435 4267 apud
453 4197 613 4263 hereticos,
623 4198 708 4269 justa
721 4202 769 4254 Ar.
785 4199 862 4254 tam.
879 4200 960 4255 dher.
975 4196 1031 4255 ΝΟ.
1049 4197 1074 4252 1.
1091 4194 1156 4251 hod.
1168 4196 1196 4249 ⁴3.
1207 4194 1229 4229 ⁷⁸
1253 4196 1488 4267 ltejeotaForsaa.
1506 4198 1604 4253 iiouth.
1619 4197 1643 4232 ⁷⁹
1656 4196 1817 4270 apostolis.

108 4270 189 4323 Lem.
206 4213 259 4324 iil.
276 4269 355 4324 Ebor.
371 4270 394 4305 ⁸⁰
408 4267 516 4325 Eilium
531 4270 621 4342 etSp.
635 4274 770 4326 sanctum
785 4272 832 4326 Ar.
848 4271 925 4325 Lam.
938 4270 1019 4327 tabor.
1036 4268 1094 4324 Ne.
1109 4268 1133 4321 l.
1149 4266 1217 4323 Bod.
1232 4268 1261 4322 2.

822 4396 988 4459 variorum
1015 4396 1107 4453 note.

145 4498 381 4569 illilnctinotionc
404 4504 523 4557 nicoma.
555 4503 623 4559 Vide
649 4507 734 4559 notas
758 4510 873 4561 nostras
899 4502 1060 4571 adDVide
1102 4518 1166 4573 que
1195 4500 1291 4557 netad
1333 4520 1423 4576 supra
1455 4503 1492 4558 ad
1532 4502 1686 4575 epistolam
1720 4520 1818 4569 usarii,

109 4571 266 4645 epistolam
281 4590 391 4639 anniv,
406 4574 474 4645 tupi
493 4574 694 4630 Ecrrarionsis.
715 4576 816 4631 Bacca.
994 4574 1097 4629 Bacca.

146 4646 340 4711 (sphericum
354 4648 393 4700 eis
420 4651 498 4701 naeu.
533 4648 574 4700 ita
603 4646 787 4703 restituimus
816 4664 847 4703 ex
881 4648 937 4703 fide
1029 4645 1064 4715 (5t
1081 4643 1352 4727 ltonatnos.uiianc
1371 4644 1536 4714 lectionem,
1565 4662 1654 4717 quam
1671 4649 1819 4727 putoesaa

110 4714 201 4771 unius
212 4716 627 4788 codicisantiquibiblioiheca
644 4718 747 4790 Regia.
759 4718 839 4773 lianc
851 4736 936 4789 porro
993 4716 1145 4787 optimam,
1163 4731 1258 4770 invem
1270 4732 1299 4769 in
1309 4733 1367 4771 uno
1382 4716 1456 4772 libro
1470 4734 1533 4774 meo
1548 4723 1651 4775 vetere.
1666 4716 1819 4773 Morelhus

109 4787 326 4844 restitutionem
347 4805 411 4844 esse
434 4787 595 4861 legitimam
621 4790 772 4845 ostendere
800 4791 938 4847 videntur
995 4787 1161 4859 posuitaon
1179 4802 1378 4859 roa-eamque
1407 4787 1561 4845 lectionem
1590 4806 1643 4862 ego
1666 4806 1696 4845 re
1718 4789 1759 4845 eri
1787 4788 1818 4845 iu

108 4858 199 4913 etiam
215 4858 274 4915 aliu
287 4865 385 4916 vetera
397 4860 584 4931 exemplaria,
601 4878 663 4930 qua
674 4860 782 4917 habent
794 4864 862 4934 pori
874 4880 937 4918 cum
994 4864 1120 4930 quatuor
1135 4858 1285 4915 codicibus
1296 4860 1592 4931 antiquisPamelius
1607 4807 1773 4917 emenrlavit
1783 4876 1820 4917 ex

107 4930 935 5005 eisperierant.Quinquecteditionesprateruntporiier.
994 4932 1161 5013 conpotum
1181 4934 1211 4985 et
1243 4930 1363 5003 scripsit
1390 4948 1472 4988 nouos
1500 4933 1653 5005 prophetas,
1671 4932 1821 5003 tumquia

109 5000 216 5057 bacun.
993 5006 1190 5083 conpocturam
1206 5016 1290 5057 suam
1306 5004 1509 5059 oontlrmatam
1525 5006 1633 5075 reperit
1646 5004 1820 5061 auctoritate

144 5074 182 5133 ilii
196 5072 269 5140 Quid
283 5075 361 5131 atiud
374 5076 440 5147 opit.
458 5074 493 5129 Et
507 5074 597 5131 isium
621 5092 738 5148 quoque
757 5076 853 5131 locum
870 5093 938 5149 aup-
995 5073 1104 5129 eodrcis
1117 5072 1269 5145 Anglicani
1284 5090 1342 5145 quo
1356 5075 1419 5147 ipse
1435 5076 1581 5143 utebatur,
1599 5080 1662 5129 tum
1679 5075 1756 5146 quod
1769 5092 1820 5131 aa·

108 5142 255 5271 Rievimus
278 5162 313 5201 ea
326 5146 384 5202 lide
411 5151 538 5218 quatuor
565 5151 695 5203 veterum
715 5148 936 5220 exemplarium.
991 5151 1039 5202 tea
1054 5144 1391 5202 l'irmilianusnovarum
1405 5146 1625 5230 prophetiarum
1640 5146 1816 5228 meminerit.

129 5230 214 5271 aasz.
992 5222 1094 5289 itaque
1109 5233 1144 5272 ex
1157 5216 1284 5272 editione
1299 5217 1418 5273 Pamelir
1441 5218 1561 5274 emersit
1573 5216 1715 5289 vulgaris.
1732 5218 1820 5275 Vide·

143 5286 231 5359 (eat
259 5288 413 5361 alicunque
439 5287 529 5344 Miror
560 5287 618 5345 ista
645 5289 789 5345 excidisse
817 5290 845 5345 in
875 5290 936 5345 edi·
991 5292 1040 5345 tur
1054 5292 1151 5345 autem
1168 5286 1356 5345 Firmilianus
1372 5290 1533 5360 respexisse
1548 5287 1724 5345 adheresim
1741 5288 1818 5346 Mer-

107 5356 188 5413 tione
198 5358 327 5429 Rigaltii,
342 5376 409 5416 cum
425 5363 540 5417 exstent
551 5359 581 5414 in
609 5360 779 5416 hiereliiann
793 5366 821 5417 et
835 5360 864 5416 iu
882 5362 935 5417 Pa·
991 5360 1176 5427 elonitarum,
1200 5376 1273 5431 quos
1288 5360 1467 5433 Epiphanius
1480 5362 1522 5419 ait
1538 5359 1707 5432 repudiasse
1722 5358 1817 5433 legem

113 5427 243 5485 meliana
257 5434 287 5486 et
311 5432 341 5487 iu
356 5432 493 5487 omnibus
508 5432 639 5501 antiquis
654 5432 814 5487 codicibus.
843 5432 936 5503 Magis
990 5447 1023 5487 ac
1039 5432 1204 5504 prophetas.
1220 5434 1317 5488 Mouet
1336 5439 1473 5505 praterea
1500 5430 1648 5488 Pamelius
1673 5431 1703 5487 tn
1719 5432 1818 5489 codice

108 5498 203 5556 miror
217 5502 328 5559 omissa
342 5520 406 5558 esse
421 5504 457 5558 ab
471 5502 581 5573 Aegiis,
598 5502 648 5583 qui
665 5506 799 5585 ignorare
816 5520 873 5558 uon
885 5520 935 5575 po·
990 5520 1042 5559 suo
1057 5502 1217 5574 Anglicano
1233 5502 1288 5575 legi
1302 5508 1330 5559 et
1345 5506 1481 5577 Spiritum
1493 5508 1693 5577 scnetrtmpost
1706 5505 1817 5561 Patrem

107 5575 206 5629 terant
221 5572 272 5628 illa
286 5572 387 5631 haberi
403 5574 432 5629 in
443 5574 559 5629 duabus
574 5572 751 5630 editionibus
765 5592 782 5630 a
796 5591 843 5631 me
853 5590 935 5631 com·
989 5581 1015 5631 et
1028 5574 1142 5629 Piliam.
1157 5573 1238 5636 Quod
1254 5590 1307 5659 ego
1322 5575 1351 5631 in
1368 5575 1448 5633 nullo
1462 5594 1563 5634 corum
1574 5580 1703 5633 veterum
1718 5592 1813 5633 exem·

107 5644 281 5702 memoratis
292 5650 321 5703 ot
336 5646 366 5702 in
382 5645 512 5719 quinque
531 5643 680 5702 codicibus
708 5646 771 5703 suis
792 5646 934 5719 antiquis.
989 5644 1116 5719 plurium
1131 5645 1343 5718 reperiqurbus
1356 5664 1430 5706 usus
1440 5648 1548 5706 eumin
1562 5646 1619 5707 bac
1631 5646 1758 5722 epistota
1769 5662 1815 5707 re-
