3892 6104
131 306 213 373 1161
640 310 743 375 PARS
763 312 790 374 1.
803 342 843 357 -
862 308 1113 374 dodobertus
1135 312 1341 375 Vll'l'lillllbl.
1762 316 1843 379 1170

129 436 268 497 heretico
283 440 403 513 prodest
410 439 481 513 (58),
493 441 629 514 quamvis
642 442 792 499 Christum
807 442 960 499 confessus
975 446 1001 511 Α
1017 442 1083 514 quie
1097 458 1132 499 ex
1147 443 1203 512 his,
1224 447 1382 515 antequam
1410 444 1438 499 in
1457 444 1586 502 licolasia
1613 446 1786 519 baptizetur,
1812 450 1842 505 in

132 532 163 585 et
177 532 259 585 extra
272 526 431 586 Ecclesiam
461 530 549 585 luerit
574 530 709 599 occisus,
729 530 786 587 nisi
810 530 963 586 heretico·
1019 532 1201 588 confessicae
1215 533 1344 588 nominis
1355 532 1557 605 apprehensus
1572 534 1699 592 lareritct
1713 536 1841 607 occisus,

132 634 198 673 rum
220 618 334 690 patroni
345 622 374 674 et
390 618 520 674 advocati
532 619 682 675 haereticos
706 622 736 675 in
762 620 963 677 talsaconies·
1018 637 1054 675 an
1068 638 1148 693 spem
1166 621 1270 677 salutis
1285 626 1314 676 et
1329 623 1481 693 premium
1510 624 1843 695 consessionisaruittat,

132 706 217 762 sione
227 704 336 762 Christi
353 706 519 763 interiectos
530 714 672 781 narrares
687 710 842 780 praedicant
856 712 884 764 ot
895 725 962 763 con·
1017 725 1050 764 eo
1061 710 1136 780 quod
1153 728 1186 765 er
1197 728 1274 782 aqua
1289 711 1370 782 prius
1386 712 1442 783 (60)
1458 729 1516 767 non
1541 712 1579 769 sit
1595 717 1724 771 renatus.
1743 716 1844 773 Sciant

132 798 181 850 tra
195 795 326 867 Apostoli
343 796 596 863 contestationem,
609 798 659 870 qui
671 797 743 853 nihil
756 814 815 866 eos,
827 796 963 869 quamvis
1018 798 1107 869 igitur
1120 799 1289 869 huiusmodi
1306 799 1441 856 hominos
1457 801 1662 875 suffragatores
1678 810 1706 859 et
1714 804 1842 862 lautores

130 888 253 939 exustos
267 888 295 939 et
311 883 432 955 occisos,
451 884 520 939 dicit
533 902 619 957 posse
634 885 805 959 proficere(l
822 884 881 941 Cor.
897 902 960 953 xtra,
1016 885 1217 941 hereticorum
1233 886 1457 941 catechumenos
1485 886 1551 943 illos
1574 888 1669 959 primo
1697 889 1841 963 integram

128 974 169 1039 3),
198 970 324 1045 glorium
354 974 398 1029 eis
436 991 573 1031 coronam
616 976 763 1049 passionis
798 977 959 1050 assignant.
1017 974 1103 1029 iidem
1120 974 1289 1030 rtEcelesiae
1304 975 1455 1030 veritatem
1470 976 1525 1049 (til)
1553 981 1651 1034 tenere
1674 985 1702 1034 et
1725 980 1761 1035 ad
1790 981 1841 1037 de-

128 1063 213 1128 Quod
229 1062 252 1118 si
270 1062 408 1119 haerctico
430 1079 482 1119 nce
498 1064 648 1137 baptisma
678 1065 802 1138 publicae
817 1066 962 1122 coulessio
1015 1062 1182 1119 bellandum
1194 1062 1344 1119 diabolum
1361 1062 1510 1119 dedivinis
1521 1066 1625 1121 castris
1636 1083 1703 1121 curn
1718 1068 1844 1140 pleuset

129 1150 179 1206 nis
194 1154 224 1205 et
239 1152 396 1225 sanguinis
410 1152 551 1224 proficere
579 1155 613 1209 sd
631 1152 757 1211 salutern
773 1156 828 1227 (59)
852 1160 960 1227 potest,
1015 1152 1130 1207 sincera
1155 1152 1205 1207 llei
1221 1151 1314 1207 Patris
1330 1156 1359 1207 et
1387 1152 1493 1207 Christi
1508 1157 1537 1207 et
1550 1153 1677 1225 Spiritus
1690 1158 1844 1214 sanctice-

130 1238 395 1312 quiasalusextra
415 1241 647 1298 Ecclesiamnon
670 1248 723 1313 est,
741 1243 961 1316 quantomagis
1016 1240 1145 1311 gnitione
1176 1241 1341 1312 procedere,
1366 1241 1471 1296 deinde
1496 1258 1547 1296 nec
1572 1242 1677 1313 ltrit'flri
1703 1244 1843 1317 baptismi
1938 1277 1941 1289 ·

131 1328 158 1384 ei
175 1326 247 1384 nihil
265 1329 404 1401 proderit,
417 1329 442 1384 si
463 1330 492 1385 in
514 1329 627 1386 latebra
640 1336 669 1388 et
683 1331 713 1387 in
729 1332 876 1389 latronum
892 1348 961 1405 sps·
1016 1333 1209 1397 sacramento,
1224 1332 1325 1401 utpote
1340 1328 1390 1400 qui
1403 1328 1587 1401 baptizentur
1601 1330 1795 1403 glorisissime
1812 1336 1843 1391 et

127 1416 457 1491 iuncaadulteraeaqaa
466 1420 637 1493 contagione
650 1422 833 1492 [instuanon
845 1426 960 1477 tantum
1016 1416 1143 1473 maximo
1159 1416 1313 1489 sanguinis
1329 1416 1488 1488 baptismo,
1518 1418 1554 1475 de
1573 1435 1631 1490 quo
1646 1424 1674 1476 et
1698 1420 1843 1479 Dominus

131 1510 255 1579 peecata
269 1508 394 1579 antiqua
408 1524 466 1563 non
482 1511 659 1581 exposuerit,
682 1512 731 1567 sed
752 1511 848 1567 adhuc
862 1510 961 1583 potius
1014 1506 1128 1562 dicebat
1143 1506 1250 1563 habere
1274 1524 1305 1563 se
1333 1506 1413 1562 aliud
1443 1506 1589 1579 baptisma
1608 1507 1748 1581 baptizari
1763 1510 1841 1583 [Lac.

128 1611 205 1650 nova
219 1600 247 1649 et
262 1596 373 1667 majora
385 1594 703 1663 cumulaverit‘itluare
712 1598 860 1671 baptisma
876 1599 960 1655 nobis
1015 1612 1065 1662 ιιιι,
1080 1596 1136 1668 50).
1154 1594 1301 1667 Sanguine
1317 1600 1414 1652 autem
1425 1612 1479 1652 suo
1492 1596 1693 1669 baptizatoset
1707 1600 1843 1671 passione

129 1686 159 1739 et
171 1682 316 1738 hereticis
331 1700 488 1739 commune
502 1701 567 1741 esse
583 1702 639 1741 non
652 1689 835 1757 palestram
852 1686 961 1758 quibus
1014 1685 1212 1741 sanctificatos
1225 1685 1425 1740 consummari
1440 1689 1468 1740 et
1493 1684 1598 1741 divinae
1622 1684 1842 1758 pollicitationis

131 1786 186 1827 uec
200 1771 286 1826 Pater
307 1770 396 1837 Deus,
417 1788 469 1827 nec
496 1772 586 1829 Filius
605 1774 749 1845 Christus,
766 1791 819 1831 nec
834 1774 960 1847 Spiritus
1014 1773 1138 1847 gratiam
1154 1772 1293 1845 consequi
1309 1772 1437 1830 declarat
1460 1774 1490 1829 in
1514 1773 1669 1847 Evangelio
1688 1774 1767 1831 idem
1784 1780 1841 1833 Do·

129 1866 263 1929 sanctus,
277 1876 330 1916 nec
354 1860 437 1928 fides,
470 1876 523 1917 nec
549 1862 680 1918 Ecclesia
707 1863 771 1935 ipsa
794 1864 961 1919 communis
1016 1861 1301 1934 minus,quandoad
1320 1861 1463 1918 latronem
1479 1862 1535 1935 (62)
1561 1862 1590 1917 in
1618 1862 1683 1935 ipsa
1704 1866 1842 1936 passione

130 1947 317 2005 estillideo
335 1948 478 2021 baptizari
503 1966 552 2005 eos
581 1956 694 2022 oportet
716 1953 766 2023 qui
795 1952 831 2007 de
856 1946 959 2007 heresi
1016 1951 1181 2006 credentem
1196 1956 1224 2005 at
1238 1950 1425 2007 confitentem
1451 1951 1551 2009 1125
1573 1950 1840 2026 loquituretquod

131 2038 290 2094 1121οιι
307 2036 464 2092 Ecclesiam
489 2039 610 2094 veniunt
627 2058 634 2109 ;
651 2044 682 2095 ut
704 2040 752 2112 qui
781 2040 908 2112 legitimo
932 2046 961 2097 ct
1013 2056 1112 2095 secum
1130 2039 1339 2096 iuturussitin
1364 2038 1502 2111 paradiso
1530 2039 1693 2113 pollicetur.
1714 2042 1842 2115 Quapro-

129 2130 298 2199 verantque
314 2125 399 2181 unico
415 2132 521 2181 sancte
536 2126 669 2184 Ecclesia
685 2128 830 2201 baptismo
850 2130 884 2185 ad
915 2146 959 2186 re·
1013 2132 1077 2201 pter
1092 2127 1141 2200 qui
1156 2128 1223 2184 fidei
1239 2132 1267 2184 et
1280 2126 1393 2183 veritati
1405 2144 1569 2200 praesumus
1589 2129 1657 2200 (65),
1672 2146 1723 2186 eos
1737 2131 1788 2203 qui
1802 2132 1840 2189 ad

127 2231 220 2290 gnum
232 2214 281 2271 llei
313 2214 533 2287 regeneratione
559 2216 658 2272 diviua
687 2225 896 2289 praeparantur,
913 2236 958 2274 aa·
1014 2216 1839 2291 iidemetueritatemveniunt,etegentespaenitentiam

127 2309 278 2361 eramento
293 2308 417 2375 utroque
432 2308 601 2370 nascantur,
617 2305 687 2377 quia
712 2306 857 2377 scriptum
886 2311 931 2363 est
950 2323 958 2362 ι
1014 2306 1123 2362 remitti
1139 2305 1195 2361 sibi
1212 2310 1330 2377 peccata
1346 2305 1518 2377 deposcunt,
1529 2304 1662 2377 decipere
1677 2323 1736 2363 uon
1751 2307 1838 2364 debe·

126 2392 193 2450 nist
206 2393 268 2463 pais
279 2400 394 2446 renatas
407 2394 493 2461 [inerit
504 2408 539 2447 ea
552 2409 623 2463 apua
639 2396 664 2448 ct
675 2393 791 2465 Spiritu,
806 2410 862 2451 non
873 2400 961 2466 petent
1015 2411 1081 2450 nnus
1093 2400 1120 2448 et
1136 2392 1244 2464 lallare,
1257 2394 1306 2449 sed
1322 2397 1468 2450 correctos
1483 2412 1500 2449 a
1514 2394 1599 2450 nobis
1610 2410 1644 2451 ac
1667 2396 1842 2455 reformatos

127 2484 238 2539 intrare
253 2482 283 2533 in
295 2496 412 2551 reparant
423 2481 472 2535 Dei
486 2482 575 2551 (ioan,
590 2498 621 2535 ιιι
636 2480 674 2551 3).
1015 2484 1049 2539 ad
1063 2499 1187 2555 regnum
1204 2482 1344 2538 emiorum
1359 2481 1524 2556 disciplinis
1537 2482 1842 2544 coelestibuaerudire.

163 2568 251 2625 Xlill.
266 2567 373 2633 Quoia
388 2566 452 2624 loco
477 2569 609 2641 quidem,
637 2570 721 2641 quasi
737 2586 877 2627 evacuare
892 2589 959 2643 pos·
1049 2570 1145 2626 Xlilll.
1164 2570 1220 2627 Sed
1235 2570 1307 2625 dicit
1323 2569 1431 2641 aliquis
1446 2588 1452 2625 :
1465 2570 1616 2644 Ouidergo
1630 2570 1726 2629 lietde
1740 2572 1845 2645 bisqul

129 2656 193 2716 sint
208 2655 339 2713 humane
350 2658 604 2729 argumentatione
614 2658 829 2731 predicationis
841 2674 961 2733 evange·
1016 2661 1044 2716 ιιι
1061 2658 1240 2731 praeteritum
1256 2659 1291 2714 de
1317 2656 1420 2713 heresi
1443 2660 1479 2714 ad
1505 2658 1667 2715 Ecclesiam
1693 2662 1844 2721 venientes

131 2746 196 2804 licea
211 2746 376 2815 veritatem,
393 2746 619 2804 catechumenos
643 2748 728 2804 nobis
755 2754 917 2821 opponunt,
935 2750 960 2806 ai
1015 2750 1078 2807 sine
1094 2748 1225 2820 baptimo
1247 2745 1369 2802 admissi
1384 2751 1453 2802 sunt
1469 2750 1600 2804 sectans
1626 2752 1671 2804 est
1698 2748 1843 2809 Dominus

813 2860 921 2939 Steph.
937 2858 1057 2921 Baluaii
1080 2858 1171 2917 troiae.

125 2954 166 3011 aa
198 2954 285 3015 isara·
300 2952 372 3007 item
392 2952 470 3023 apud
495 2952 631 3008 Rufinum
647 2952 677 3008 iu
688 2954 865 3025 impositione
877 2957 956 3026 Spin-
1012 2953 1052 3009 ris
1062 2952 1128 3009 libri
1144 2954 1179 3008 rte
1193 2952 1386 3008 cardinalibus
1403 2952 1507 3008 Christi
1520 2953 1664 3024 Operibus,
1691 2954 1840 3027 quivulgo

126 2960 196 3082 boicii
208 3030 247 3079 lle
262 3023 317 3079 hac
332 3023 455 3079 matoria
471 3023 568 3095 plures
583 3024 795 3081 disseruerunt.
1012 3026 1058 3080 edi
1075 3024 1149 3080 sala
1163 3040 1231 3079 curn
1252 3024 1390 3094 operibus
1409 3024 1553 3096 Cypriani.
1582 3024 1630 3080 nit
1656 3026 1733 3081 euim
1748 3026 1784 3082 de
1797 3026 1840 3083 la·

161 3096 218 3167 (58)
235 3096 513 3162 llaeretiroprodest.
529 3100 657 3151 Rursum
673 3096 751 3151 istud
776 3100 890 3151 mutare
907 3096 956 3152 ha·
972 3065 993 3131 C
1012 3095 1233 3166 troncloquens
1249 3112 1255 3148 :
1272 3100 1384 3149 raetiam
1398 3096 1517 3151 matacit
1546 3097 1575 3151 in
1602 3098 1794 3169 martyriam
1810 3103 1841 3155 et

127 3166 260 3232 huimua,
275 3172 576 3238 propterconsensum
600 3172 731 3222 cretarum
746 3167 957 3238 exemplarium
1014 3168 1089 3222 inira
1104 3184 1111 3221 ε
1128 3168 1224 3222 Factus
1237 3170 1277 3221 est
1289 3168 1427 3237 particeps
1454 3166 1545 3234 repni,
1565 3182 1615 3239 per
1641 3170 1841 3241 contessionem

129 3244 299 3295 nostrorum
314 3243 344 3293 et
367 3254 419 3292 seu
434 3236 673 3309 anglicanorum.
699 3240 734 3293 st
752 3239 828 3295 hanc
843 3256 959 3311 quaeque
1011 3242 1099 3309 laetat
1113 3238 1216 3303 collepa
1232 3238 1372 3307 ntnrtprii.
1389 3238 1565 3293 llumbertus
1592 3238 1763 3306 cardinalis,
1777 3240 1840 3311 epi·

129 3308 286 3367 lectionem
303 3309 407 3381 probat
419 3308 566 3363 Pemelius
582 3312 611 3363 in
627 3312 691 3365 siris
706 3311 957 3366 annotationibus.
1013 3326 1081 3381 seop
1092 3326 1126 3365 us
1141 3308 1231 3381 sylva
1246 3308 1452 3371 Candidae,lib.
1467 3326 1499 3374 ιι,
1515 3310 1644 3365 artuersas
1659 3310 1840 3377 simoniacos,

129 3380 419 3437 Confirmantautern
436 3380 514 3434 illam
544 3398 577 3435 ea
603 3398 666 3451 quaa
690 3397 757 3436 mox
785 3388 958 3452 sequnntur.
1014 3380 1345 3453 cap.l2‚aitlatranam
1364 3377 1446 3435 illum
1463 3380 1510 3449 qni
1538 3381 1655 3450 agnovit
1679 3380 1838 3451 Christum,

129 3451 283 3508 Vitionon
301 3450 445 3506 carethoe
466 3459 672 3522 argumentum
701 3454 960 3537 ‹puosapeutitur
1013 3470 1047 3508 ea
1062 3469 1149 3523 prena
1164 3450 1285 3506 latronis
1300 3450 1437 3506 meritum
1457 3467 1521 3506 esso
1535 3451 1718 3522 triumphum
1730 3457 1839 3525 marty·

129 3522 306 3595 Cyprianus.
319 3522 370 3577 llic
384 3522 462 3576 enirn
479 3526 605 3579 maximo
633 3524 727 3579 valent
755 3524 957 3579 adhibitaatl.
1014 3524 1058 3587 rii,
1075 3522 1531 3588 Caesariuslleisterbaobcensis,
1553 3522 1836 3596 lib.vur,cap.di:

129 3592 786 3667 Augustinoinlibrisdeltaptismorationum
799 3599 959 3661 rnamenta,
1011 3597 1181 3655 Carisa,·n0n
1198 3610 1288 3661 pana.
1303 3596 1370 3664 tacet
1388 3598 1539 3665 martyres.
1569 3594 1625 3649 llao
1650 3596 1725 3650 enim
1753 3595 1838 3651 latro-

127 3682 201 3725 cum
218 3666 410 3721 manifestum
430 3670 458 3721 et
487 3666 673 3747 perspicuum
699 3668 738 3723 sit
765 3666 838 3723 nihil
867 3684 885 3721 a
906 3672 957 3737 cy·
1012 3682 1058 3721 aar
1075 3664 1278 3735 Cirristoasfiai
1303 3668 1368 3719 sant
1395 3665 1498 3722 lineet
1525 3664 1612 3720 inde:
1637 3680 1711 3721 anm
1730 3672 1840 3739 martyr

122 3737 234 3811 priano
250 3736 286 3793 de
299 3734 444 3791 hereticis
460 3740 488 3791 et
499 3736 695 3793 schismaticis
713 3737 770 3792 dici
793 3737 869 3809 quod
901 3755 958 3793 non
1012 3739 1122 3807 allectas
1132 3744 1170 3793 eat
1183 3738 1294 3806 propter
1309 3738 1441 3791 virtatem
1453 3738 1642 3807 nutricationis,
1657 3738 1741 3797 nturi
1752 3752 1839 3808 prena

120 3806 304 3881 pariterdiai
318 3805 620 3879 possitdeiisquiin
636 3810 701 3881 ipsa
717 3806 955 3864 llcclesiaoccul-
1011 3809 1130 3877 ransart
1150 3810 1267 3863 initiam
1279 3814 1394 3864 aeternae
1424 3806 1622 3863 damnationis.
1651 3806 1722 3863 Vide
1747 3808 1838 3865 etiam

120 3886 190 3939 lam
207 3878 342 3935 heresim
358 3880 464 3933 lavent.
481 3878 542 3933 lllis
559 3880 637 3936 enim
653 3896 706 3935 nec
722 3881 959 3952 baptismussan·
1011 3877 1140 3951 glossam
1152 3877 1256 3951 capitis
1274 3880 1441 3948 lrnpartnno.
1458 3879 1526 3933 dist.
1543 3880 1570 3945 l,
1598 3878 1631 3933 dc
1658 3879 1837 3947 Paenitentia,

116 3950 761 4075 guinisprodcritaisierrnremdeponant.
1012 3956 1040 4005 et
1053 3949 1194 4005 Rutilium
1211 3949 1399 4019 Benzonium,
1415 3950 1465 4004 tib.
1482 3966 1513 4014 ιι,
1542 3964 1606 4021 cap.
1636 3950 1680 4013 43,
1709 3950 1742 4003 de
1764 3964 1839 4007 anno

157 4022 220 4091 (59)
259 4019 377 4093 rafiam
391 4021 433 4076 ad
444 4020 572 4077 striatam.
591 4021 671 4077 Unus
690 4022 956 4093 ltemigianus:1lrt
1010 4021 1131 4077 actitat.
1148 4026 1236 4075 Fuere
1253 4028 1348 4075 tamen
1364 4021 1413 4091 qui
1430 4025 1570 4093 negarent
1590 4020 1680 4075 istum
1696 4020 1836 4079 honorem

111 4096 245 4151 salutern
265 4092 389 4165 prodesse
412 4102 498 4162 potest
523 4095 588 4163 qaia
610 4094 687 4148 sami
708 4102 785 4149 extra
809 4094 956 4148 Ecclesiam
1011 4094 1035 4149 ei
1053 4092 1140 4146 tribui
1159 4108 1253 4163 posse,
1270 4092 1349 4217 Ἱιιιο,
1371 4096 1403 4146 ιιι
1430 4092 1471 4146 ait
1499 4091 1582 4161 litigo
1597 4091 1835 4161 archiepiscopus

110 4181 181 4223 esse
197 4167 357 4235 nonpotcat.
374 4166 414 4218 lta
428 4164 516 4218 etism
533 4166 622 4219 ferme
639 4163 830 4220 ltivionensis.
1013 4162 1264 4236 llothomagensis‚
1289 4163 1327 4217 ih.
1344 4180 1370 4226 ιι,
1394 4178 1457 4229 rap.
1472 4164 1490 4217 9
1505 4164 1685 4230 dialogorum
1700 4178 1834 4229 saiorum,

156 4236 221 4307 (60)
236 4236 278 4290 Ea
296 4251 368 4305 apua
383 4234 471 4303 parias.
488 4236 583 4291 Codex
595 4236 754 4307 llligiauus,
783 4252 813 4291 ro
834 4234 907 4306 pnoti
921 4252 959 4290 ec
1012 4252 1106 4306 neque
1120 4236 1268 4321 baptismo
1284 4239 1472 4303 regeneratus
1487 4232 1832 4296 erat,neccausaChristi

109 4324 200 4383 aqua
210 4310 239 4363 et
249 4306 358 4377 Spiritu
371 4308 452 4376 prins
466 4322 519 4361 nrrn
535 4310 572 4363 sit
585 4312 707 4363 renatas.
1011 4306 1040 4361 in
1056 4323 1142 4361 eruce
1158 4310 1252 4362 luerat
1266 4304 1381 4360 allinus.
1394 4304 1475 4360 Unde
1490 4304 1668 4375 sequebatur
1681 4303 1763 4361 illum
1774 4321 1833 4362 nou

154 4380 221 4451 (el)
236 4378 360 4433 Ecclesiae
374 4380 528 4431 raritatem.
546 4378 593 4433 Sic
621 4379 713 4433 edidit
738 4382 886 4433 Erasmus.
916 4378 955 4432 lta
1011 4395 1076 4434 csse
1104 4384 1272 4449 martyrem.
1300 4378 1333 4431 lit
1356 4380 1453 4431 tamen
1482 4376 1639 4447 llupertus,
1663 4374 1715 4430 lib.
1745 4391 1788 4431 ιιι.
1803 4377 1834 4433 in

112 4454 219 4509 etiam
239 4448 297 4503 vidi
313 4448 456 4519 scriptum
473 4449 500 4503 ιιι
516 4448 655 4505 tredecim
671 4448 885 4520 exemplaribus
902 4464 952 4503 ιιο-
969 4435 993 4501 D
1008 4451 1187 4517 Eutrapeliarn
1200 4449 1323 4511 ioannis,
1339 4446 1454 4502 videtur
1476 4446 1661 4502 existimasse
1681 4446 1765 4502 illurn
1782 4447 1834 4503 bs-

110 4522 197 4579 stris
208 4524 238 4577 st
252 4520 281 4575 in
296 4536 347 4576 sex
360 4519 537 4589 Anglicanis.
557 4521 634 4576 lnire
649 4522 678 4576 in
693 4522 748 4575 hae
764 4520 828 4591 ipsa
841 4519 951 4591 episto·
1028 4522 1147 4575 tizatum
1168 4518 1380 4589 luisseiaeqan
1395 4534 1459 4588 que
1475 4517 1557 4574 lluxit
1568 4517 1703 4573 delatere
1713 4516 1831 4575 Christi.

107 4588 156 4665 la,
175 4592 238 4647 nisi
249 4592 329 4663 prim
344 4601 477 4647 renerent
498 4592 534 4647 ant
544 4592 676 4649 Ecclesia
698 4594 855 4647 cantarem.
874 4588 953 4645 llanc
1007 4538 1042 4647 h.
1064 4592 1093 4645 P.
1114 4590 1285 4645 Edmundus
1301 4589 1430 4643 Martens
1457 4588 1488 4643 in
1510 4590 1706 4661 descriptione
1719 4590 1834 4647 itineris

108 4659 281 4725 lectionem
296 4662 471 4717 confirmant
492 4662 549 4717 alia
573 4680 690 4735 quoque
715 4661 850 4733 Cpriani
878 4659 948 4715 loca.
1005 4665 1050 4717 ani
1062 4678 1113 4733 per
1125 4660 1238 4724 Gallias,
1251 4676 1317 4731 pag.
1332 4660 1515 4725 2l,test.atur
1529 4660 1654 4729 singulis
1681 4660 1767 4717 annis
1785 4678 1832 4719 ce-

152 4736 216 4805 (621
244 4734 363 4803 Quando
390 4733 425 4787 ad
449 4735 596 4790 latronem.
628 4736 703 4791 Citat
736 4681 818 4788 huuc
856 4731 952 4787 locum
1005 4733 1112 4789 lebrari
1128 4732 1249 4787 missam
1265 4732 1300 4785 de
1315 4736 1415 4786 sancto
1431 4730 1552 4787 Latrone
1567 4732 1595 4787 in
1612 4731 1735 4788 ccclesia
1751 4732 1829 4789 uitu-

109 4812 248 4865 sanctus
264 4804 444 4873 Augustinus
460 4805 509 4859 lib.
526 4823 562 4872 rc,
578 4822 641 4875 cap.
657 4808 702 4869 22,
732 4806 767 4859 dc
792 4804 875 4859 ararica
897 4804 951 4859 lla-
1006 4804 1111 4860 ricensi
1127 4804 1214 4857 indie
1229 4800 1459 4857 Sabbatisancti.
1481 4802 1630 4875 lteliquias
1644 4802 1833 4860 sanctilatro·

108 4882 235 4947 panna,
251 4876 381 4933 accersas
396 4876 562 4931 anteatinus.
581 4877 662 4932 llunc
678 4876 819 4931 latronem
832 4874 951 4945 quidam
1007 4876 1051 4931 nis
1067 4875 1213 4931 exstitisse
1222 4873 1292 4928 olim
1308 4878 1337 4927 ct
1355 4871 1490 4929 fortassis
1506 4874 1601 4929 adhue
1616 4880 1730 4930 exstare
1745 4876 1775 4929 in
1787 4892 1832 4931 ec·

109 4952 230 5009 vocant
242 4952 410 5019 martyrem,
426 4947 496 5017 quia
510 4947 660 5003 Christum
671 4949 823 5003 eonl'cssus
834 4952 889 5010 est,
901 4945 951 5016 qui
1006 4947 1093 5003 alesia
1107 4946 1330 5001 Carcassononsi
1347 4945 1431 5000 docet
1454 4952 1536 5001 vetus
1555 4945 1750 5001 inventarium
1765 4944 1831 5001 rali-

109 5022 142 5079 οἱ
166 5018 308 5077 morienti
333 5016 480 5091 pollicitus
510 5024 555 5073 cst
578 5019 757 5090 paradisum.
786 5018 852 5073 Fuit
881 5032 952 5071 saue
1005 5019 1140 5089 aularum
1157 5034 1220 5087 quin
1236 5016 1310 5071 inea
1324 5016 1526 5083 servabantur,
1540 5016 1827 5073 editumsGetsrdo

113 5094 250 5171 martyr,
261 5090 290 5144 id
306 5096 350 5144 eet
364 5089 448 5143 testis
464 5090 609 5159 passionis
623 5089 741 5145 Christi.
757 5090 952 5159 Hieronymus
1006 5091 1041 5145 de
1057 5090 1107 5143 l'ie
1123 5088 1152 5144 ιιι
1168 5088 1309 5143 Chronico
1324 5088 1526 5153 episcoporum
1539 5086 1826 5143 Carcassonensium.

110 5160 145 5221 ιιι
164 5159 295 5234 epistola
308 5160 344 5215 ad
358 5162 511 5216 Paetinam
526 5162 562 5217 de
585 5161 771 5218 institutione
795 5159 949 5215 monachi:
1008 5163 1135 5217 Petraea
1150 5159 1242 5221 Valle,
1259 5158 1398 5221 patricius
1414 5159 1572 5219 ltornauus.
1588 5158 1618 5212 in
1638 5156 1762 5229 epistola
1774 5174 1828 5213 ιιιιι

110 5232 137 5290 Ε
153 5233 304 5289 contrario
314 5232 390 5287 latro
404 5248 509 5287 marem
524 5236 614 5288 acutat
631 5234 765 5303 paradiso
779 5236 805 5286 el
819 5232 889 5303 sinit
903 5232 951 5284 Ιιο-
1026 5229 1500 5295 eregrinalionurnsuarumtrsdit
1510 5234 1659 5283 ostensum
1668 5228 1722 5284 sibi
1738 5227 1830 5285 luisse

110 5304 234 5363 micitiis'
246 5319 354 5375 aenam
364 5304 545 5375 martyriam.
562 5304 663 5359 Auitus
691 5308 846 5375 episcopas
861 5301 885 5353 V
888 5301 952 5356 ien-
1006 5250 1084 5359 haud
1102 5300 1201 5373 procul
1218 5302 1310 5357 Rama
1324 5301 1421 5355 ιιιοιιιιι
1445 5300 1602 5371 quemdam
1629 5316 1663 5355 ex
1677 5315 1735 5371 quo
1749 5304 1831 5355 ortus

111 5374 240 5439 nensis,
270 5374 355 5445 epist.
385 5391 441 5429 ur:
470 5376 572 5429 llararn
595 5378 682 5443 igitar
706 5390 776 5428 aazias
814 5375 952 5427 latronam
1007 5374 1268 5431 aratbonnslatro
1288 5371 1646 5443 quicrucifixusestcum
1660 5370 1785 5427 Christo.

109 5445 322 5517 tonatsceterts
336 5448 425 5501 vitam
440 5446 528 5501 breuis
558 5446 711 5515 canapeantii
726 5448 780 5513 lirae
793 5452 952 5511 percantans
1042 5444 1224 5515 (stlattaria
1240 5444 1362 5499 raritatis
1386 5459 1545 5511 praecinat.
1575 5442 1655 5498 lianc
1677 5440 1832 5497 lectionem

107 5532 152 5577 οι
168 5518 347 5588 interfectore
361 5516 491 5580 medicat-t,
514 5526 621 5587 terantur·
648 5534 683 5570 cx
709 5517 782 5586 sara.
798 5516 833 5569 lit
861 5514 951 5583 Epist.
1009 5516 1322 5587 praenuntiationes
1339 5514 1458 5568 llanutii
1474 5518 1503 5569 et
1517 5513 1625 5569 llorelli
1640 5517 1669 5567 st
1684 5530 1784 5569 novern
1800 5512 1834 5567 li·

111 5602 164 5645 rv:
184 5589 270 5645 Latro
284 5589 333 5645 itte
348 5603 398 5657 pro
413 5588 556 5644 subsecuta
584 5587 748 5657 carattcssiane
775 5586 949 5655 atirlitarpa·
1008 5589 1051 5643 bri
1068 5593 1189 5643 veteres.
1207 5588 1344 5641 Erasmus
1360 5584 1450 5639 otalii
1467 5586 1597 5655 quinque
1618 5585 1684 5639 libri
1700 5591 1832 5642 veteres:

110 5660 228 5725 radico,
243 5660 441 5731 perinjurium
455 5660 588 5715 deductas
608 5665 648 5715 cst
674 5674 761 5714 aarum
783 5662 815 5713 at
832 5658 866 5713 tte
874 5657 955 5727 jacta
1007 5662 1057 5731 ani
1071 5658 1123 5729 {iric
1137 5662 1163 5715 et
1176 5660 1289 5715 acritate
1301 5658 1504 5727 praesumimus.
1517 5658 1599 5714 Unus
1615 5673 1698 5714 meus
1714 5674 1721 5713 ι
1738 5658 1787 5731 ani
1798 5654 1833 5711 da

112 5734 236 5807 *cpont
250 5739 336 5789 morte
345 5732 524 5803 martyriam.
539 5730 648 5787 Eadem
672 5728 726 5785 luit
740 5728 838 5800 opinio
853 5731 953 5785 aucto·
1008 5730 1073 5800 artai
1087 5731 1200 5786 veritae
1213 5729 1419 5802 prenominata.
