3892 6104
89 291 133 355 89
504 290 583 353 PllO
604 288 658 352 SS.
683 289 902 367 pausatus,
926 289 1161 354 summanum
1183 292 1233 354 ΕΤ
1256 291 1392 355 socus.
1763 293 1804 355 90

85 423 117 482 Si
134 439 254 497 queres
270 422 417 497 quomodo
432 422 462 478 id
476 437 540 479 essa
555 421 767 495 potuerit,ratio
778 422 806 478 in
818 439 916 495 prom·
930 423 958 492 Α
973 423 1009 480 ob
1019 424 1240 480 consensionem
1256 425 1285 481 in
1297 425 1430 481 eamdem
1442 426 1540 496 tidem,
1553 425 1715 498 eademque
1725 425 1793 483 fldel

85 518 145 588 ptu
162 516 310 585 est,quam
326 511 414 586 paulo
430 510 551 568 interius
567 511 644 568 idem
664 511 826 585 subjungit,
839 512 914 584 quod
971 517 1165 571 sacramenta.
1181 514 1216 569 de
1231 530 1289 585 qua
1304 514 1441 587 deinceps
1465 514 1641 572 videbimus.
1672 515 1793 572 luterim

84 606 154 660 tota
169 603 417 660 llontanistarum
434 600 621 658 aCatholicis
634 601 807 668 differentia,
824 601 917 674 ipsius
972 603 1048 658 idem
1066 601 1185 657 conficio
1201 606 1409 674 argumentum
1429 619 1464 659 ex
1484 602 1531 659 his
1557 621 1621 676 que
1643 605 1735 661 docet
1762 604 1792 661 iu

79 690 451 765 judicio,uonlidai,sed
468 689 628 762 disciplima
657 707 703 746 res
732 694 833 759 csset;
863 691 917 747 hac
972 691 1116 764 principio
1131 690 1198 748 libri
1214 697 1315 748 contra
1329 696 1480 761 praxeam,
1491 692 1540 748 ubi
1552 693 1794 765 quamvisaperte

82 782 172 839 enim
183 781 297 837 ratione
312 779 496 836 Paracletum
513 794 600 836 suum
612 779 649 835 sd
664 778 808 835 hereseos
822 781 917 850 suspi·
970 780 1105 848 fateatur,
1122 798 1163 850 sa,
1180 782 1215 836 ob
1234 779 1371 837 Paracleti
1388 780 1566 854 agnitionem
1582 786 1669 853 atque
1694 783 1793 839 deleu-

82 867 176 928 ciou'e
191 869 317 927 liberare
328 873 459 925 conatur.
477 889 491 919 a
511 867 702 925 Adversarius
722 866 801 924 enim
829 867 915 939 spiri·
971 869 1083 925 sionem
1099 887 1115 925 a
1130 869 1276 942 Psychicis
1292 885 1356 926 esse
1372 869 1697 941 disjunctumattamen
1712 888 1792 928 eam-

79 964 137 1016 tus
156 976 192 1016 ax
206 958 374 1016 diversitate
396 957 612 1030 predicationis
632 959 794 1030 appareret,
822 956 916 1029 primo
971 960 1036 1014 dem
1055 959 1234 1030 dijudicandi
1249 959 1375 1015 hareses
1389 959 1521 1032 regulam
1540 960 1640 1023 tradit,
1672 977 1706 1016 ax
1734 977 1792 1033 qua

78 1047 225 1120 ngulam
239 1045 410 1102 adulterans
424 1045 490 1101 fidei
505 1045 584 1101 etita
597 1044 729 1101 ordinem
747 1043 917 1101 adulterans
971 1047 1056 1120 plane
1071 1063 1253 1119 consequeus
1268 1053 1323 1113 est,
1348 1048 1423 1103 hanc
1449 1048 1641 1105 Montanistas
1668 1048 1744 1104 inter
1765 1053 1794 1105 et

77 1134 252 1208 disciplina
268 1151 277 1191 ι
292 1133 364 1206 quia
377 1134 462 1206 cujus
476 1133 588 1206 gradus
601 1132 681 1206 prior
693 1136 748 1199 est,
764 1134 828 1205 ejus
852 1150 916 1190 cor·
970 1136 1125 1207 Pyschicos
1140 1136 1365 1205 dissensionem,
1383 1154 1440 1193 non
1452 1137 1489 1192 iis
1504 1136 1534 1192 in
1551 1138 1638 1193 rebus
1668 1137 1792 1210 positam

77 1223 209 1298 ruptala
224 1222 377 1288 antecedit,
394 1222 424 1278 id
439 1226 484 1278 est
499 1221 566 1278 fidei
583 1238 649 1294 que
667 1221 747 1294 prior
770 1227 814 1278 eat
828 1222 915 1279 disci·
970 1225 1072 1293 luisse,
1087 1241 1151 1296 que
1168 1225 1254 1281 fidem
1270 1224 1364 1297 ipsius
1371 1226 1482 1297 judicio
1508 1225 1657 1296 lederent,
1687 1230 1737 1281 aut
1759 1243 1794 1282 ex

77 1312 182 1386 plina.
197 1310 713 1384 Antequisdelleohareticussit,
740 1315 916 1367 necesseest
971 1313 1079 1385 quibus
1094 1314 1352 1386 possenthereses
1370 1312 1633 1388 pullulare:«Nos
1657 1331 1735 1379 vero,
1765 1318 1794 1369 et

76 1408 113 1458 st
128 1405 207 1458 tunc
221 1401 258 1457 da
267 1398 413 1457 instituto.
430 1399 597 1456 Paracletus
616 1404 713 1455 autem
739 1398 833 1456 multa
860 1399 915 1456 ha·
969 1419 1086 1473 semper
1099 1407 1128 1459 et
1142 1419 1221 1460 nunc
1235 1404 1340 1476 magis,
1356 1408 1388 1458 ut
1403 1402 1604 1459 instructiores
1627 1419 1678 1475 per
1706 1404 1792 1459 Para·

75 1491 165 1548 bena
178 1491 308 1558 sdocere,
323 1505 389 1562 que
402 1487 434 1545 in
450 1487 535 1544 illum
549 1487 664 1544 distulit
688 1488 840 1556 Dominus,
869 1504 915 1546 aa·
968 1490 1076 1547 oletum
1092 1492 1279 1549 deductorem
1297 1493 1409 1549 scilicet
1423 1492 1792 1559 omnisveritatis,unicum

76 1575 573 1651 sunuampraunitionsmtpsum
584 1575 916 1648 primoChristumaou-
970 1580 1089 1652 quidam
1107 1581 1195 1636 Deum
1212 1582 1370 1647 credimus,
1386 1582 1441 1638 sub
1457 1581 1512 1638 hac
1528 1585 1627 1638 manen
1642 1581 1793 1654 dispensa·

76 1666 258 1735 testabitur,
272 1665 390 1739 qualem
405 1665 553 1722 credimus
566 1669 627 1722 toto
643 1681 710 1721 cum
734 1665 835 1722 ordine
863 1664 914 1722 Dei
967 1668 1057 1737 tione,
1074 1685 1164 1741 quam
1179 1667 1336 1742 οἰκονομίαν
1351 1669 1487 1741 dicimus,
1504 1673 1537 1725 ut
1559 1669 1638 1726 unici
1666 1671 1716 1726 Dei
1741 1672 1791 1744 cit,

74 1755 239 1824 autoris,
249 1760 278 1812 et
290 1755 390 1828 ipsum
403 1753 587 1829 glorificabit,
603 1760 632 1810 et
646 1755 681 1810 de
695 1754 759 1827 ipso
787 1771 914 1813 comme·
968 1763 998 1816 at
1014 1758 1210 1814 Filiussermo
1224 1759 1328 1831 ipsius,
1345 1760 1396 1830 qui
1411 1776 1446 1815 ex
1461 1759 1523 1831 ipso
1540 1758 1724 1831 processerit,
1739 1776 1792 1832 par

75 1845 235 1902 monuit:
248 1848 277 1900 at
290 1842 333 1900 sic
347 1844 385 1901 de
399 1842 552 1916 principali
576 1842 678 1916 regula
705 1843 833 1916 agnitus,
863 1844 913 1902 illa
967 1864 1055 1921 quem
1067 1848 1165 1903 omnia
1179 1848 1255 1904 lacta
1270 1853 1339 1903 sunt
1354 1852 1382 1903 et
1395 1847 1524 1919 sineque
1535 1848 1644 1903 lactum
1655 1848 1791 1906 estnihil·

74 1932 195 2001 mults,
211 1936 360 2006 quaeunt
383 1930 616 2005 disciplinarum,
646 1932 795 2000 revelabit,
824 1935 912 1992 fidem
968 1935 1532 2009 HuncmissumaPatreinVirginem,
1548 1940 1789 1994 atexeanatum

73 2022 204 2080 dicente
218 2038 270 2094 pro
281 2022 325 2080 eis
332 2021 498 2094 integritate
508 2021 733 2094 predicationis,
743 2022 811 2078 licet
820 2023 912 2095 novis,
967 2025 1117 2082 hominem
1132 2030 1160 2081 et
1175 2030 1265 2081 Deum
1284 2023 1376 2100 filium
1392 2024 1519 2081 hominis
1535 2030 1564 2081 et
1579 2025 1686 2081 Filium
1696 2025 1791 2092 Del,et

73 2113 157 2186 quis
170 2126 252 2169 nnnc
265 2110 442 2169 ramlsutur.
457 2132 472 2161 a
488 2111 598 2172 Eadem
611 2111 722 2167 ratione
737 2111 864 2168 etinlib.
877 2113 913 2171 ds
968 2115 1325 2188 cognominatumlesum
1354 2113 1514 2169 Christum.
1543 2118 1628 2171 Hune
1656 2131 1789 2185 passum,

71 2200 216 2275 Jejuniis
229 2200 288 2275 (60)
299 2198 445 2273 objectam
460 2199 644 2257 acatholicis
659 2204 793 2257 Montano
822 2200 912 2258 hare·
968 2204 1046 2260 hunc
1062 2208 1253 2274 mortuum,et
1263 2200 1411 2275 sepultum
1427 2203 1590 2258 secundum
1615 2203 1789 2277 Scripturas,

72 2307 152 2348 scas
165 2291 271 2373 nutam
282 2287 559 2362 depellereccnatus
569 2293 624 2356 est,
635 2289 828 2361 eamdemque
839 2290 914 2362 diju-
967 2296 996 2350 et
1010 2292 1216 2349 resuscitatum
1231 2309 1248 2347 a
1263 2291 1356 2358 Patre,
1373 2297 1402 2348 at
1419 2290 1450 2346 iu
1477 2289 1565 2348 celos
1593 2296 1789 2365 resumptum,

72 2376 344 2437 dimndiheresas
358 2376 490 2450 regulam
509 2377 639 2435 tradidit.
669 2377 742 2434 Cum
767 2379 846 2435 enim
870 2379 912 2436 in·
967 2383 1067 2439 sedere
1079 2382 1115 2438 ad
1129 2382 1277 2437 dexteram
1287 2379 1393 2450 Patris,
1403 2380 1702 2452 venturumjudicare
1711 2380 1791 2437 vivos

72 2473 239 2540 vectaepcr
257 2466 429 2525 Montanum
458 2465 619 2540 disciplina
648 2471 677 2523 et
690 2467 868 2524 institutioni
896 2486 913 2525 a
967 2474 996 2528 et
1010 2474 1152 2527 mortuos.
1168 2469 1223 2534 Oui
1237 2468 1341 2525 exindo
1356 2468 1470 2524 miserit
1484 2470 1648 2526 secundum
1667 2469 1791 2541 promia·

72 2557 245 2617 Catholicis
258 2560 464 2630 opponeretur,
476 2557 554 2628 quod
570 2578 585 2607 «
597 2558 648 2612 aut
662 2557 913 2630 pseudo-prophe
966 2558 1079 2616 sionem
1091 2575 1176 2615 suam
1188 2576 1204 2614 a
1216 2559 1298 2615 Patre
1322 2557 1465 2631 Spiritum
1493 2562 1630 2614 sanctum
1658 2557 1789 2614 Paracle-

74 2649 125 2706 ῆι
140 2650 234 2716 esset,
248 2646 275 2704 si
289 2645 433 2720 spiritalis
446 2663 500 2702 vox
512 2645 655 2702 solemnia
669 2644 721 2702 illa
749 2646 911 2718 coustituit,
966 2651 1041 2713 tum,
1058 2647 1302 2704 sanctificatorem
1318 2647 1385 2703 lidei
1401 2663 1513 2715 eorum,
1536 2645 1587 2719 qui
1611 2647 1734 2703 credunt
1757 2646 1789 2702 iu

75 2741 137 2795 sut
150 2736 284 2807 heresis,
300 2738 327 2794 ai
341 2736 472 2792 humana
482 2735 670 2808 presumptio
680 2733 838 2801 adinvenit,
856 2736 913 2794 »ita
967 2735 1081 2792 Patrem
1097 2740 1126 2792 et
1140 2735 1246 2792 Filium
1260 2741 1289 2792 et
1302 2736 1445 2808 Spiritum
1456 2740 1601 2791 sanctum.
1617 2739 1698 2792 Hanc
1709 2751 1791 2806 regu·

77 2827 262 2899 respondit:
284 2848 299 2876 a
317 2825 482 2882 Indubitate
497 2830 525 2880 et
537 2825 694 2880 heresiset
716 2825 910 2898 speudopro-
966 2824 1075 2881 lamab
1096 2825 1180 2880 initio
1200 2824 1346 2897 Evangelii
1377 2824 1579 2879 decucurrisse
1603 2823 1692 2880 etiam
1722 2830 1789 2881 ante

76 2912 910 2990 phetiadivinitatisdivsraitateJudicahunturapudnos,
965 2912 1523 2986 prioresquosquehereticos,nedum
1552 2917 1620 2967 ante
1649 2912 1787 2967 Praxeam

79 3004 164 3061 unici
179 3003 232 3059 Dei
249 3002 389 3061 creatoris
403 3006 431 3058 et
445 3001 550 3058 Christi
563 3001 627 3073 ejus
651 3002 836 3058 antistites.»
865 3002 910 3058 Si·
965 3003 1146 3068 hesternum,
1163 3001 1299 3074 probabit
1312 3005 1372 3057 tarn
1388 3000 1445 3056 ista
1470 3000 1626 3072 posteritas
1654 3001 1787 3056 omnium

78 3093 167 3150 milia
181 3092 272 3148 habet
286 3092 363 3147 libro
385 3092 421 3147 de
447 3090 617 3163 Virginibus
645 3091 776 3147 velandis
804 3090 912 3163 pariter
965 3088 1631 3162 hereticorum,quamipsanovellitasPraxeae
1648 3088 1787 3146 hesterni.

80 3182 140 3239 suh
152 3180 340 3249 initium,ubi
350 3178 528 3236 luculentius
543 3179 660 3251 exponit
669 3179 829 3252 premissis
840 3179 911 3236 locis
926 3161 948 3228 G
967 3181 1028 3245 Quo
1045 3196 1178 3252 peraque
1190 3180 1331 3236 adversus
1344 3179 1495 3235 universas
1505 3179 1630 3236 hereses
1643 3179 1704 3249 jnm
1721 3178 1788 3235 hinc

83 3275 282 3329 memoratam
298 3270 431 3344 regulam
446 3269 617 3342 fidei,quam
632 3269 683 3340 qui
698 3268 914 3339 adulterat‚he·
967 3270 1190 3343 prejudicatum
1207 3269 1256 3336 sit,
1272 3268 1300 3324 id
1312 3285 1377 3325 esse
1391 3285 1491 3324 verum
1511 3269 1707 3341 quodcunque
1729 3268 1788 3340 pri·

84 3362 281 3418 reticescat:
298 3359 350 3431 qui
365 3358 607 3431 servat,quamvis
617 3358 748 3414 ordinem
770 3358 914 3415 adulteret
968 3376 1049 3415 mum
1067 3377 1074 3415 :
1089 3358 1118 3413 id
1136 3375 1199 3414 ease
1215 3357 1586 3429 adulterumqucdcunque
1601 3357 1756 3428 posterius.
1773 3377 1788 3407 ο

87 3455 140 3509 snt
164 3449 287 3506 innovet
310 3445 482 3521 discipline,
503 3447 656 3503 hereticus
685 3447 778 3520 ipsius
800 3447 913 3520 judicio
969 3449 1098 3504 Proiecto
1114 3463 1171 3503 non
1187 3447 1341 3519 ignorabat
1351 3445 1557 3513 Tertullianus,
1574 3444 1633 3500 imo
1649 3445 1676 3500 id
1690 3448 1789 3517 aperte

86 3538 269 3596 censerinon
284 3536 372 3593 dehet
388 3553 395 3592 :
410 3537 485 3608 lasse
512 3540 610 3592 autem
636 3536 820 3608 hujusmodi,
849 3553 913 3608 que
968 3537 1123 3600 fatebatur,
1139 3551 1243 3591 novam
1259 3551 1323 3591 esse
1338 3533 1668 3606 Montaniprophetiam,
1685 3550 1788 3590 novam

87 3624 462 3698 Montanushpostolorum
471 3623 762 3696 predicationiatque
770 3624 914 3681 institutis
968 3627 1063 3699 ipsius
1078 3623 1326 3697 predicationem,
1337 3624 1403 3695 ejus
1417 3624 1553 3680 instituta
1562 3623 1598 3678 ab
1610 3622 1693 3678 initio
1705 3623 1794 3678 llvan-

86 3715 214 3787 adjectu
229 3714 365 3771 ordinata
379 3728 415 3770 aa
429 3712 539 3769 scilicet
552 3729 617 3770 esse
631 3714 667 3769 ad
696 3713 913 3786 perficiendum,
969 3714 1037 3789 gelii
1054 3713 1175 3769 minime
1190 3712 1404 3778 decucurrisse,
1415 3713 1466 3767 sed
1491 3712 1521 3767 in
1544 3711 1704 3784 posteriora
1732 3711 1794 3768 hec

88 3808 227 3861 ramenta
241 3807 340 3859 tamen
355 3803 457 3859 eadem
472 3801 540 3858 ildei
567 3801 679 3875 regula,
705 3801 888 3875 disciplinam
906 3819 913 3860 :
969 3807 1112 3874 tempora,
1127 3801 1167 3857 uti
1180 3800 1365 3858 Montanistae
1380 3799 1561 3871 effutiebant,
1577 3800 1668 3855 luisse
1682 3816 1700 3855 a
1714 3799 1796 3857 Chri-

87 3909 145 3949 non
160 3908 227 3949 esse
239 3895 391 3963 propterea
407 3890 545 3947 Montano
573 3890 609 3946 de
624 3895 768 3946 vetustate
783 3891 914 3963 prescri-
970 3897 1016 3949 sto
1032 3891 1132 3947 dilata.
1150 3890 1233 3946 Unde
1248 3907 1305 3946 non
1320 3889 1501 3946 alienatione
1516 3887 1612 3961 potuit
1626 3904 1644 3943 a
1657 3888 1794 3945 Montano

89 3981 218 4038 mudum
236 3997 245 4049 ς
261 3983 313 4036 aut
327 3978 522 4036 Montanistas
537 3979 573 4035 ob
590 3996 664 4035 nova
690 3977 750 4034 hec
778 3978 917 4035 instituta
970 3996 1024 4036 suc
1038 3979 1182 4036 hereseos
1197 3979 1257 4035 sive
1272 3978 1410 4035 adulterii
1430 3978 1555 4034 heretici
1572 3975 1688 4048 culpam
1718 3977 1793 4033 inta-

88 4069 166 4126 inter
179 4067 333 4126 hereticos
348 4069 566 4134 numeraudcs;
584 4074 643 4134 aut,
674 4067 810 4140 deinceps
837 4068 916 4125 vide·
971 4069 1120 4141 miamquc
1134 4084 1276 4136 amovere,
1293 4085 1382 4142 quam
1399 4067 1531 4135 dicendo,
1547 4066 1682 4121 inductas
1699 4064 1736 4120 ab
1760 4082 1793 4122 eo

90 4159 202 4227 bimus,
217 4160 254 4216 ad
269 4157 496 4230 apostolicarum
509 4156 699 4214 ecclesiarum
710 4158 916 4215 commuuione
970 4159 1107 4215 hesterna
1120 4157 1167 4213 die
1180 4157 1365 4221 traditiones,
1380 4173 1439 4211 non
1454 4155 1521 4211 fidei
1537 4153 1668 4226 regulam
1684 4153 1795 4209 adulta-

88 4248 202 4305 alicnos
215 4263 283 4306 essa
295 4247 457 4304 censendos
472 4263 479 4302 ε
494 4268 508 4298 a
523 4244 634 4318 Regula
648 4246 766 4317 quidem
783 4246 849 4303 fidel
860 4263 917 4303 unu
971 4265 1046 4315 rare,
1060 4248 1110 4304 scd
1126 4247 1263 4320 perficere
1278 4245 1465 4319 disciplinam
1478 4265 1484 4313 ;
1499 4246 1629 4316 adeoque
1644 4244 1680 4299 ad
1703 4244 1794 4301 disei-

89 4336 221 4394 cmnimo
237 4340 293 4409 est,
309 4335 372 4393 sola
387 4335 600 4407 immobilis,et
620 4335 915 4405 conformabilis,crc-
971 4336 1092 4406 plicam,
1115 4353 1173 4393 non
1195 4337 1231 4392 ad
1260 4336 1348 4392 fidem
1378 4333 1553 4407 pertinuisse
1581 4333 1794 4391 controversias

93 4424 182 4481 doadi
194 4424 291 4482 silicet
300 4425 330 4481 iu
345 4440 437 4481 unum
452 4424 545 4480 Deum
560 4425 802 4497 omnipotentem,
813 4423 917 4481 mundi
972 4425 1166 4482 Montaoistas
1181 4426 1258 4481 inter
1272 4430 1301 4482 et
1315 4423 1477 4480 Catholicos
1492 4421 1632 4479 excitatas
1643 4440 1651 4492 ;
1662 4429 1794 4495 etneque

94 4513 287 4586 conditorem,
303 4513 451 4570 etlilium
466 4512 916 4585 ejuslesumGhristum,natum
933 4527 955 4592 [)
972 4514 1037 4580 hos,
1054 4531 1147 4586 neque
1163 4513 1228 4570 illos
1242 4515 1271 4568 in
1288 4512 1491 4568 hereticorum
1507 4527 1628 4567 censum
1645 4512 1736 4570 luisse
1750 4530 1795 4570 re·

93 4619 128 4660 ax
141 4602 254 4677 virgine
270 4601 372 4672 Maria,
403 4601 574 4658 crucifixum
597 4602 652 4658 sub
680 4603 781 4658 Pontio
810 4601 914 4671 Pilato,
971 4599 1553 4674 ferendos,quodsalvalideiregulata
1575 4601 1612 4656 iis
1636 4618 1700 4673 que
1723 4619 1795 4659 cou-

92 4693 180 4749 tertis
194 4692 242 4749 die
255 4691 467 4749 resuscitatum
481 4709 498 4747 a
513 4691 650 4763 mortuis,
662 4698 810 4763 receptum
821 4691 914 4747 incra·
970 4691 1143 4749 versationis
1155 4697 1184 4747 et
1196 4690 1358 4763 discipline
1369 4695 1449 4762 sunt,
1466 4689 1590 4746 invicem
1606 4690 1793 4749 dissiderent.

91 4779 139 4852 lis,
153 4781 307 4837 sedentem
323 4795 402 4837 nunc
417 4780 453 4836 sd
470 4780 618 4836 dexteram
636 4779 740 4846 Patris,
757 4783 915 4836 venturum
971 4780 1298 4845 ldamstiamconstat,
1314 4779 1418 4836 utalia
1438 4778 1566 4852 plurima
1589 4780 1733 4847 omittam,
1760 4797 1794 4836 ex

86 4871 222 4942 J'udicsre
236 4870 316 4926 vivos
330 4875 360 4924 et
379 4872 522 4936 mortuos,
539 4884 590 4940 per
604 4869 700 4924 carnis
711 4867 798 4924 ctiam
815 4884 915 4925 resur·
969 4874 1030 4927 toto
1045 4869 1119 4926 libro
1134 4870 1169 4925 dc
1185 4867 1456 4940 proscriptionibus
1471 4868 1611 4925 adversus
1632 4868 1792 4935 hereticos,

90 4959 260 5016 maionem.
276 4958 336 5015 Hac
350 4957 414 5031 lege
429 4957 496 5013 fidei
512 4961 659 5022 manente,
675 4962 778 5014 catara
789 4959 852 5029 jam
871 4957 915 5013 di·
970 4976 1028 5032 quo
1043 4966 1120 5015 certe
1136 4958 1222 5016 titulo
1236 4974 1426 5030 nequaquam
1437 4957 1602 5029 Psychicos,
1619 4955 1793 5012 siveGatho-

90 5046 225 5121 scipline
242 5053 273 5104 at
302 5045 542 5115 conversationis,
571 5046 730 5102 admittunt
757 5046 915 5103 novitatem
969 5047 1041 5106 licos
1053 5048 1355 5121 comprehendit,cum
1368 5045 1443 5102 nihil
1459 5045 1554 5118 magis
1569 5043 1710 5100 adversus
1732 5041 1791 5097 ha-

89 5136 313 5195 correctionis...
330 5135 379 5192 87
396 5136 463 5200 Que
491 5139 536 5192 est
563 5151 631 5208 ergo
657 5135 796 5193 Paracleti
818 5135 913 5193 admi·
969 5139 1075 5196 reticos
1090 5145 1202 5211 urgeat,
1216 5154 1305 5209 quam
1318 5142 1428 5192 veteres
1449 5139 1478 5190 et
1505 5130 1680 5204 apostolicas
1701 5129 1791 5186 tradi·

90 5226 237 5294 nisti-atio,
254 5225 311 5282 uisi
325 5225 397 5293 haec,
409 5225 486 5296 quod
502 5224 657 5296 disciplina
666 5225 813 5297 dirigitur,
829 5229 883 5282 etc.
897 5249 909 5277 ι
969 5227 1073 5298 tiones,
1090 5231 1119 5283 et
1133 5225 1358 5298 apostolicorum
1369 5224 1563 5279 Ecclesiarum
1576 5218 1791 5287 auctoritatem,

88 5316 195 5373 Postea
207 5315 342 5389 sequitur
356 5315 392 5371 de
408 5314 672 5370 communicatione
687 5331 776 5386 quam
787 5330 819 5370 ss
834 5315 915 5371 Mon·
967 5317 1028 5374 imo
1044 5317 1097 5373 boc
1112 5316 1139 5372 ei
1155 5315 1338 5388 propositum
1354 5313 1451 5375 luerit,
1468 5318 1499 5366 ut
1511 5326 1546 5364 ex
1560 5309 1624 5380 ipso
1634 5308 1789 5375 discimus,

89 5406 205 5462 laniate
220 5420 288 5460 cum
302 5403 440 5460 Ecclesiis
455 5403 622 5475 apostolicis
637 5404 743 5460 habere
763 5405 915 5475 jactabant
968 5422 1072 5462 omnes
1082 5403 1282 5460 hereticorum
1299 5406 1392 5456 sectas
1409 5401 1461 5454 boc
1478 5397 1539 5454 solo
1557 5394 1642 5454 titulo
1657 5413 1789 5471 arguere:

121 5619 181 5694 (60)
196 5618 298 5691 Capite
312 5615 476 5674 undecimo.
