3892 6104
122 346 200 413 {tat

652 346 834 411 suanus
856 344 1058 411 EEGEESlAE
1076 346 1300 411 AFRICANAE.

1749 352 1830 415 1512

121 480 227 540 multis
240 480 372 538 minatus
387 478 435 551 sit,
451 494 494 551 aa,
503 478 560 539 nisi
574 479 789 555 resipiscerent,
801 478 837 537 ab
847 494 950 539 acrum
962 480 992 551 A
1005 479 1194 539 antichristos
1206 478 1505 557 appellatos,qnando
1519 479 1556 541 ad
1570 480 1728 541 Ecclodam
1738 498 1830 545 veno

121 570 331 629 communione
353 587 537 627 recessurum
566 569 695 645 (Euseb.‚
712 571 742 627 ll.
771 572 808 627 E.
824 567 875 626 lib.
895 584 947 639 vu,

121 678 147 719 c.
160 660 202 733 5.)
217 661 274 717 Sed
291 659 438 732 Stephano
454 660 557 717 datum
575 676 634 716 non
655 664 709 727 est,
725 661 758 714 nt
773 658 860 715 llnem
887 661 949 714 ter-

121 751 179 807 rori
196 750 370 823 imponeret,
381 748 432 821 qni
444 764 501 804 non
512 747 604 803 molto
615 746 759 822 postllisti
772 746 949 806 successoria

120 841 186 911 ejus
202 837 384 907 auctoritate,
400 842 429 894 et
443 835 767 910 Dionystislrxmdrint
783 852 870 907 opera
880 834 949 891 sub

120 928 201 985 latus
215 934 269 985 est.
286 928 360 983 Nam
375 925 399 983 si
415 926 540 982 Eusebio
555 927 709 981 credemus
723 925 771 997 (H.
788 926 818 980 E.
829 923 880 980 lib.
894 939 947 996 vu,

119 1034 146 1074 c.
161 1018 202 1089 5),
231 1016 286 1073 boc
315 1032 391 1072 anno
419 1013 586 1086 Stephanus
611 1012 762 1070 biennium
774 1012 946 1086 pontificatu

119 1108 238 1163 iunctus
266 1104 401 1169 decessit,
418 1104 557 1159 rvNonas
577 1104 737 1175 Augustas,
761 1119 819 1175 quo
844 1102 891 1158 die
916 1101 946 1158 in

118 1196 250 1267 antiquis
265 1192 479 1265 Martyrologiis
494 1192 635 1248 memoria
647 1192 711 1264 ejus
725 1191 891 1249 celebratur
904 1190 948 1249 ei-

118 1300 176 1357 que
191 1282 291 1340 xistus
307 1281 459 1338 successit.

153 1406 202 1464 tv,
218 1406 423 1479 Carthaginem
439 1406 533 1461 intera
547 1404 677 1478 undique
691 1405 822 1480 episcopi
845 1405 881 1462 ad
897 1422 944 1476 sy·

117 1498 228 1555 nodum
244 1497 439 1553 convenerant
454 1510 576 1551 nurrrero
590 1495 741 1568 octoginta
755 1496 897 1567 quinque,
912 1512 947 1553 cx

117 1586 213 1659 iisque
226 1583 339 1640 Natalis
353 1582 473 1640 Oeensis
488 1582 629 1640 mandata
642 1581 781 1639 attulerat
793 1583 944 1656 episcopo·

117 1692 184 1733 rum
202 1672 328 1747 Pompeii
339 1672 562 1729 Sabratensisct
572 1671 669 1743 Dioge
681 1670 945 1745 Leptimagneusis‚

116 1765 168 1838 qui
184 1762 264 1821 domi
279 1766 467 1819 manserant:
484 1776 609 1833 qnorum
625 1776 714 1817 causa
733 1760 882 1832 octoginta
898 1776 945 1817 sc·

1002 570 1073 643 rint,
1090 570 1177 629 unico
1191 571 1327 629 Ecclesiae
1340 572 1487 645 baptismo
1500 571 1692 645 baptizandos
1705 589 1781 643 esse,
1795 578 1831 633 ut

1002 659 1118 733 possint
1132 659 1194 717 lieri
1210 661 1246 717 de
1262 660 1438 719 adversariis
1446 660 1543 734 amici,
1554 664 1583 718 et
1596 662 1632 717 de
1646 661 1829 720 antichristis

1001 747 1170 807 Christiani.
1188 771 1202 801 c
1218 754 1283 807 Hac
1297 766 1364 807 vero
1381 766 1416 807 ex
1428 754 1560 808 veterum
1575 750 1671 825 magis
1692 750 1829 825 opinione

1001 838 1111 913 scripta
1121 856 1210 913 quarn
1226 844 1326 897 nostra
1340 844 1435 914 putea.

1037 960 1070 1019 V.
1087 964 1159 1031 Quid
1169 968 1235 1036 post
1243 962 1332 1021 haece
1347 964 1482 1021 Patribus
1491 963 1685 1021 constitutum
1695 966 1828 1038 gestum·

1000 1068 1034 1109 ve
1049 1052 1098 1125 sit,
1122 1052 1209 1125 plane
1219 1054 1401 1127 ignoramus.
1416 1052 1489 1109 Nam
1504 1052 1554 1125 qui
1570 1051 1682 1126 legatos
1703 1053 1827 1111 licmsm
1942 1122 1945 1127 Ι

1001 1143 1038 1199 ad
1050 1142 1222 1198 Pontificem
1237 1141 1398 1198 maximum
1410 1141 1517 1198 missos
1532 1145 1648 1213 putant,
1664 1145 1697 1198 ut
1711 1158 1780 1199 eum
1790 1144 1827 1201 dc

1000 1230 1103 1305 synodi
1124 1230 1248 1287 decretis
1268 1229 1421 1287 certiorem
1443 1230 1580 1301 iacerent,
1600 1230 1713 1287 litteras
1734 1246 1770 1289 ec
1790 1232 1827 1289 da

1000 1320 1228 1391 causnscriptas
1255 1318 1384 1391 proferre
1408 1318 1505 1375 nullas
1529 1322 1664 1392 possunt.
1680 1317 1734 1383 uui
1758 1334 1826 1376 vero

1000 1408 1195 1481 Rogatianum
1216 1408 1373 1464 diaconum
1397 1406 1427 1462 in
1442 1406 1655 1480 Cappadociam
1679 1423 1775 1479 nsque
1789 1408 1826 1466 ad

1000 1496 1201 1553 Eirmilianum
1213 1495 1384 1569 episcopum
1395 1499 1529 1552 caesarea
1546 1494 1827 1569 legatumacypria·
1940 1526 1945 1531 ·

999 1601 1038 1641 no
1053 1585 1166 1651 dicunt,
1178 1590 1211 1641 ut
1227 1599 1313 1656 quem
1329 1584 1360 1641 in
1375 1585 1478 1640 eadem
1491 1584 1638 1640 sententia
1650 1598 1715 1641 asse
1729 1590 1825 1652 norat,

998 1672 1035 1731 de
1048 1672 1150 1746 synodi
1165 1674 1305 1729 Africano
1315 1688 1459 1730 consensu
1474 1673 1625 1742 edoceret3
1639 1688 1693 1729 nec
1707 1672 1727 1729 ii
1744 1672 1825 1731 (ire-

1000 1778 1049 1819 eas
1064 1761 1224 1819 Firmiliani
1234 1761 1473 1829 litterasbabent,
1485 1769 1535 1817 aut
1551 1761 1668 1819 bstinas
1688 1762 1825 1833 Cypriani

117 1859 197 1927 ptem
211 1852 340 1925 episcopi
354 1850 433 1906 idem
445 1850 554 1907 sentire
570 1849 748 1905 terebantur.
768 1848 823 1915 uui
838 1849 868 1905 in
889 1849 947 1906 alia
959 1850 984 1917 Β
998 1850 1255 1923 quascstendant;
1265 1855 1375 1924 atquae
1384 1849 1694 1907 exhibentl'irmiliani
1705 1849 1824 1907 Latinas

117 1940 469 2013 sententiasrantpcdem
479 1952 494 1995 e
506 1938 614 1994 linibus
624 1937 687 1993 suis
697 1953 755 1995 non
766 1935 941 1995 extulerunt.
996 1938 1110 1996 litteras
1124 1942 1209 2011 (inter
1222 1940 1304 2012 Cypr.
1331 1940 1417 2013 epist.
1444 1938 1502 2011 75),
1518 1954 1553 1997 ea
1567 1955 1663 2012 neque
1688 1938 1824 2013 Dionysio

112 2032 234 2088 Exstant
249 2046 314 2087 vero
325 2028 463 2100 actaejus
475 2026 590 2083 concilii
604 2043 668 2100 qua
684 2030 942 2099 rerumgestarum
995 2027 1200 2097 Alexandrino,
1214 2043 1309 2101 neque
1324 2027 1459 2101 Eusebio,
1475 2043 1570 2101 neque
1583 2028 1747 2102 Augustino
1765 2027 1824 2102 ipsi

111 2120 245 2177 ordinem
257 2118 341 2175 nobis
351 2116 499 2175 exhibent.
511 2120 552 2171 Αο
562 2114 866 2187 primumoonvenisse
876 2114 942 2188 plu·
995 2122 1070 2173 notro
1085 2117 1214 2173 luerunt.
1230 2120 1305 2173 Sunt
1314 2120 1412 2173 autem
1423 2117 1582 2189 ejusmodi,
1599 2116 1702 2190 quales
1711 2132 1769 2173 non
1779 2116 1824 2174 vir
1936 2132 1940 2139 ·

112 2209 180 2265 rimi
192 2207 321 2281 episcopi
346 2203 634 2262 dicunturilalendis
658 2202 881 2277 Septembribus
906 2220 942 2260 cx
995 2204 1309 2262 sanctusetamnltis
1338 2206 1572 2272 commendatus,
1587 2206 1638 2262 sed
1668 2203 1824 2263 hacreticus

110 2294 373 2369 provinciaAirica,
385 2293 536 2362 Numidia,
551 2292 731 2349 Mauretania
746 2308 813 2347 cnm
825 2291 942 2365 presby·
995 2309 1121 2366 nequam
1135 2298 1165 2349 ct
1179 2293 1298 2350 infamis
1322 2293 1448 2352 scribere
1462 2294 1591 2367 potuerit
1605 2310 1613 2351 ε
1634 2295 1707 2352 adeo
1721 2298 1823 2351 contra

109 2384 182 2441 teris
198 2389 227 2441 et
240 2384 423 2449 diaconibus,
439 2385 580 2453 presente
595 2381 683 2438 etiem
701 2381 794 2454 plebis
812 2381 941 2438 maxima
993 2382 1201 2455 Petriapostoli
1227 2398 1427 2440 successorem
1438 2382 1619 2454 Stephanum
1629 2381 1821 2440 contumelio·

113 2478 206 2548 parte.
222 2476 324 2530 Coram
353 2472 399 2529 his
423 2470 502 2527 lecta
528 2474 599 2528 sunt
620 2469 723 2525 littere
737 2468 875 2526 anaiani
902 2471 938 2526 ad
995 2487 1035 2529 ss
1063 2476 1151 2543 atque
1179 2471 1318 2543 improbe
1343 2476 1413 2528 sunt
1437 2470 1823 2545 (V.l1iacor.,ibt'd.,p.18,

112 2562 288 2636 cyprianum
300 2566 329 2618 st
343 2576 417 2634 quas
427 2559 635 2632 Cyprianusad
649 2558 828 2615 Jubaicnum
844 2558 941 2616 misis-
993 2564 1023 2617 et
1036 2565 1123 2616 notas
1137 2558 1280 2630 ejusdem,
1296 2576 1325 2632 p.
1342 2560 1413 2631 112).
1430 2560 1487 2617 Eas
1500 2560 1637 2632 equidem
1652 2560 1690 2617 ab
1717 2559 1820 2618 eodem

112 2656 168 2719 act,
182 2657 210 2708 ct
224 2668 298 2724 quas
313 2665 431 2707 rursum
446 2650 483 2706 ab
498 2647 598 2704 eodem
606 2648 780 2721 accepisset:
791 2648 821 2703 in
833 2646 940 2719 quibus
992 2648 1138 2722 prodiisse
1152 2646 1294 2715 duxerim,
1311 2646 1362 2721 qni
1379 2648 1535 2719 epistolam
1550 2664 1668 2721 quoque
1685 2646 1819 2723 cypriani

111 2737 573 2813 rescriptumquoqueStapbani,
592 2740 624 2792 ut
633 2736 759 2807 opinior,
770 2736 939 2793 contineba·
992 2738 1029 2793 ad
1045 2736 1216 2810 Pompeium
1235 2736 1362 2793 conlisit.
1385 2736 1459 2793 Nem
1484 2740 1598 2794 exstare
1620 2737 1711 2809 hujus
1739 2738 1819 2793 modi

113 2834 172 2887 tur.
190 2832 259 2885 Post
279 2844 343 2900 quae
364 2827 537 2900 Cyprianus,
550 2824 717 2891 «Audistis,
733 2824 841 2897 iuquit,
852 2823 939 2881 colle·
992 2824 1125 2898 exemplo
1140 2824 1301 2898 plurimum
1322 2824 1484 2881 Donatistis
1497 2826 1637 2883 intererat
1650 2826 1702 2899 qui
1720 2825 1821 2882 Ponti·

112 2934 156 2991 gre
171 2916 368 2983 dilectissimi,
384 2914 455 2989 qnid
471 2913 543 2970 mibi
558 2912 721 2970 lubaianus
749 2912 940 2985 coepiscopus
993 2912 1058 2969 licis
1072 2913 1189 2970 maximi
1203 2912 1405 2970 auctoritatem
1420 2912 1541 2982 elevare,
1560 2930 1594 2971 ac
1605 2914 1751 2985 iudicium
1772 2914 1822 2971 da·

112 3012 213 3064 noster
227 3006 387 3078 scripserit,
403 3002 558 3062 conculcas
569 3001 796 3058 mediocritatem
809 3006 940 3059 nostram
993 3004 1093 3075 lugere
1108 3002 1287 3060 nitebantur.
1302 3002 1461 3076 Scripsisse
1484 3010 1583 3059 tamen
1611 3003 1666 3059 hoc
1692 3012 1822 3077 tempora

111 3098 149 3153 dc
175 3094 276 3152 illicito
300 3097 328 3150 et
352 3091 474 3167 profano
496 3092 698 3148 hereticorum
728 3090 884 3163 baptismo,
911 3095 941 3147 et
992 3092 1167 3165 cyprianum
1183 3090 1334 3164 epistolem
1352 3092 1388 3149 ad
1403 3094 1552 3165 Magnum,
1565 3096 1744 3164 quaexstat,
1759 3108 1822 3149 cro·

110 3184 183 3257 qnid
197 3199 251 3257 ego
261 3182 287 3239 ei
303 3181 515 3255 rescripserim,
525 3196 648 3236 censens
663 3177 784 3247 scilicet,
804 3179 882 3251 quod
894 3195 939 3235 se·
994 3180 1085 3237 dibile
1094 3184 1149 3246 est,
1165 3195 1231 3236 cnm
1247 3179 1278 3235 in
1294 3195 1328 3236 ea
1342 3179 1485 3252 quidquid
1501 3181 1537 3237 de
1552 3180 1821 3254 baptismobareti·

111 3273 169 3329 mel
182 3276 271 3345 atque
281 3272 399 3340 iterum,
409 3274 523 3343 ctsaspe
533 3267 714 3337 censuimus,
735 3267 887 3324 haereticos
903 3267 939 3324 ad
996 3285 1098 3327 corum
1116 3268 1300 3341 disputatum
1321 3285 1448 3342 usquam
1472 3268 1578 3333 iuerat,
1594 3268 1684 3326 simili
1709 3269 1822 3327 ratione
1935 3318 1938 3323 .

109 3360 271 3419 Ecclesiam
286 3360 435 3417 venientes
450 3356 596 3429 baptismo
611 3355 753 3429 baptizari
769 3360 797 3414 et
811 3356 943 3414 sanctifi·
996 3359 1123 3431 attingat
1148 3361 1237 3431 atquc
1259 3356 1392 3429 explicet.
1414 3358 1577 3432 Rogaverat
1590 3374 1658 3415 eum
1686 3358 1820 3432 llagnus,

109 3450 319 3524 carioportere.
331 3451 403 3505 ltem
418 3447 498 3504 lecta
507 3449 578 3502 sunt
587 3444 670 3502 robis
685 3448 714 3501 ct
728 3443 792 3501 alie
804 3444 942 3502 Jubaiani
996 3446 1174 3520 quicumque
1188 3446 1307 3503 demam
1322 3445 1348 3503 is
1362 3445 1528 3517 luerit,sive
1541 3446 1693 3521 depopulo
1703 3446 1821 3521 aliquis,

108 3540 224 3607 littere,
248 3538 357 3611 quibus
372 3553 424 3610 pro
449 3552 503 3593 sua
522 3535 636 3592 sincera
658 3538 688 3591 et
702 3531 839 3607 religiosa
857 3535 943 3591 devo·

107 3630 187 3685 tione
197 3628 232 3685 ad
241 3625 399 3700 epistolam
412 3624 576 3681 rescribens
589 3626 771 3679 nontantum
782 3628 941 3689 consensit,

108 3718 161 3773 scd
177 3716 264 3772 ctiam
278 3715 455 3772 instructum
467 3728 497 3769 se
512 3727 576 3768 esse
587 3710 739 3768 confossus
751 3711 861 3785 gratias
872 3712 941 3785 egit.

109 3806 250 3877 Superest
264 3807 296 3860 ut
308 3804 344 3859 de
359 3803 412 3858 bac
427 3801 492 3876 ipsa
503 3816 534 3856 ra
548 3799 658 3873 singuli
674 3800 745 3874 quid
766 3800 941 3859 sentiamus,

110 3894 314 3968 proteramus:
332 3890 666 3961 neminemjudicnntes‚
681 3892 731 3945 aut
752 3907 769 3946 a
780 3890 847 3961 jure
862 3907 941 3948 corn·

997 3538 1057 3594 sive
1086 3534 1177 3594 sacris
1199 3534 1344 3606 initiatus,
1367 3551 1435 3592 nam
1454 3551 1522 3593 eum
1540 3536 1703 3611 Cyprianus
1730 3536 1822 3609 filium

995 3624 1140 3699 appellat:
1165 3628 1325 3698 rogaverat,
1344 3623 1477 3698 inquam,
1498 3642 1570 3682 num
1590 3632 1619 3681 et
1634 3626 1684 3700 qui
1697 3644 1714 3683 a
1727 3626 1822 3684 Nova·

995 3714 1076 3771 tiano
1091 3712 1231 3781 venirent,
1249 3713 1311 3787 pari
1330 3714 1418 3771 modo
1447 3714 1613 3788 baptizandi
1629 3716 1752 3774 essenti
1773 3716 1822 3773 cul

996 3802 1168 3878 Cyprianus,
1185 3824 1196 3853 ι
1215 3803 1372 3871 Quantum,
1388 3802 1486 3876 inquit
1497 3804 1594 3878 (epist.
1610 3805 1666 3875 stt,
1683 3802 1750 3862 ddci
1769 3821 1823 3862 no·

997 3898 1063 3949 stra
1078 3892 1225 3965 capacitas
1235 3895 1290 3959 est,
1302 3895 1331 3948 et
1345 3890 1563 3965 Scripturarum
1573 3891 1739 3951 divinarum
1753 3910 1822 3951 san·

111 3982 320 4039 municaticnis
338 3980 476 4051 aliquem,
497 3978 522 4035 si
537 3979 686 4035 diversum
705 3980 840 4047 senserit,
857 3997 940 4036 amo·
997 3981 1082 4037 atitas
1096 3997 1130 4037 ac
1143 3980 1251 4037 veritas
1268 3979 1409 4053 suggerit,
1425 3979 1552 4038 dicimus
1571 3996 1673 4037 omnes
1701 3983 1822 4039 omnino

111 4070 331 4143 ventssNeqoe
345 4070 423 4125 enim
441 4066 600 4141 quisquam
611 4067 715 4123 lm
731 4070 865 4123 nostrum
879 4069 940 4141 epl-
995 4069 1146 4128 hareticos
1174 4072 1203 4125 et
1216 4068 1420 4125 schismaticos
1446 4068 1519 4126 nihil
1534 4069 1641 4127 babere
1669 4070 1821 4143 potestatis

112 4175 235 4233 scopum
245 4154 941 4231 seessoepiscopornmconstituit,auttyrannico
995 4175 1027 4217 ac
1039 4158 1125 4231 juris.
1143 4161 1263 4231 Propter
1273 4157 1351 4231 quod
1366 4157 1546 4216 Noratianus
1559 4160 1664 4217 uus
1675 4160 1821 4217 necdebet

110 4254 222 4307 terrore
237 4246 275 4304 ad
295 4244 475 4319 obsequendi
502 4244 707 4302 necessitatem
729 4242 941 4319 collegassuoa
994 4264 1047 4306 nec
1076 4251 1172 4321 potest
1197 4246 1301 4321 excipi,
1322 4248 1482 4320 quominus
1509 4249 1572 4322 ipse
1591 4262 1709 4322 quoquc
1740 4250 1822 4305 extra

109 4336 214 4410 adigit,
230 4335 348 4408 quando
362 4334 470 4391 babeat
483 4333 579 4392 omnis
592 4332 749 4406 episcopus
758 4350 811 4407 pro
823 4334 942 4394 licentia
994 4336 1153 4395 Ecclesiam
1168 4336 1343 4409 consistens,
1353 4340 1383 4393 et
1398 4341 1499 4394 eontra
1513 4352 1614 4411 pacem
1628 4354 1662 4395 ac
1688 4336 1820 4395 dilectio·

109 4425 256 4485 libertatis
276 4429 307 4481 et
329 4422 484 4497 potestatis
511 4438 572 4479 sue
596 4421 752 4480 arbitrium
775 4424 939 4498 proprium,
994 4425 1820 4495 nemchristiiaciens,interadvcrsariosetantichristos

108 4520 230 4589 tamque
240 4512 369 4587 judicari
384 4511 423 4569 ab
440 4509 507 4581 alic,
524 4528 582 4569 noc
593 4510 795 4585 possit,quam
811 4529 864 4571 nec
877 4514 941 4587 ipse
994 4518 1188 4588 computetur.
1205 4537 1220 4565 »
1248 4513 1342 4573 Aliam
1370 4515 1458 4573 etism
1485 4516 1668 4589 questionem
1695 4517 1821 4590 Magnus

109 4609 206 4677 potest
222 4603 346 4659 alterum
358 4601 503 4672 judicare.
518 4600 574 4657 Sed
589 4604 793 4673 exspectemus
812 4602 940 4660 universi
955 4587 978 4654 ll
993 4607 1141 4677 posuerat,
1156 4604 1193 4660 de
1207 4603 1254 4675 iis,
1277 4604 1328 4677 qni
1347 4605 1402 4661 sub
1419 4610 1541 4663 mortem
1558 4604 1696 4679 baptizati
1710 4610 1819 4677 essent,

104 4692 256 4767 judicium
268 4689 382 4747 Domini
393 4689 485 4748 nostri
496 4691 565 4746 lesu
576 4688 695 4759 Christi,
706 4690 757 4763 qui
768 4708 846 4747 unus
856 4696 884 4748 st
895 4708 942 4750 so·
995 4710 1084 4767 quam
1103 4692 1264 4766 Cyprianus
1279 4692 1323 4750 sic
1344 4692 1478 4750 dirimit:
1494 4693 1658 4758 conselati
1674 4694 1761 4752 etiem
1775 4694 1821 4753 ln·

111 4784 161 4840 lus
175 4781 265 4837 habet
279 4782 452 4853 potestatem
463 4782 492 4835 et
502 4777 687 4852 praeponendi
699 4795 753 4836 nos
768 4778 797 4835 in
809 4780 942 4837 Ecclesia
997 4781 1071 4857 quit,
1082 4780 1123 4836 uti
1133 4780 1316 4853 charissime,
1327 4781 1397 4855 quid
1411 4781 1482 4837 mibi
1496 4782 1532 4840 ds
1545 4782 1605 4839 illis
1619 4783 1822 4857 videatur,qui

112 4887 177 4931 sum
200 4869 422 4943 gubernatione,
438 4870 468 4925 et
485 4868 521 4925 ds
539 4870 607 4925 ectu
630 4870 731 4925 nostro
753 4868 916 4940 iudicandi.
928 4892 943 4923 n
998 4872 1028 4928 in
1038 4868 1207 4927 infirmitate
1217 4867 1523 4945 etlangucregratiam
1534 4872 1824 4946 Deiconaequuntur,

113 4957 267 5015 Exindoad
280 4956 442 5014 sententias
452 4956 592 5014 dicendas
602 4958 773 5015 ventumest
783 4973 791 5013 ι
802 4974 945 5032 suamque
998 4976 1034 5017 an
1050 4957 1177 5016 habendi
1191 4958 1252 5016 sint
1271 4958 1395 5033 legitimi
1423 4960 1591 5030 Christiani,
1607 4977 1640 5019 eo
1655 4962 1733 5035 qnod
1748 4976 1826 5035 aqua

114 5048 230 5121 primns
244 5046 378 5102 omnium
389 5045 511 5118 protulit
523 5043 776 5116 ceciliusalliita,
792 5061 878 5120 qnam
890 5064 945 5105 ca·
999 5048 1122 5107 salutari
1137 5064 1196 5105 uon
1211 5048 1264 5106 loti
1279 5050 1348 5119 sint,
1359 5050 1409 5106 aed
1426 5050 1551 5122 perinsi;
1567 5067 1625 5123 qna
1641 5050 1669 5106 in
1683 5054 1825 5124 portana-

112 5136 181 5207 teri,
193 5141 226 5192 ut
240 5136 366 5209 quisque
381 5136 530 5209 antiquior
543 5138 630 5204 esset,
647 5136 794 5193 consecuti
819 5142 898 5208 auct,
917 5142 946 5195 et
1000 5138 1073 5195 mini
1088 5138 1300 5195 verecundiaet
1314 5138 1458 5195 modestia
1468 5137 1827 5215 nostroprrey'udlcatquo·

116 5241 286 5300 quanquam
303 5224 351 5281 slii
372 5223 430 5281 alia
443 5226 531 5283 verba
550 5228 741 5298 usurparunt,
762 5240 848 5284 nemo
868 5244 947 5285 unus
1000 5226 1746 5304 minusunusquisquequodputatsentiat,etquod
1760 5246 1826 5289 scu·

114 5332 133 5371 a
144 5314 279 5387 Cypriani
293 5313 420 5371 sentatia
430 5314 579 5371 dissensit.
590 5314 689 5384 ltaque
700 5312 946 5389 ultimuscypria·
1000 5316 1071 5375 serit
1085 5316 1182 5374 iaciat.
1199 5316 1268 5387 Nos,
1284 5322 1427 5387 quantum
1442 5316 1827 5391 concipitmediocritasuc-

115 5420 192 5460 nus:
210 5424 224 5453 r
237 5403 344 5470 Meam,
360 5402 469 5475 inquit,
484 5402 659 5458 sententiam
671 5401 841 5474 plenissime
852 5404 947 5478 eaprl·
1000 5403 1526 5476 stra,rcstimamusinnullcmntileri
1542 5412 1571 5463 et
1585 5406 1731 5464 debilitari
1742 5424 1828 5483 posse

116 5492 173 5549 mit
187 5490 321 5564 epistola,
338 5508 400 5563 qus
417 5490 452 5547 att
466 5490 644 5547 Jubaianum
656 5489 797 5566 collegam
810 5498 944 5553 nostrum
1000 5494 1142 5553 beneficia
1154 5494 1263 5563 divina,
1282 5510 1334 5551 noc
1350 5494 1448 5551 minus
1462 5494 1573 5569 aliquid
1590 5494 1649 5553 illie
1662 5512 1748 5571 posse
1758 5514 1827 5555 con-

115 5580 228 5652 scripta
252 5583 310 5649 eat,
335 5578 488 5639 hereticos
515 5580 679 5639 secundum
702 5582 901 5656 evangelicam
916 5586 946 5641 et
1000 5583 1112 5657 tingere
1126 5582 1176 5641 ubi
1192 5582 1279 5655 plena
1292 5586 1322 5642 at
1335 5586 1397 5640 tota
1411 5582 1469 5642 lide
1482 5587 1512 5643 et
1525 5585 1624 5644 dantis
1637 5589 1667 5643 st
1683 5588 1828 5643 sumentis

116 5668 309 5745 apostolicam
324 5670 563 5731 contemtionem
574 5672 604 5729 st
613 5669 948 5731 sdversaricschristlet
999 5671 1142 5747 accipitur
1154 5672 1233 5749 qnod
1248 5672 1285 5730 de
1298 5671 1405 5731 divinis
1418 5674 1590 5732 muneribus
1610 5675 1756 5734 hauritur.
1771 5676 1828 5735 Ex-
