3892 6104
77 288 159 351 ¹081
581 290 682 351 PARS
704 289 729 350 l.
744 321 784 335 -
802 286 1056 350 denuntiatus
1078 285 1282 348 vuvuflull.
1709 288 1786 347 10δῖ

75 418 212 476 lundata.
235 420 279 476 lta
293 419 327 476 nt
344 423 459 477 uicum
474 420 575 477 omnia
591 421 668 494 apud
684 418 750 479 illos
766 417 867 475 inania
880 420 909 472 et
922 422 949 490 Α
963 415 1053 490 ligere
1060 416 1082 452 ⁶⁷
1095 420 1124 472 et
1138 416 1323 474 considerare
1332 415 1389 490 (99)
1402 417 1545 474 debemus
1562 417 1667 474 lim
1681 435 1718 474 an
1734 419 1782 491 qul

76 507 153 564 laisa
168 508 240 575 sint,
258 508 332 565 nibil
347 526 448 565 eorum
465 526 528 582 que
545 509 586 565 illi
602 510 748 582 gesserint
762 508 908 582 probaris
962 505 1335 575 adversariisuntDomini,
1346 505 1519 580 etappellati
1531 507 1782 578 suntantlehristi,

76 597 165 653 nobis
180 598 294 653 debeat.
312 598 385 663 Quid
403 598 481 655 enim
511 604 718 671 potostratum
740 603 768 654 et
788 598 905 652 firmum
961 595 1159 668 possintdsre
1180 594 1616 668 gratiamchristi.0usrequi
1641 612 1709 653 cum
1727 602 1783 654 Do·

75 701 144 742 esse
160 687 238 759 apud
252 686 346 742 Deum
360 688 438 759 quod
452 686 495 742 illi
522 687 631 743 iaciunt
658 704 732 759 quos
761 687 903 743 Dominus
961 683 1041 739 mino
1072 701 1186 754 sumus,
1202 688 1231 740 et
1246 685 1390 741 unitatem
1405 686 1521 742 Domini
1545 689 1681 743 tenemus
1694 690 1723 742 el
1737 703 1784 742 se·

74 773 179 831 hostes
191 780 220 831 et
234 775 418 833 adversarios
433 793 504 832 suos
519 777 591 833 dicit
615 775 643 830 in
673 774 828 847 Evangelio
852 790 906 830 suo
961 774 1091 829 cundum
1111 774 1176 844 elus
1189 773 1389 846 dignationem
1400 775 1599 832 sacerdotium
1614 776 1678 847 ejus
1692 775 1723 832 in
1734 776 1785 833 Eo·

74 879 191 937 ponens
204 863 281 935 (Lae.
295 880 334 932 xi,
349 865 396 936 23)
411 884 420 920 .·
433 866 550 934 Quinon
565 879 605 920 esc
619 880 737 933 meeum,
761 863 905 919 aduersam
960 862 1049 918 etesia
1064 862 1318 930 administramus,
1335 878 1529 935 quecumque
1544 864 1702 921 adversarii
1719 866 1784 937 ejus

74 953 357 1024 meesttetpuinon
372 969 479 1009 mecam
497 953 610 1025 callipit,
626 954 739 1024 aparpc't.
753 952 788 1007 Et
802 952 906 1008 beatus
959 954 988 1007 et
1003 950 1166 1008 antichristi
1195 951 1306 1007 fuciunt
1331 951 1486 1025 repudiare
1501 953 1539 1024 (t)
1568 957 1596 1009 et
1614 955 1732 1025 rejicere
1755 958 1784 1010 el

75 1055 197 1113 quoque
208 1039 773 1112 apostolustoennesmandataltomini
789 1046 818 1094 et
832 1056 904 1111 pre·
960 1057 1012 1113 pro
1028 1039 1158 1112 profanis
1173 1039 1312 1096 hahere⁶⁸
1335 1041 1489 1109 debemus,
1515 1045 1544 1098 et
1571 1041 1613 1098 eis
1629 1042 1679 1115 qui
1708 1044 1731 1079 ⁸⁹
1745 1045 1780 1101 de

73 1134 163 1201 cepte
178 1127 348 1184 custodiens
357 1128 386 1184 in
398 1129 522 1201 epistola
533 1147 586 1185 sua
598 1129 727 1202 posuerit
740 1130 765 1165 ⁶⁶
774 1131 840 1199 (78),
864 1128 906 1184 di·
959 1145 1056 1185 errore
1071 1133 1100 1186 et
1114 1127 1257 1200 pravitate
1270 1129 1418 1188 venientes
1431 1135 1595 1202 agnoscunt
1618 1147 1695 1188 unus
1727 1132 1783 1189 Ee·

73 1219 266 1289 censtlloaa.
275 1219 361 1285 mlh,
374 1219 906 1292 19):Audistisqaiaantiehristaavcnit
959 1216 1054 1275 clesie
1070 1233 1168 1273 veram
1185 1217 1368 1284 tidem,dars
1397 1217 1456 1274 illie
1480 1234 1531 1291 per
1558 1219 1657 1276 omnia
1680 1220 1784 1278 divine

72 1306 154 1364 elane
170 1315 263 1362 cutem
276 1309 434 1364 antichristi
446 1309 530 1364 mati
542 1310 611 1379 facti
624 1312 699 1364 sont.
717 1308 792 1367 Unde
806 1323 903 1377 capno·
959 1307 1059 1380 gratie
1075 1310 1260 1363 sacramenta
1282 1311 1310 1363 et
1325 1307 1450 1364 unitatis
1465 1312 1494 1364 ot
1505 1307 1571 1364 fidei
1582 1309 1604 1344 ⁷⁰
1618 1309 1781 1366 veritatem.

72 1397 256 1469 tenimenta
273 1398 489 1454 noossimahera
506 1406 559 1455 cst.
590 1403 631 1454 Ee
652 1399 730 1454 nohis
757 1399 899 1464 celerant,
957 1397 1102 1468 Optamus
1125 1412 1187 1469 vos,
1222 1396 1325 1453 tratres
1349 1396 1528 1468 charissimi,
1567 1413 1683 1472 semper
1706 1401 1782 1457 bens

71 1485 121 1542 aed
133 1501 192 1542 non
206 1486 321 1556 [cerunt
337 1502 372 1543 ea
387 1489 474 1544 nohis.
491 1488 522 1543 Si
546 1488 619 1544 enim
633 1490 752 1560 scissent
769 1503 805 1543 ee
825 1487 903 1543 nohis
957 1484 1062 1543 valere.

71 1575 241 1631 mansissent
256 1577 511 1647 cttpaenotisccm.
528 1577 611 1633 Unde
628 1593 682 1633 nos
698 1590 816 1649 quoque
840 1574 903 1632 col·

526 1913 603 1952 ANNO
622 1913 734 1953 CHRISTI
754 1913 845 1967 cctvt,
866 1911 1068 1954 nominemus
1088 1911 1113 1952 S·
1134 1911 1272 1951 STEPHANI
1291 1911 1334 1951 111.

336 2059 708 2126 CARTHAGINENSE
730 2061 967 2128 coltellum
988 2059 1075 2125 SUB
1097 2059 1315 2124 CYPRIANO
1338 2060 1430 2126 SEX
1433 2059 1531 2125 EUM.

419 2244 455 2282 EX
468 2242 564 2283 lentes
577 2241 722 2283 Pnovlltcu
735 2243 769 2283 ΒΤ
783 2242 915 2294 nummu,
930 2242 1006 2290 QUOD
1021 2242 1057 2282 DE
1068 2241 1206 2283 BAPTISMO
1221 2239 1373 2283 SECUNDUM
1386 2242 1444 2282 EST·

75 2384 193 2448 (Essem
208 2399 234 2445 n,
249 2386 277 2448 l;
293 2386 391 2439 Pamcl.
405 2387 500 2452 Rigalt.
517 2387 606 2439 Belus.
622 2400 718 2451 uxn,;
734 2388 819 2439 Oxou.
828 2387 1112 2515 1lime&cextxprid’sris.
1127 2401 1195 2439 mxu
1204 2399 1211 2451 ;
1226 2387 1363 2449 cocsrnn,
1379 2401 1406 2452 p.
1421 2388 1485 2450 2163
1501 2385 1599 2438 llouth.
1612 2385 1675 2446 ltsll,
1686 2399 1737 2438 scr.
1752 2399 1788 2437 m.

811 2758 1051 2822 Pehfflvtlull.

118 2889 158 2946 Ut
179 2905 214 2946 aa
228 2906 293 2964 que
308 2893 490 2965 precedente
504 2893 626 2951 concilio
641 2893 802 2951 constituta
816 2898 888 2951 sunt
902 2892 1032 2968 pleniore
1046 2892 1192 2950 sententia
1205 2891 1427 2963 confirmentur,
1451 2890 1613 2966 Cyprianus
1631 2889 1662 2947 in
1691 2890 1794 2948 eadem

79 2993 176 3034 eausa
196 2979 338 3053 Eaptlsmi
361 2981 397 3036 ab
418 2980 557 3039 hereticis
581 2978 691 3050 collati,
708 2983 763 3039 hoo
787 2984 889 3039 eodem
909 2998 985 3038 anno
1001 2982 1054 3037 258
1072 2981 1094 3023 ²¹
1120 2979 1280 3055 pleniorem
1305 2983 1481 3037 conventum
1504 2979 1708 3053 episcoporum
1724 2995 1793 3036 con·

79 3068 209 3136 vocavit,
224 3073 253 3124 et
273 3085 307 3125 ex
327 3069 607 3128 AfricaetNumidia
620 3072 656 3126 70
670 3071 824 3145 episcopos
842 3074 871 3128 et
881 3087 974 3127 unum
985 3071 1021 3127 ad
1036 3069 1112 3126 hano
1122 3069 1267 3142 synodum
1279 3067 1382 3142 coegit,
1399 3083 1433 3124 so
1448 3067 1516 3137 llne,
1528 3071 1561 3124 ut
1584 3068 1663 3140 quod
1683 3067 1794 3142 singuli

82 3156 223 3214 sentiunt
245 3158 281 3214 de
301 3158 511 3215 traditionibus
526 3161 671 3232 majorum
686 3166 786 3217 sancte
800 3158 1047 3217 etinviolahlliter
1074 3157 1236 3226 servandis,
1253 3158 1409 3230 deponant.
1426 3161 1585 3230 Postquam
1601 3173 1704 3215 omnes
1723 3175 1795 3231 pte·

81 3244 156 3303 dicti
171 3246 389 3318 convenissent,
405 3247 495 3318 idem,
518 3249 596 3321 quod
621 3266 712 3323 supra
727 3249 957 3322 precedentibus
970 3246 1102 3305 conciliis
1117 3246 1262 3303 Africanis
1279 3246 1308 3302 in
1324 3247 1378 3303 hac
1392 3251 1421 3302 et
1431 3246 1568 3304 Basilidis
1582 3262 1673 3304 eausa
1688 3246 1797 3303 habitis

81 3334 239 3392 delinitum
256 3336 358 3393 mli
376 3341 432 3404 est,
443 3336 553 3405 duplici
569 3338 683 3396 decreto
699 3339 826 3412 desuper
840 3337 1275 3406 lato,conllrmarunt.Quornm
1286 3336 1415 3410 primum
1424 3339 1479 3405 est,
1487 3340 1519 3392 ut
1532 3335 1552 3391 ii
1567 3335 1654 3409 quiin
1668 3336 1799 3394 Ecclesia

83 3421 218 3480 ordienti
232 3440 249 3481 s
263 3424 321 3482 llds
336 3424 515 3493 deiecerunt,
532 3432 709 3486 revertentes
724 3429 759 3486 ad
775 3427 947 3495 Ecclesiam,
959 3426 1080 3485 nonnisi
1091 3428 1128 3484 ad
1139 3426 1243 3483 laicam
1259 3425 1498 3483 communionem
1514 3425 1703 3500 recipiantur.
1719 3424 1798 3484 Alte·

82 3529 165 3579 rum,
183 3516 216 3569 ut
229 3513 397 3586 Baptismus
412 3515 618 3572 hereticorum
636 3517 673 3573 ab
688 3515 761 3590 ipsis
777 3517 912 3589 collatus,
929 3533 987 3575 non
1002 3519 1117 3572 tantum
1135 3532 1186 3589 pro
1200 3514 1338 3583 invalido,
1353 3514 1403 3571 sed
1418 3513 1507 3570 etiam
1523 3531 1575 3587 pro
1588 3514 1669 3572 nullo
1694 3515 1797 3572 habec-

84 3607 153 3671 tnr;
170 3600 244 3658 adeo
263 3606 297 3658 ut
311 3604 336 3660 si
350 3605 386 3661 ad
403 3603 562 3661 Ecclesiam
576 3610 754 3663 revertentes
770 3606 965 3678 baptizentur,
987 3621 1044 3661 non
1059 3603 1187 3662 seeundo
1203 3604 1354 3677 ltaptismo
1369 3603 1597 3676 rebaptizentur,
1613 3605 1664 3661 sed
1681 3607 1796 3662 tantum

83 3687 218 3763 primum
234 3689 270 3746 iis
286 3689 437 3763 baptisma
464 3693 642 3765 conteratur,
658 3693 728 3766 quia
738 3694 774 3750 ab
790 3693 936 3750 hereticis
950 3710 1008 3750 non
1024 3708 1089 3749 vere
1113 3691 1265 3765 baptisari,
1283 3692 1333 3748 sed
1349 3708 1425 3764 aqua
1448 3696 1563 3748 tantum
1593 3691 1796 3751 hereticorum

85 3776 218 3853 amplius
234 3779 374 3836 sordidati
389 3780 509 3837 luerint.
528 3783 570 3838 lta
586 3781 760 3856 Cyprianus,
776 3783 867 3855 Epist.
882 3784 928 3853 75,
946 3783 982 3839 sd
997 3781 1187 3839 Jubaianum.
1201 3781 1282 3839 Unde
1302 3780 1353 3854 qai
1368 3780 1451 3837 illum
1468 3781 1673 3854 anabaptismo
1699 3786 1799 3856 patro·

85 3864 220 3923 einatum
236 3866 328 3925 luisse
342 3869 484 3938 sentiunt,
497 3868 624 3943 graviter
639 3874 746 3927 errant.
765 3871 830 3927 llaec
845 3887 912 3927 eum
928 3870 1132 3944 episcoporum
1149 3870 1354 3944 predictorum
1364 3870 1397 3925 71
1423 3872 1568 3927 sententia
1582 3870 1746 3928 constituta
1757 3889 1802 3929 es-

85 3959 166 4023 sent,
177 3955 213 4011 ad
229 3956 412 4031 Stephanum
426 3959 591 4015 itomanam
607 3959 732 4032 epistola
754 3961 894 4033 quadam,
908 3975 999 4032 quam
1015 3959 1091 4017 inlra
1103 3976 1138 4016 ex
1165 3958 1309 4032 Cypriane
1333 3957 1381 4015 hio
1395 3957 1501 4033 subjici
1530 3959 1708 4029 curavimus,
1726 3977 1797 4032 pre·

85 4042 270 4102 scribuntur.
286 4044 423 4118 Illevero,
439 4047 577 4121 synodica
592 4049 715 4120 epistola
729 4052 856 4122 accepta,
874 4063 925 4122 per
939 4048 1050 4105 litteras
1072 4047 1201 4104 redditas
1222 4047 1378 4104 concilium
1397 4048 1452 4104 hoo
1476 4048 1649 4120 reprobavit,
1665 4052 1694 4104 et
1708 4047 1798 4104 simul

85 4130 180 4189 etiarn
194 4133 379 4191 sanctissime
394 4136 553 4206 mandavit,
572 4153 607 4194 ne
620 4154 637 4193 a
661 4138 818 4194 traditione
828 4135 997 4211 apostolica,
1014 4138 1049 4195 dc
1060 4154 1117 4195 nou
1132 4136 1266 4194 iterando
1282 4136 1461 4210 baptismate
1473 4135 1797 4205 hereticorumeorum,

85 4221 139 4295 qui
154 4221 259 4279 cedem
270 4221 373 4292 lorms,
387 4240 446 4296 que
460 4225 555 4282 utitur
567 4225 705 4296 Ecclesia,
721 4225 930 4301 baptizassent,
944 4225 990 4284 vel
1005 4225 1099 4284 latum
1114 4242 1244 4300 unguem
1260 4226 1408 4294 recedant,
1421 4227 1561 4299 ipsosque
1585 4226 1621 4284 ab
1644 4226 1718 4300 ipsis
1746 4226 1797 4283 bc·

810 4352 912 4415 Varie
928 4352 1078 4416 lectiones

121 4463 244 4522 “Ponit
265 4467 343 4523 hcm.
364 4467 443 4524 Ehcr.
480 4468 539 4523 tin.
569 4469 622 4525 nu.
655 4469 680 4524 l.
718 4469 740 4503 ⁸¹
769 4467 910 4542 Colligere
939 4469 1081 4526 debemus
1109 4468 1168 4525 Ver.
1205 4469 1227 4505 ⁸⁸
1258 4466 1293 4523 st
1323 4466 1446 4540 prolana
1473 4466 1576 4525 harere
1605 4468 1683 4524 lam.
1712 4467 1795 4527 ΝΜ

86 4537 168 4622 litor.
189 4538 286 4594 Veron.
338 4538 362 4574 ⁸⁸
375 4539 410 4594 Et
424 4537 449 4595 si
465 4540 516 4666 (Ξυί
546 4541 604 4630 t'sr²
619 4540 654 4596 Et
668 4540 693 4596 si
717 4540 837 4627 quidem
852 4557 980 4598 errorem
995 4545 1025 4597 et
1039 4538 1213 4623 pravitatem
1229 4537 1392 4607 reiioientes
1410 4538 1490 4596 Cori.
1543 4539 1565 4581 ⁷⁰
1576 4540 1611 4596 Et
1626 4540 1747 4599 unitatis
1770 4545 1800 4598 ot

88 4608 157 4665 Μαι
173 4608 233 4666 Ver.
258 4611 357 4667 Beneu-
374 4607 469 4680 ἑνότητ
490 4609 737 4673 <tenerrimae
753 4611 797 4666 καὶ
813 4608 955 4682 cindatos,
970 4611 1062 4670 Graeo.
1114 4613 1136 4648 Ἡ
1153 4612 1240 4667 Altos.
1251 4610 1315 4665 256.

810 4741 977 4804 Variomm
1000 4746 1095 4803 note.

88 4856 156 4929 post
170 4869 178 4910 :
193 4860 225 4910 ct
248 4856 389 4912 unitatem
415 4856 617 4927 manifestaret,
641 4857 759 4912 civitatis
790 4856 916 4930 ejusdem
931 4862 954 4927 Β
968 4877 1011 4911 ναι
1023 4853 1067 4911 καὶ
1083 4857 1165 4913 νοεῖν.
1182 4854 1299 4912 Fuscos.

86 4926 584 5001 orlpinemchanoincipienlemaaa
598 4929 913 5002 auctoritatediapcsntt.
1005 4929 1044 5001 (l)
1060 4932 1229 5002 Quocunque
1247 4927 1479 5001 aduersariiejcs
1508 4933 1535 4984 ct
1563 4926 1724 4986 antichristi
1749 4928 1799 4997 sa-

87 4997 236 5057 Pscianus
259 4998 346 5072 epist.
363 4999 464 5057 uitrici
483 5000 597 5055 Petram
618 5000 722 5056 locatus
752 5006 793 5057 est
821 5002 913 5058 Domi·
967 5002 1044 5058 dant
1059 4999 1215 5072 repudiare.
1230 5003 1293 5055 Non
1315 4999 1344 5054 id
1361 4998 1423 5055 vult
1445 5003 1477 5056 ut
1500 4998 1574 5056 nibil
1600 5000 1728 5056 lacerent
1748 5014 1797 5054 or-

87 5086 156 5129 nus:
172 5070 209 5127 cd
224 5086 311 5128 muns
321 5068 392 5139 ideo,
408 5079 439 5128 at
459 5072 596 5127 unitatem
622 5072 758 5158 [undaret
784 5089 820 5129 ce
848 5088 913 5129 nno.
968 5072 1089 5129 thodoxi
1101 5071 1177 5143 quod
1191 5069 1319 5128 heretici
1334 5069 1456 5128 faciant.
1474 5072 1506 5127 ln
1521 5070 1647 5143 epistola
1661 5068 1741 5126 enim
1761 5071 1797 5127 ad

86 5147 153 5202 Noe
167 5143 294 5215 idipsum
309 5143 339 5199 in
353 5158 496 5200 commune
508 5143 689 5215 precipiens,
706 5143 913 5200 Rrsasmus—
967 5143 1148 5201 Juhaianum
1168 5159 1235 5199 oum
1258 5143 1435 5214 objiceretur
1461 5143 1678 5199 Novistinnenses
1702 5140 1738 5197 nd
1758 5151 1798 5197 est

88 5213 132 5272 lta
145 5214 268 5283 omniuo
279 5230 328 5271 xxv
342 5213 410 5271 libri
425 5219 538 5271 veteres
550 5218 579 5271 et
593 5215 651 5271 duo
679 5213 792 5272 laudati
816 5233 833 5271 a
858 5215 912 5272 Pa·
967 5218 1107 5273 venientes
1122 5216 1261 5285 baptizare
1277 5214 1389 5278 solitos,
1416 5214 1582 5287 respondet,
1610 5214 1645 5270 ad
1661 5228 1710 5268 nos
1738 5229 1795 5269 non

88 5284 186 5343 melio.
202 5284 321 5344 Veteres
336 5285 480 5344 editiones
496 5286 605 5342 habent
616 5293 734 5359 petram.
759 5289 801 5344 lta
824 5287 912 5342 etium
967 5290 1108 5361 pertinere
1117 5285 1183 5359 qaid
1198 5286 1289 5343 hostes
1303 5287 1432 5344 sceleste
1445 5285 1566 5368 (omont.
1583 5284 1641 5342 Hoc
1658 5283 1714 5357 ipsi
1730 5302 1796 5357 pro-

88 5355 364 5417 cditioMorelliena
386 5361 489 5415 attres
514 5356 579 5413 libri
594 5362 716 5415 veteres.
748 5358 818 5414 Vide
848 5375 913 5430 que
974 5356 1463 5431 positumestutconllciat,nihtl
1491 5360 1797 5424 ratumesse,autex

89 5428 223 5487 insimili
236 5445 326 5486 causa
340 5432 524 5487 notatasunt
540 5445 629 5502 supra
643 5431 680 5486 ad
695 5429 850 5502 epistolum
866 5447 912 5500 ss,
963 5431 1032 5504 June
1047 5430 1152 5500 velere,
1169 5430 1245 5503 quod
1263 5428 1306 5485 illi
1323 5428 1461 5486 iecissent
1475 5429 1523 5502 qui
1536 5433 1619 5486 extra
1634 5428 1794 5486 Ecclesiam

90 5518 116 5574 p.
131 5502 195 5559 42⁸.
218 5500 366 5559 anunm.
965 5503 1065 5632 Basili.
1082 5503 1157 5570 Mox,
1169 5518 1221 5574 per
1234 5502 1331 5558 omnio
1346 5500 1449 5558 divine
1467 5503 1570 5571 pratioe
1592 5503 1791 5559 Sacramenta.

120 5574 187 5645 (98).
196 5574 338 5631 eccene.
348 5571 483 5630 Fortasse
502 5571 529 5628 le
551 5573 618 5630 end.
633 5573 735 5644 posuit.
753 5571 913 5645 Inpcctuor
991 5593 1029 5632 on
1043 5579 1159 5631 tantum
1177 5588 1228 5646 per
1242 5571 1473 5630 confirmationis
1488 5572 1593 5637 ritum,
1609 5576 1661 5630 aut
1682 5574 1795 5628 Eucha-

91 5644 299 5703 meterent
331 5644 431 5719 inqui
459 5589 554 5701 inoff.
584 5644 674 5703 Oxou.
700 5648 912 5714 memorantur,
966 5644 1798 5720 ristieadministrationem‚sedetiumbaptismium-ad

92 5716 279 5791 aautponla
341 5732 411 5775 urs.
965 5717 1124 5777 Ecclesiam
1138 5715 1235 5791 ipsam
1250 5716 1364 5775 aditum
1381 5714 1460 5775 lacit.
1476 5716 1597 5776 Fessus.

119 5786 176 5867 (99)
189 5786 331 5866 Collinas
341 5796 371 5849 ct
384 5786 572 5849 condecere.
586 5788 687 5848 Grsoa
699 5785 806 5859 amalo,
821 5784 909 5845 noval·
