3892 6104
107 291 184 356 lata
634 288 685 347 DE
708 283 1004 348 llAEllD'llCOllUM
1027 282 1278 344 sacristaniis
1730 279 1813 341 1460

108 430 241 482 mantum
256 440 291 480 ex
303 421 521 478 Donatistarum
537 420 652 476 silentio
668 422 856 491 dosuniptum
874 435 931 473 non
948 420 975 483 Α
989 416 1077 471 brata
1093 415 1216 472 luissent
1231 414 1335 471 saculo
1351 432 1393 485 iii,
1411 431 1466 470 non
1492 417 1652 487 potuerant
1677 416 1734 469 sab
1758 415 1814 470 iai-

108 513 236 585 stringit.
987 503 1061 559 llum
1079 504 1175 559 saculi
1187 523 1203 558 v
1215 504 1304 559 laissa
1320 503 1473 574 incognita
1485 503 1646 570 sirianis,
1661 503 1705 558 vel
1724 503 1749 558 si
1766 521 1816 559 aa·

146 603 178 659 R.
197 604 222 657 1.
239 601 316 674 Nego
333 604 361 657 et
377 599 441 655 illas
456 598 605 672 epistolas,
623 616 686 671 qna
701 597 844 668 theologis
860 598 933 667 dog·
988 591 1080 648 culov
1098 592 1193 647 adhuc
1210 593 1313 664 ignota
1329 593 1446 658 fuerint,
1464 609 1583 648 necasse
1604 596 1651 647 est
1667 596 1699 647 ut
1715 597 1817 664 postea

111 691 227 749 malicia
251 690 398 746 molestias
420 705 512 760 usque
537 688 593 743 huc
618 686 830 760 insuperabiles
856 702 934 740 crea·
990 681 1097 736 luerint
1112 682 1250 736 conficta.
1272 683 1323 736 ilat
1333 680 1438 736 saculo
1448 698 1474 748 v,
1490 681 1585 736 adhuc
1601 681 1710 752 ignota
1725 682 1815 749 luere,

111 790 188 848 runt,
203 798 265 836 esse
280 779 441 852 genuinum
464 777 556 832 sancti
579 777 680 832 Basilii
705 777 794 831 latum
811 777 877 846 (30).
895 774 935 828 De
990 775 1020 824 ut
1040 775 1115 841 patet
1130 788 1164 824 eii
1179 770 1294 825 silentio
1308 770 1537 835 Donatistarum
1558 787 1626 825 nam
1643 771 1817 825 Cresconius

112 871 283 927 illissermo
312 872 449 934 recurret,
480 866 664 922 n.90.lllodo
689 864 935 937 occiipeinurcir-
991 857 1819 929 nihilmeniinitdeepistoliisanctiFirmiliani,nihilda

113 977 147 1017 ca
161 957 313 1032 epistolam
327 956 565 1013 Firmiliaaicam.
583 955 696 1028 Igitur:
991 947 1111 1021 synodis
1128 948 1269 1003 laoniensi
1285 951 1315 1002 at
1328 946 1499 1019 Synadeusi,
1514 947 1544 1002 in
1560 947 1673 1018 quibus
1689 949 1817 1020 rebapti-

150 1049 184 1103 R.
200 1053 228 1102 2.
245 1048 387 1102 Transeat
402 1045 588 1116 antecedens,
601 1061 674 1117 ncgo
689 1042 935 1114 consequentiam.
991 1037 1065 1093 zatio
1081 1037 1149 1092 olim
1167 1037 1201 1092 ab
1218 1035 1417 1092 Orientalibus
1433 1036 1545 1092 sancita
1561 1036 1677 1092 luisset.

115 1135 249 1210 Epistola
269 1135 324 1190 illa
348 1133 505 1201 canonica,
528 1135 552 1189 si
577 1131 709 1206 genuina
735 1133 803 1200 sint,
821 1132 939 1186 luerunt
1028 1125 1102 1192 Quid
1124 1141 1191 1198 crgo
1215 1124 1412 1181 Cresconius?
1434 1126 1461 1180 1⁰
1477 1125 1648 1182 Provocavit
1671 1125 1708 1181 ad
1732 1129 1820 1198 Syno-

114 1226 216 1282 littera
232 1223 361 1296 privata,
378 1238 451 1293 quas
474 1221 596 1278 Basilius
612 1222 646 1277 ad
663 1224 798 1277 sanctum
814 1219 938 1292 Amphi·
994 1215 1064 1270 dum
1080 1214 1282 1269 sardicensem
1307 1229 1453 1280 assereus,
1469 1214 1546 1286 qaod
1572 1214 1707 1287 episcopi
1725 1214 1821 1271 Sardi·

116 1314 235 1371 lochum
260 1313 289 1366 in
311 1311 425 1368 Oriente
447 1311 617 1382 episcopum
642 1309 795 1367 exaravit:
817 1307 940 1382 epistola
993 1303 1090 1360 censis
1104 1302 1220 1358 concilii
1241 1303 1275 1358 ad
1294 1302 1438 1358 Donatum
1464 1301 1698 1374 rebaptizantem
1715 1308 1745 1358 et
1759 1306 1824 1360 Car·

117 1399 313 1459 Firmiliaaica
329 1400 382 1455 luit
407 1398 535 1471 publica,
552 1398 635 1470 quasi
661 1397 809 1471 synodica,
825 1398 940 1452 duobus
993 1392 1123 1464 thaginis
1138 1393 1307 1464 episcopum
1320 1392 1376 1464 (34)
1387 1391 1576 1464 scripsissent
1587 1392 1619 1447 in
1633 1393 1766 1449 levorem
1782 1411 1824 1449 re·

118 1489 250 1548 conciliis
269 1488 411 1544 iconiensi
428 1494 457 1544 et
471 1486 643 1560 Synodensi,
656 1493 688 1542 ut
702 1487 818 1557 dicitur,
831 1486 939 1554 innixa,
994 1479 1217 1553 baptizantium.
1229 1481 1262 1535 Et
1274 1481 1343 1553 qaia
1359 1479 1448 1536 nimis
1463 1485 1566 1536 notam
1582 1486 1659 1548 erat,
1670 1481 1824 1555 episcopos

119 1578 280 1635 directaad
297 1577 447 1632 universos
469 1577 569 1632 Africa
594 1575 941 1648 episcoposrcbaptizan·
995 1569 1183 1627 Sardicenscs
1211 1569 1448 1641 anabaptismum
1477 1570 1681 1637 abhorruisse,
1710 1576 1823 1628 Cresco·

119 1673 174 1739 tes,
199 1666 278 1722 edita
301 1665 379 1722 circa
402 1665 532 1721 madium
558 1664 655 1720 saculi
669 1681 710 1720 iii.
727 1664 791 1720 Hac
813 1664 903 1736 igitar
917 1664 941 1719 si
995 1659 1063 1715 nius
1077 1662 1107 1713 2ο
1122 1658 1234 1714 addidit
1249 1658 1364 1715 latendo
1383 1659 1480 1731 :quod
1506 1658 1550 1714 illi
1573 1659 1710 1732 episcopi
1726 1661 1825 1716 Sardi-

120 1772 251 1828 unquam
280 1771 345 1810 vere
373 1754 525 1826 exstiterit,
547 1754 623 1809 circa
649 1752 766 1808 initium
795 1751 893 1808 saculi
913 1769 941 1821 v,
958 1794 982 1858 B
997 1765 1098 1804 censes
1122 1764 1209 1803 suum
1235 1748 1270 1804 de
1293 1747 1520 1821 rebaptizatione
1544 1750 1701 1805 decretum
1729 1756 1826 1822 pastea

120 1844 265 1900 Africanis
280 1842 380 1915 ignota
396 1858 532 1898 essenon
549 1842 703 1914 potuisset.
998 1837 1204 1894 revocaverint.

158 1933 194 1990 Ut
208 1931 253 1989 vis
272 1931 438 2005 argumenti
462 1931 587 2003 negativi
612 1930 772 1986 evidentior
796 1933 945 2002 appareat,
1035 1926 1064 1982 S.
1081 1925 1265 1998 Augustinus
1283 1925 1341 1997 (35)
1363 1923 1405 1979 illi
1428 1924 1523 1998 primo
1539 1925 1695 1983 cresconii
1722 1933 1828 1985 asseno

122 2026 218 2080 status
247 2021 459 2092 controversia,
485 2025 627 2092 quantam
658 2019 716 2076 hac
746 2020 880 2092 pertinet,
910 2019 946 2075 ad
1001 2013 1640 2080 tidemadhiberedetreotavii‚mendacium
1663 2016 1830 2089 suspicatus

123 2115 251 2168 mentem
267 2111 447 2167 revocandus
460 2115 515 2168 est.
1001 2102 1045 2159 vel
1070 2102 1145 2174 idac,
1161 2125 1175 2152 ιι
1192 2102 1266 2174 qaod
1298 2103 1334 2158 ad
1361 2101 1544 2174 Carthaginis
1570 2104 1762 2176 episcopum,
1779 2107 1831 2162 lto·

156 2205 280 2257 Sanctus
294 2200 477 2273 Augustinus
493 2198 651 2254 Donatistis
666 2201 852 2269 opposuerat,
868 2213 947 2253 asse·
1002 2209 1089 2248 manc
1105 2191 1311 2264 pratermisso,
1334 2208 1484 2263 uunquam
1508 2191 1671 2249 Orientalis
1687 2194 1832 2251 catholica

121 2290 212 2347 rendo
226 2307 232 2346 :
245 2290 322 2362 quod
338 2293 382 2345 tot
404 2287 497 2343 millia
511 2286 823 2359 episcoporum,etiam
844 2286 946 2342 Orien·
1003 2281 1151 2336 scriberet.
1166 2303 1176 2332 ι
1191 2281 1386 2346 -Quomodo
1405 2280 1434 2336 S.
1448 2281 1634 2354 Augustinus
1650 2282 1716 2338 hac
1743 2286 1830 2340 Dana·

122 2378 206 2448 tales,
218 2377 420 2433 consentirent
441 2377 517 2432 circa
533 2375 659 2430 valorem
684 2375 824 2447 baptismi
839 2374 875 2430 ab
890 2374 948 2429 ha·
1001 2369 1081 2425 tislis
1096 2369 1200 2424 ldOd
1216 2370 1390 2442 respondere
1406 2385 1496 2425 ausas
1518 2370 1635 2437 luisset,
1653 2372 1681 2427 si
1699 2389 1751 2444 pro
1765 2377 1831 2429 tuac

122 2465 222 2522 reticis
249 2463 357 2531 collati,
371 2464 447 2536 quod
464 2480 530 2519 vera
552 2462 680 2520 Ecclesia
708 2463 748 2519 sit
776 2461 949 2523 universalis
1003 2458 1142 2531 synodica
1153 2458 1314 2513 Firmiliaui
1326 2459 1362 2513 ad
1375 2459 1550 2530 cyprianum
1565 2459 1830 2533 Carthaginensem

123 2571 175 2628 per
191 2558 284 2610 totuin
301 2553 400 2608 orbem
411 2552 529 2617 dillusa,
543 2553 619 2623 quod
636 2552 690 2607 soli
701 2551 857 2608 Donatista
871 2551 949 2609 intra
1003 2548 1172 2619 episcopum
1193 2547 1317 2619 epistola
1345 2547 1441 2616 modo,
1458 2551 1491 2603 at
1517 2548 1682 2605 adversarii
1710 2551 1829 2622 Jactant,

122 2643 249 2699 Africam
261 2641 391 2698 conclusi
403 2644 504 2696 contra
519 2640 662 2712 reliquam
674 2640 840 2696 universam
854 2640 948 2698 llccle-
1003 2641 1073 2693 nota
1088 2637 1215 2692 luisset?

124 2733 200 2788 siam
217 2729 465 2797 dcoerent,talem
483 2729 930 2800 baptismamesseinvalidum.
1040 2730 1097 2781 Nec
1126 2727 1220 2781 valeat
1245 2725 1384 2797 effugiam
1409 2725 1496 2781 Berlii
1520 2726 1579 2797 (36)
1601 2727 1831 2785 dicentis:idao

158 2819 331 2876 Cresconius
355 2818 474 2874 nomine
499 2817 717 2873 Donatistarum
734 2818 856 2885 latetur,
872 2817 949 2890 quod
1004 2814 1177 2871 Cresconius
1193 2831 1249 2870 non
1262 2814 1472 2887 provocavitad
1484 2814 1648 2887 Epistolam
1662 2816 1831 2883 Firmilisni,

123 2907 285 2964 orientales
304 2905 463 2980 (catholici)
478 2906 545 2977 (31),
557 2922 609 2977 pra
634 2909 704 2960 tunc
729 2905 848 2977 quideia
865 2906 950 2962 nobis
1005 2903 1076 2976 quia
1090 2903 1179 2974 hujus
1191 2920 1374 2960 successores
1389 2904 1537 2960 decretum
1555 2904 1592 2960 de
1608 2906 1831 2979 rebaptizatione

124 2999 228 3054 1⁴08
244 2996 356 3053 Latinis
380 2994 532 3052 catholicis
557 2994 775 3062 consenserint3
792 2996 842 3051 sed
862 2994 950 3051 simul
1006 2992 1197 3049 resciderunt.
1213 2993 1286 3048 Nam
1307 2994 1340 3049 R.
1357 2993 1458 3049 Nonne
1473 2997 1502 3049 et
1516 2994 1709 3052 Sardiceasls
1733 2997 1832 3052 latente

124 3085 247 3141 innectit
263 3102 287 3138 :s
301 3083 421 3156 Aliquot
436 3081 599 3139 Orientales
610 3082 678 3139 olim
689 3082 835 3154 judicium
847 3081 951 3139 tulisse
1006 3081 1160 3138 Crescoaio
1175 3081 1208 3136 N.
1227 3098 1311 3154 prac.
1330 3081 1533 3153 resipuerant?
1548 3082 1585 3137 Et
1598 3088 1704 3139 tanim
1720 3086 1756 3140 ad
1772 3085 1831 3140 Sar·

127 3192 178 3248 pro
195 3173 459 3246 rebaptizatione.»
966 3156 988 3224 (i
1007 3171 1151 3241 dicenses,
1167 3171 1202 3226 de
1217 3171 1323 3242 quibas
1338 3170 1459 3243 insuper
1477 3171 1606 3228 maxime
1620 3172 1750 3229 dubium
1765 3177 1831 3243 erat,

160 3265 284 3321 Sanctus
307 3260 489 3334 Augustinus
506 3261 620 3334 reponit
630 3261 687 3334 (32)
700 3278 706 3317 :
719 3284 732 3311 ιι
749 3260 779 3316 Si
795 3260 848 3317 hoc
868 3260 951 3333 judi·
1007 3275 1044 3315 an
1060 3275 1191 3330 unquam
1207 3258 1368 3315 Donatistis
1385 3259 1516 3327 laverint,
1532 3262 1708 3331 provocavit
1723 3264 1831 3318 Cresco·

124 3353 201 3409 cium
219 3352 255 3408 ab
272 3350 420 3423 aliquibus
436 3349 538 3422 paucis
554 3349 753 3405 Orientalibus
771 3351 881 3405 factum
897 3355 951 3419 est,
1007 3348 1091 3416 nius;
1122 3363 1174 3402 our
1201 3363 1269 3419 ergo
1297 3347 1327 3403 in
1356 3363 1445 3403 causa
1473 3354 1533 3403 tam
1551 3350 1713 3422 desperata
1740 3348 1832 3406 omisit

124 3441 340 3515 quodquidam
363 3439 494 3506 interest,
512 3443 611 3494 utrum
637 3438 731 3510 possit
744 3438 870 3509 ostendi,
887 3456 953 3511 pro·
1007 3436 1037 3491 S.
1054 3435 1214 3491 Firmiliani
1229 3435 1383 3508 epistolam
1408 3436 1463 3492 sibi
1490 3437 1563 3493 adeo
1588 3438 1788 3509 favorabilem,
1804 3443 1832 3494 at

124 3532 199 3587 lecto
211 3528 358 3601 judicium
375 3544 464 3583 suum
481 3533 667 3582 correxerunt
683 3528 750 3596 (33).
1007 3541 1041 3580 ea
1056 3523 1119 3580 sola
1132 3530 1160 3578 S.
1176 3525 1351 3596 augustino,
1363 3529 1392 3580 et
1406 3522 1544 3581 omnibus
1561 3525 1726 3584 Catholicis
1740 3528 1831 3583 lauces

163 3619 194 3672 ln
211 3616 266 3671 hac
293 3614 490 3672 controversia
505 3615 678 3670 Cresconius
702 3615 846 3687 potuisset
862 3619 891 3671 et
904 3616 953 3671 de·
1008 3614 1206 3686 constringere
1221 3612 1387 3685 potuisset?
1401 3613 1459 3669 Cur
1473 3613 1594 3669 omisit?
1616 3616 1695 3680 Quia
1710 3616 1832 3673 nondam

128 3706 242 3762 buissel
261 3704 388 3777 aliquam
412 3703 580 3775 episcopam
596 3703 774 3759 Orientalem
791 3703 953 3773 nominare,
1008 3704 1152 3758 exstabat.

126 3794 170 3852 vel
183 3793 286 3851 saltem
297 3807 452 3865 provocare
463 3792 498 3847 ad
509 3791 602 3847 sancti
613 3791 776 3847 Firmiliani
788 3791 952 3864 epistolam,
1047 3792 1069 3846 ll
1088 3790 1167 3846 Pars.
1185 3791 1265 3857 Quod
1291 3791 1350 3847 lata
1373 3789 1498 3863 epistola
1525 3793 1698 3864 composita
1725 3792 1836 3850 luerita

126 3882 169 3939 vel
185 3881 283 3956 potius
302 3881 339 3936 ad
354 3879 574 3952 copiosissimas
588 3880 714 3952 synodos
730 3880 910 3936 laoniensem
925 3885 955 3936 et
1011 3879 1171 3937 Donatistis
1186 3881 1252 3951 (37),
1268 3885 1339 3952 pata
1364 3879 1563 3952 colligendam
1588 3898 1626 3937 ex
1651 3884 1835 3955 sequentibus

127 3970 328 4044 Synadensem
339 3970 367 4024 iu
378 3985 412 4024 ea
422 3968 570 4036 laudatas;
581 3967 605 4024 si
614 3967 692 4024 enim
705 3969 765 4024 hac
774 3985 872 4025 revera
881 3970 954 4026 cele·
1010 3968 1098 4026 simul
1115 3969 1242 4041 sumptis
1256 3986 1263 4024 :

166 4113 222 4182 (30)
240 4112 375 4177 Quadam
397 4128 430 4167 eii
454 4110 514 4166 illis
542 4115 676 4182 excerpta
700 4111 790 4167 videri
819 4117 957 4182 poterant
1009 4112 1083 4167 tales
1097 4111 1165 4167 olim
1183 4110 1327 4178 indiciam
1348 4110 1497 4176 tulissent,
1512 4127 1566 4182 pro
1587 4112 1833 4184 rebaptizationel

128 4185 206 4256 apud
218 4184 354 4239 Tourneli
369 4183 610 4239 deSacramentis
622 4183 651 4238 in
662 4198 767 4253 genere
785 4200 851 4254 q.v‚
863 4189 955 4250 art.2;
1046 4185 1102 4254 (34)
1114 4167 1288 4254 Carthagine
1312 4185 1389 4239 circa
1413 4198 1523 4238 annum
1548 4184 1614 4252 256,
1632 4185 1661 4239 S.
1679 4185 1834 4258 Cyprianus

126 4257 171 4312 vel
187 4255 265 4327 apud
293 4255 425 4310 Natalem
454 4256 489 4310 ad
519 4253 659 4310 sacalum
675 4271 718 4320 iii,
734 4228 777 4310 vel
807 4255 955 4311 Flourium
1011 4255 1066 4310 luit
1080 4254 1374 4326 episcopua;ibidem
1392 4260 1492 4335 postca
1506 4254 1585 4309 itirca
1597 4273 1714 4311 annam
1727 4257 1834 4312 aiano

129 4328 197 4383 ilict.
223 4325 301 4395 scot,
325 4325 377 4381 lib.
394 4343 462 4396 xvii,
485 4324 559 4397 §lin
577 4326 627 4398 qui
651 4342 700 4382 eas
724 4341 788 4382 esse
811 4326 955 4400 genuinas
1011 4327 1195 4396 nataslqaod
1212 4340 1316 4380 nomen
1332 4324 1465 4397 pluribus
1481 4325 1617 4398 adhaesit)
1632 4344 1719 4384 suam
1734 4327 1834 4399 incepit

129 4397 290 4454 credidere.
1010 4396 1143 4452 harosiu.
1159 4397 1293 4469 Synodus
1308 4397 1490 4452 Sardicensis
1510 4395 1661 4454 celebrata
1686 4400 1743 4454 luit
1764 4416 1832 4454 anno

165 4470 221 4540 (31)
236 4474 274 4524 De
289 4466 446 4524 Catholicis
469 4483 565 4523 sermo
587 4471 663 4533 eral;
681 4468 786 4540 puduit
801 4468 878 4525 enim
899 4473 953 4523 Do·
1010 4469 1070 4523 3i7.
1086 4469 1158 4522 Huic
1173 4469 1305 4523 interfuit
1319 4468 1436 4534 Gratus,
1451 4467 1610 4540 episcopus
1626 4470 1833 4543 Carthaginen-

130 4541 254 4596 natistas
270 4554 424 4612 provocare
448 4540 482 4593 ad
504 4538 689 4610 Novstiaacs‚
705 4540 838 4605 Arianos,
861 4541 955 4596 Dano-
971 4525 994 4590 D
1010 4539 1050 4595 sis
1065 4537 1231 4594 Catholicae
1247 4540 1282 4593 ab
1306 4539 1408 4595 haresi
1431 4541 1681 4611 rebaptizantium
1696 4542 1833 4598 alienissi-

130 4612 256 4678 mianos,
272 4628 325 4665 ceu
341 4608 504 4665 declaratos
520 4611 548 4665 in
564 4609 680 4666 Oriente
695 4611 856 4667 hareticos.
1011 4627 1088 4666 mua.
1102 4611 1236 4692 Synodus
1252 4610 1303 4665 illa
1315 4611 1406 4666 scissa
1419 4611 1472 4666 luit
1487 4611 1516 4665 iii
1529 4612 1606 4668 duas
1619 4619 1734 4683 partes;
1751 4615 1834 4682 major

166 4683 224 4750 (32)
241 4682 269 4736 t.
287 4699 325 4743 iv,
341 4683 437 4736 contro
453 4681 638 4738 Crescentem.
1031 4699 1078 4737 ars
1095 4683 1221 4752 (circiter
1232 4683 1285 4736 300
1304 4683 1519 4754 episcoporum)
1536 4684 1657 4740 lucrant
1672 4684 1832 4741 Occidenta-

165 4753 222 4824 (33)
238 4753 405 4808 Notandum
431 4753 457 4806 1.
478 4753 555 4823 quod
571 4754 600 4808 S.
619 4757 722 4808 Doctor
747 4757 848 4808 contra
871 4752 955 4809 illum
1010 4699 1053 4808 ies
1068 4753 1213 4822 catholici,
1228 4753 1304 4808 inter
1326 4770 1399 4825 quos
1414 4759 1442 4810 et
1456 4753 1556 4826 pluras
1579 4755 1730 4822 Airicaai;
1746 4757 1832 4811 minor

130 4823 362 4880 Grammaticam
387 4824 547 4895 scripserit,
572 4841 630 4895 qua
654 4824 824 4896 episcopua;
850 4840 918 4896 ergo
939 4842 957 4881 a
1010 4842 1078 4897 pars
1095 4826 1149 4894 (70)
1163 4826 1275 4879 lucrant
1287 4823 1449 4881 Orientales
1464 4825 1614 4891 Africani,
1632 4828 1682 4898 qai
1699 4827 1773 4882 Phili
1794 4827 1832 4896 pis

129 4901 260 4966 tempore
284 4896 313 4950 S.
330 4894 471 4965 Stephani
501 4896 665 4967 usquedum
691 4897 753 4965 jam
784 4897 957 4951 olllnxarnnt
1011 4896 1178 4965 congregati
1194 4895 1329 4950 similiter
1343 4896 1496 4968 epistolam
1512 4897 1762 4955 nomineconcilii

128 4969 196 5022 anni
213 4967 328 5023 circiter
344 4967 409 5030 l50;
427 4967 537 5022 interea
557 4971 615 5022 tem
638 4967 696 5022 oris
722 4967 882 5023 iuuumera
908 4985 954 5039 sy·
1010 4968 1137 5022 dioensis
1155 4966 1391 5036 publicaverunt;
1407 4975 1462 5034 ast,
1479 4968 1557 5038 quod
1573 4967 1619 5024 vel
1642 4970 1702 5026 liac
1718 4968 1830 5043 epistola

130 5039 198 5093 nodi
214 5042 319 5111 prater
340 5036 497 5093 concilium
513 4985 648 5109 generale
670 5037 818 5094 Nicanam
834 5055 954 5108 congre·
1011 5039 1172 5094 Donatistis
1191 5038 1290 5109 aliquo
1307 5041 1392 5093 modo
1408 5043 1518 5105 laverit,
1537 5041 1687 5098 nonsatis
1714 5045 1828 5096 constat.

129 5116 202 5181 gata
225 5113 349 5176 lucrant,
366 5110 395 5163 ia
413 5110 521 5180 quibas
536 5109 696 5165 Orientales
712 5115 740 5164 et
755 5109 956 5166 Occidoatales
1010 5111 1173 5164 videantur
1196 5110 1302 5175 Fleuri,
1327 5110 1346 5165 l.
1372 5127 1439 5175 xvii,
1455 5127 1552 5176 xxxiv,
1568 5115 1598 5166 at
1613 5129 1668 5176 aa:
1693 5113 1827 5176 Socratas,

129 5186 333 5237 convenerant.
344 5182 371 5235 2.
384 5181 463 5245 Quod
481 5183 510 5235 S.
524 5181 688 5251 Augustino
703 5197 790 5250 opera
805 5180 835 5235 S.
853 5181 953 5235 basilii
1011 5181 1030 5236 l.
1047 5198 1079 5245 ii,
1096 5197 1121 5236 c.
1136 5182 1172 5234 20
1188 5198 1195 5236 :
1212 5182 1402 5249 Sozomenas,
1419 5181 1438 5237 1.
1454 5199 1497 5253 iii,
1515 5199 1541 5238 c.
1559 5184 1606 5252 113
1625 5184 1828 5250 Theodoretus,

129 5253 226 5326 Magni
242 5266 269 5308 ot
296 5253 410 5308 llusebii
436 5253 622 5308 Caesariensis
637 5251 829 5308 Orientalium
854 5253 952 5323 ignota
1010 5252 1029 5306 l.
1047 5269 1076 5317 ii,
1094 5269 1118 5306 c.
1134 5255 1161 5306 2.

129 5341 185 5379 non
203 5325 326 5391 suerint;
343 5323 423 5379 illius
438 5325 525 5378 verba
540 5322 674 5378 formalia
689 5323 796 5394 quibus
812 5325 954 5380 asseritur
1046 5324 1100 5393 (35)
1116 5324 1148 5378 L.
1167 5340 1196 5377 ιι.

124 5394 272 5463 jejunium
288 5411 323 5450 ex
343 5394 478 5478 paradiso
504 5395 647 5465 originem
672 5395 787 5463 habere,
812 5395 952 5464 adduxit3
1045 5396 1104 5465 (36)
1119 5395 1149 5449 L.
1166 5410 1189 5448 c.
1208 5411 1236 5448 u.
1252 5395 1280 5449 0.

129 5465 218 5533 hujus
248 5466 400 5521 historiam
428 5466 655 5523 ecclesiasticam
676 5481 707 5521 se
726 5466 949 5537 diligentissime
1045 5466 1101 5532 (37)
1121 5466 1276 5520 Donatista
1292 5464 1744 5536 posteaetltrianicouloedarati
1758 5468 1827 5523 lasis

128 5541 343 5607 perscrutatum
359 5539 448 5593 luisse
473 5541 577 5594 asserit
601 5538 629 5593 in
646 5538 665 5591 l.
681 5537 715 5592 de
738 5538 899 5593 flavescam.
917 5539 950 5592 at
1010 5544 1109 5592 coiitrn
1133 5536 1306 5604 Catholicae,
1324 5537 1348 5592 si
1369 5537 1436 5609 quis
1460 5544 1557 5594 certus
1580 5539 1716 5612 evicerit,
1730 5540 1826 5613 episto-

128 5623 204 5674 ecoe,
222 5605 290 5661 huic
304 5612 331 5662 S.
349 5611 513 5681 Augustino
531 5611 662 5683 ignotum
679 5615 749 5680 erat,
762 5610 839 5681 qaod
850 5609 951 5665 Orien·
1009 5607 1232 5681 lamaquodam
1241 5608 1347 5667 briano
1359 5609 1449 5667 luisse
1459 5609 1698 5680 incusamusa
1710 5612 1826 5670 inultam
