3892 6104
91 184 129 248 ΩΙ
664 190 888 260 PBRPETUAE
908 194 960 258 ΕΤ
980 191 1237 261 subintretis
1765 196 1805 279 22

92 318 162 376 dies
179 317 340 393 recipimur
352 321 383 378 in
398 323 656 398 cmcereml25),et
670 326 770 399 expavi
782 328 924 400 (26)‚quia
938 331 1150 412 Amaoerabar
1177 327 1374 385 sollicitudine
1402 326 1525 387 infautia
1555 327 1622 403 (31).
1662 328 1705 387 Ibi
1734 333 1804 390 tuuc

93 409 145 465 21
164 426 320 483 nunqnam
336 415 454 483 experta
468 429 549 470 eram
577 411 651 469 tales
666 415 801 471 tenebras
816 415 883 488 (27).
900 415 923 474 0
979 417 1093 474 Tertius
1108 422 1136 473 et
1151 417 1341 490 Pomponius,
1360 417 1505 474 benedicti
1521 418 1656 475 dlacones
1671 418 1738 494 (32),
1749 416 1801 493 qul

93 497 174 553 diem
192 515 330 572 asperum
348 499 355 555 l
372 505 462 557 astus
476 502 532 575 (28)
551 501 663 560 validos
679 503 689 539 Ι
704 503 855 561 turbarum
872 506 921 562 be·
978 506 1062 561 nobis
1078 505 1284 562 ministrabant
1299 505 1355 578 (33)
1378 507 1594 563 constituerunt
1609 507 1728 580 premio
1742 506 1801 582 (st)

92 587 204 644 neiicio
220 588 276 662 (29)
296 605 481 647 concussura
510 590 637 649 militum
666 591 722 667 (38)
740 608 747 648 ε
764 593 923 651 novissime
978 595 1127 667 alpensis
1142 593 1528 666 horisemissi,inmsliorcm
1539 595 1800 657 catecumenos

807 719 912 784 Varia
926 718 1087 783 lectiones.

126 822 139 864 ⁸
152 818 281 876 validus
295 821 416 879 ΙΙοΙεΙοιι.

805 927 973 991 variorum
986 935 1082 991 notae.

90 1037 297 1087 sarmentorum
314 1046 501 1103 aspanorum
514 1046 626 1104 periere,
640 1031 736 1104 fideet
750 1033 918 1106 uirtutepo·
972 1050 1051 1090 caua
1070 1033 1201 1091 ecclesia
1228 1039 1393 1107 agnoscunt
1420 1036 1499 1118 apud
1523 1035 1694 1105 anebinm,
1723 1036 1793 1093 Birt.

89 1104 200 1160 tientioe
232 1101 387 1172 erierendc.
404 1103 508 1159 Housr.
972 1107 1043 1163 Bccl.
1060 1105 1112 1160 lib.
1128 1123 1156 1161 v.
1173 1122 1237 1178 cap.
1251 1113 1275 1160 Ι.
1301 1105 1347 1163 his
1370 1107 1467 1162 verbis
1482 1124 1492 1161 .·
1507 1106 1563 1162 'ile
1589 1105 1657 1160 κατὰ
1674 1106 1724 1174 τὴν
1739 1106 1793 1182 etp·
1893 1150 1896 1157 .

126 1176 184 1255 (25)
207 1119 420 1256 Recipimttrin
448 1190 594 1230 carcerem.
620 1177 706 1230 Gesla
734 1175 917 1248 purgationis
970 1177 1037 1245 κτὴν
1053 1175 1079 1230 ἐν
1095 1179 1134 1230 τῖο
1150 1175 1240 1230 σκότει
1259 1176 1303 1229 καί
1328 1180 1368 1231 τῶ
1392 1175 1582 1252 χαλεπωτάτῳ
1606 1175 1702 1251 χωρίῳ
1726 1197 1791 1253 σογ-

90 1243 409 1303 CaecrliantetFehcls.
446 1261 493 1318 ag.
516 1245 747 1318 279‚rectpiatar
770 1248 799 1302 in
825 1264 916 1304 carce·
969 1244 1098 1317 κλείσεις,
1123 1245 1202 1302 ὣοτει
1225 1247 1405 1323 ἀποπνιγῆναι
1428 1246 1493 1310 τοὺς
1517 1247 1661 1310 πλείστους
1682 1250 1718 1322 τῇ
1734 1247 1790 1323 elp-

91 1332 161 1372 rem.
178 1317 225 1372 lta
239 1315 405 1397 Passioss.
422 1261 528 1385 Batia,
545 1317 757 1401 Saturniam,
792 1320 913 1391 ag.290:
969 1321 1030 1392 κτῇ.
1047 1320 1106 1376 Hoc
1121 1324 1166 1376 est
1182 1338 1189 1376 :
1207 1320 1425 1392 Comtipotiones
1440 1323 1469 1376 iu
1484 1321 1624 1378 tenelroro
1646 1325 1791 1378 elerum·

88 1391 232 1460 Martyres
247 1387 349 1443 Christi
363 1395 505 1458 exoptatus
518 1402 610 1444 carcer
628 1393 742 1461 recepit.
771 1335 915 1463 sslpianus
968 1393 1113 1448 norunmo
1128 1391 1184 1446 loco
1199 1392 1276 1460 tales,
1291 1400 1322 1447 ut
1336 1392 1461 1463 plerique
1469 1393 1789 1465 suffocarenturdiorsr.

90 1459 147 1531 teg.
165 1461 177 1514 i
195 1458 239 1521 ll..
255 1458 295 1514 Be
310 1459 444 1515 custodia
456 1475 573 1516 reorum
591 1476 598 1517 :
615 1464 655 1516 De
666 1459 788 1516 custodia
802 1477 915 1517 reorum
1004 1463 1059 1533 (29)
1072 1461 1226 1519 Tartarum
1241 1463 1378 1532 beneficio,
1394 1467 1454 1519 Ηοο
1477 1474 1533 1532 est,
1556 1472 1669 1536 propter
1681 1464 1789 1530 turtur,

87 1531 238 1600 proconsul
252 1532 393 1587 estimare
406 1531 484 1596 solet,
499 1535 594 1586 utrum
617 1534 649 1587 in
675 1547 814 1587 carcerem
841 1535 912 1589 reci·
967 1531 1010 1588 rel
1021 1533 1229 1589 multitudinem
1242 1533 1395 1590 lominum.
1413 1535 1590 1592 Gracismns
1614 1547 1723 1602 merus,
1739 1537 1789 1588 τοῦ

86 1601 194 1674 pianda
208 1603 433 1673 cupersanensi
446 1603 535 1658 militi
561 1602 759 1668 tradendara
773 1603 913 1675 fidejusso-
966 1596 1055 1678 ὄχλου
1071 1605 1109 1678 χά
1130 1623 1163 1667 p.
1180 1606 1224 1660 lta
1235 1621 1301 1660 mox
1317 1623 1325 1661 ι
1340 1606 1392 1663 liei
1411 1606 1548 1679 lmeficic,
1574 1607 1629 1663 boo
1652 1609 1707 1678 est,
1732 1607 1788 1664 mei

87 1675 171 1728 ribus
185 1672 384 1740 committendo,
400 1673 442 1729 ael
464 1675 550 1729 etium
571 1675 635 1730 sili.
665 1676 719 1730 ΙΙοο
746 1679 843 1731 autem
869 1675 912 1731 vel
964 1690 1061 1744 causa,
1077 1623 1243 1747 vespropter
1256 1693 1307 1732 me.
1324 1682 1428 1733 Boasr.

85 1760 140 1816 pro
154 1745 280 1799 criminis
305 1744 377 1816 quod
406 1745 535 1815 objicitur
561 1747 702 1817 qualitate,
731 1747 775 1802 uel
800 1751 912 1818 propter
1000 1749 1056 1819 (30)
1072 1748 1253 1804 Concuscurae
1266 1748 1398 1804 militum.
1413 1747 1535 1803 Videtur
1549 1747 1715 1816 significare
1729 1747 1785 1804 im·

86 1818 220 1872 bonorem
241 1824 289 1871 cut
319 1815 507 1887 amplissimos
528 1819 685 1886 incultam,
710 1832 760 1889 pro
782 1819 910 1874 innocen-
964 1816 1067 1887 pulsus
1082 1819 1157 1874 leros
1186 1819 1424 1876 contrudentium
1452 1835 1517 1875 reos
1545 1818 1685 1887 militum,
1730 1836 1784 1876 nos

86 1892 131 1942 tm
143 1902 275 1957 parona,
291 1888 335 1942 uel
356 1903 409 1968 ¹pro
433 1888 463 1943 di
501 1889 566 1944 itote
592 1889 651 1959 ejus
677 1890 728 1960 qui
752 1898 908 1958 malcolm,
963 1886 1082 1961 ὠθισμὸν
1102 1890 1258 1962 Procopius
1270 1895 1353 1947 vocat
1367 1891 1560 1948 Basorconae
1570 1906 1636 1963 pag.
1653 1835 1785 1946 ultffiota

86 1958 259 2028 succremlet
273 1958 339 2014 liae
354 1958 395 2013 rbi
411 1976 452 2026 ;a
487 1975 577 2026 quam
592 1959 685 2033 legem
710 1961 909 2019 eruditissime
962 1966 1060 2017 autem
1076 1960 1202 2017 militum
1218 1961 1343 2018 barbara
1357 1962 1455 2018 teritos
1470 1961 1499 2017 iu
1513 1963 1637 2027 vinctos,
1646 1961 1734 2017 etiam
1750 1961 1780 2018 S.

86 2030 121 2086 dc
136 2029 338 2086 custodiarum
356 2030 523 2087 diversitate
537 2031 656 2104 scripsit
666 2031 823 2088 Baevardus
838 2036 907 2089 Var.
962 2032 1065 2105 Ignatii
1085 2032 1276 2101 testimouio;
1315 2033 1344 2089 ui
1369 2037 1521 2106 propterea
1548 2032 1701 2106 leopardos
1729 2047 1780 2089 eos

83 2101 159 2157 ieet.
176 2100 199 2156 l.
215 2101 265 2168 ΙΙΙ,
281 2118 344 2172 cap.
361 2103 405 2157 12.
423 2103 525 2157 lloasr.
918 2114 943 2181 Β
958 2109 1050 2170 vocat,
1067 2109 1096 2160 et
1122 2104 1261 2160 beneficio
1286 2120 1301 2160 e
1323 2105 1399 2161 erari
1422 2104 1525 2161 scribit
1553 2105 1589 2160 ad
1619 2103 1777 2160 Romanos.

113 2173 173 2246 (26)
189 2176 224 2229 ΙΙΙ
236 2174 345 2243 sapori,
362 2179 417 2228 ete.
432 2172 520 2230 Vides
548 2174 631 2229 ulad
652 2173 776 2230 carceris
802 2174 904 2232 horro-
958 2175 1046 2232 Porro
1062 2176 1098 2231 iis
1113 2192 1171 2231 non
1187 2175 1283 2231 solnm
1298 2176 1439 2232 custodia
1467 2191 1579 2231 meroes
1601 2175 1779 2242 solvebatur,

79 2260 140 2300 rem
155 2244 306 2314 expaverit
320 2244 560 2300 constantissima
575 2248 694 2317 martyr,
711 2262 774 2316 qna
790 2251 905 2302 senten·
958 2248 1009 2303 sed
1024 2246 1101 2303 ultro
1117 2247 1314 2303 alienabantur
1325 2248 1412 2313 dona,
1433 2251 1465 2302 nt
1495 2246 1597 2304 mitius
1624 2242 1780 2319 lebinsqns

79 2316 149 2370 tiam
175 2316 371 2387 praeamantis,
399 2321 427 2371 et
451 2320 575 2372 mortem
601 2316 707 2389 ipsam,
727 2333 784 2372 non
807 2317 903 2374 solum
957 2322 1158 2392 ugereutcum
1180 2319 1295 2387 vinclis,
1320 2335 1384 2390 qua
1409 2319 1551 2375 mercedis
1574 2322 1694 2374 extorta
1716 2317 1781 2374 loco

77 2386 363 2458 tortietintrepido,
394 2387 545 2444 sedbilari
569 2388 903 2461 quoqneanimopaulo
957 2394 1066 2446 essent.
1097 2391 1140 2445 lla
1168 2391 1282 2446 conara.
1312 2391 1500 2461 Apostolorum
1538 2390 1588 2445 lib.
1616 2407 1643 2458 v,
1672 2405 1736 2462 cap.
1754 2390 1781 2457 l,

78 2464 146 2530 pust
176 2458 408 2540 excepit.Unde
442 2463 561 2530 apparet
588 2459 712 2515 carceris
741 2459 901 2526 molestias,
957 2461 1157 2533 eleemosynas
1172 2461 1333 2533 designatis
1350 2462 1526 2534 martyribus
1548 2461 1721 2517 submittere
1731 2462 1782 2533 ju-

98 2529 370 2585 raaxercitamenta
392 2530 481 2585 futuri
507 2530 638 2602 martyrii
673 2531 774 2596 luisse,
799 2536 838 2598 et,
871 2535 903 2587 nl
957 2533 1127 2599 bent,elad
1146 2531 1692 2604 victumipsorum,etadsolreudum
1709 2548 1783 2588 mer·

78 2547 199 2656 Eusebii
226 2616 296 2656 soce
318 2605 396 2667 utar,
424 2599 686 2674 κροκαταικίσματα.
716 2618 903 2673 quaecorpus
957 2605 1058 2660 cedem
1074 2603 1227 2671 militibus,
1245 2604 1417 2660 utalleveut
1435 2620 1520 2660 suso
1542 2607 1782 2676 era,curentque

77 2677 105 2728 et
118 2673 257 2727 animum
273 2671 417 2753 malorum
433 2688 488 2729 usn
503 2689 536 2729 ao
556 2672 768 2729 consuetudine
782 2675 818 2728 ad
834 2691 903 2745 sup·
956 2675 1081 2742 vinctos,
1097 2675 1152 2730 hoo
1167 2675 1365 2744 esl,savltiam
1382 2675 1412 2731 in
1428 2691 1477 2731 eos
1488 2620 1606 2732 sofitam
1616 2675 1780 2746 remittant,

78 2742 233 2816 plioiurnm
252 2748 412 2814 mortisque
428 2743 597 2815 patientiam
611 2744 780 2800 solidarent.
797 2745 901 2801 liousr.
956 2741 1009 2816 lia,
1027 2740 1089 2800 ὅσον
1105 2744 1145 2823 ἐφ’
1159 2744 1234 2817 ὑμῖν,
1252 2747 1290 2819 με)
1307 2740 1436 2815 elideret
1459 2746 1474 2800 ὁ
1502 2744 1634 2822 μακάριος
1663 2742 1782 2822 ἀδελφὸς

111 2816 177 2940 (27)
188 2816 265 2870 Tales
276 2815 413 2878 tenelrar,
424 2815 685 2883 Tertullianus,lib.
702 2817 741 2871 ld
751 2821 900 2888 martyres,
957 2816 1051 2889 ὑμῶιε
1068 2821 1097 2872 ut
1117 2825 1251 2889 quantum
1279 2820 1309 2873 iu
1336 2818 1412 2874 rolris
1441 2821 1490 2886 est,
1519 2833 1576 2873 uun
1603 2820 1780 2874 emautur

77 2902 140 2959 cap.
193 2902 201 2941 ι
215 2886 305 2941 liutet
319 2887 441 2943 tenetras
454 2902 559 2951 carcer,
574 2888 621 2943 sed
635 2888 728 2943 lumen
747 2889 812 2943 estis
837 2889 901 2959 ipsi.
956 2888 1050 2945 beatur
1063 2891 1152 2960 irater
1165 2892 1252 2943 vester
1266 2906 1276 2942 .·
1292 2888 1347 2944 boo
1361 2893 1407 2944 est
1421 2888 1456 2943 ad
1472 2889 1653 2944 vexationem
1668 2894 1697 2943 et
1709 2903 1779 2943 cou-

76 2957 521 3022 immurmuraverant
538 2959 592 3013 Beo
621 2961 696 3014 estis.
726 2959 815 3014 Triste
843 2960 902 3015 illic
956 2975 1111 3015 caesuram
1127 2958 1327 3014 redimendam
1344 2977 1351 3028 ;
1367 2954 1459 3030 θλίψις
1475 2957 1553 3013 euim
1574 2958 1718 3029 hocloco,
1734 2961 1780 3014 est

75 3030 215 3101 cespitat,
230 3029 279 3084 scd
290 3044 336 3084 vos
349 3028 415 3085 odor
428 3032 493 3085 estu
507 3031 664 3085 suauitatis.
672 3031 754 3096 Quod
769 3030 902 3086 imitatus
955 3045 1126 3088 concussum.
1144 3033 1243 3085 Horon.
1275 3092 1283 3105 .

76 3099 108 3155 B.
125 3101 302 3173 Cyprianus,
317 3100 403 3172 epist.
419 3117 513 3165 arm,
536 3100 681 3157 Bleatum
708 3101 813 3170 iuquit,
842 3117 902 3156 rar·
991 3103 1047 3174 (31)
1063 3103 1213 3157 Nouissime
1239 3100 1402 3156 maceratur
1428 3098 1622 3157 sollicitudine
1650 3099 1777 3171 talantii.

74 3187 174 3228 aerem.
189 3188 273 3243 quem
287 3172 438 3228 illustrauit
452 3179 539 3228 uestro
551 3175 701 3244 prasentia
717 3177 726 3226 t
741 3173 761 3230 0
774 3173 902 3228 tenebras
955 3172 1080 3247 Blegaus
1096 3172 1392 3228 admodumetnativa
1398 3171 1522 3227 materni
1531 3172 1653 3228 affectus
1662 3185 1780 3253 expres·

75 3243 224 3298 lucidiores
246 3245 303 3298 sole
325 3246 393 3313 ipso,
421 3251 446 3299 et
469 3244 529 3298 luce
553 3244 605 3300 leae
624 3243 723 3299 mundi
744 3243 899 3300 clariores!
956 3245 1118 3315 sio;oans
1133 3243 1265 3316 exemplo
1282 3245 1357 3299 Baua
1371 3244 1434 3314 ipse
1448 3242 1479 3298 in
1494 3259 1548 3299 ana
1562 3258 1632 3316 erga
1647 3258 1700 3299 nos
1715 3256 1778 3314 pre·

75 3314 290 3380 Tertullianus,
308 3312 361 3370 lib.
377 3316 414 3371 lle
427 3319 572 3371 resurrect.
598 3331 688 3384 curn,
712 3331 776 3387 cap.
792 3318 809 3372 8
825 3332 832 3371 :
848 3315 902 3386 Ape
955 3319 1015 3372 tate
1027 3316 1217 3371 contestando
1230 3315 1333 3370 utitur.
1350 3318 1452 3371 Hosar.

74 3385 423 3513 ΙΙΙΙΙΙΙΙΙΙΙ
438 3386 535 3469 ΙΙΙ
549 3387 645 3513 ΙΙΙ
669 3403 733 3513 ΙΙ
755 3389 784 3442 Ι
808 3402 900 3470 ΙΙ·
991 3387 1048 3513 ΙΙ
1077 3382 1778 3512 iiiiiiiteratisittiitiiiti

74 3473 236 3595 musalms
255 3473 360 3599 ιιίιίιίιῖο,
387 3473 522 3601 pagam?
537 3473 705 3586 οοίίίιίίιιοίίοι
723 3473 939 3584 ιίιίοίίίίιίννίίο
958 3474 1148 3601 ἓξροίίῐίοοετ
1173 3527 1285 3610 notior⁸
1319 3473 1384 3583 odie
1408 3500 1514 3608 lingna
1540 3471 1644 3608 listina
1664 3495 1779 3608 uulgari

81 3616 167 3655 omno
186 3602 234 3672 qui
320 3600 420 3668 litero,
448 3602 546 3673 quippe
568 3602 636 3671 ipris
657 3603 742 3656 etium
765 3601 902 3657 cubilitus
956 3617 1045 3672 quam
1062 3615 1211 3655 commuur
1237 3598 1536 3655 latrnaetderrvatom
1559 3614 1589 3653 ru
1613 3597 1780 3653 Africanam

76 3672 182 3737 oimtc,
199 3673 319 3743 ipsisque
331 3673 489 3728 stramentis
505 3672 655 3728 lancinata.
683 3672 794 3727 bibenti
817 3672 903 3743 plane
956 3672 1131 3729 latinitatem
1148 3671 1221 3726 lortc
1242 3670 1388 3743 eSyriaco
1413 3675 1463 3725 ant
1487 3671 1603 3725 llebrao
1632 3683 1778 3737 sermone,

77 3739 208 3814 insignis
232 3741 315 3797 locus
338 3747 384 3798 est
409 3742 438 3798 in
462 3743 539 3799 Orat.
567 3747 609 3799 De
632 3743 755 3800 untedio
781 3759 901 3810 reorum,
957 3760 1015 3816 qno
1031 3743 1116 3813 prisci
1127 3742 1204 3816 Tyrii
1217 3758 1250 3797 ao
1260 3741 1340 3797 Poeni
1354 3739 1709 3814 Carthaginisooloni,aut
1719 3756 1778 3795 non

76 3813 221 3885 nuperin
246 3812 340 3868 lucem
364 3812 486 3886 prolata,
513 3830 571 3887 qno
593 3816 902 3871 commentariensium
957 3811 1781 3886 multumdiversoutebantur.SyrornmenimacHebraeo·

76 3884 298 3955 improbitatem
321 3889 350 3940 et
369 3886 519 3941 avaritiam
545 3885 695 3957 describit,
717 3884 766 3955 qui
796 3902 902 3957 magno
957 3903 1022 3943 rum
1034 3891 1078 3941 est
1090 3885 1227 3941 Benedicti
1236 3885 1409 3956 adjunctum
1420 3885 1454 3938 ad
1468 3883 1518 3939 Dei
1529 3883 1779 3964 praesertimmen·

76 3955 172 4028 pretio
187 3956 234 4010 vix
250 3971 342 4011 unum
358 3955 497 4028 lychnum
514 3957 720 4013 concedebant.
730 3957 800 4026 lijus
815 3957 904 4014 verba
957 3958 1067 4015 tionem
1083 3960 1273 4027 apponerent
1288 3955 1376 4011 babes
1388 3954 1624 4024 illuminamini
1634 3952 1777 4024 sapmsin

76 4025 167 4099 paulo
184 4031 251 4098 post
264 4027 448 4084 commodius
464 4028 657 4101 proferentur.
674 4028 777 4084 Hoasr.
957 4029 1025 4086 aliia
1039 4026 1261 4100 scripturis.Sed
1273 4031 1301 4082 st
1312 4027 1347 4082 ad
1363 4024 1616 4099 compellationem
1633 4025 1777 4080 bonorum

111 4099 174 4180 (28)
187 4097 492 4156 AEstusoriruraestus
502 4097 654 4156 illeexloci
668 4099 804 4171 angustia
814 4104 843 4154 et
855 4098 905 4154 ho·
958 4099 1113 4156 hominum
1131 4114 1138 4153 ι
1157 4098 1297 4154 Benedicti
1310 4113 1359 4153 nos
1373 4115 1390 4153 a
1405 4099 1530 4169 Bomino,
1546 4095 1653 4161 Psalm,
1670 4111 1778 4163 ωιτη

79 4185 199 4225 minum
215 4169 374 4243 turba‚qno
389 4170 498 4228 multos
513 4171 542 4224 in
558 4186 672 4226 carcere
683 4171 819 4226 suffocari
836 4186 905 4242 que·
960 4173 1003 4227 15.
1019 4172 1054 4226 Bt
1069 4168 1136 4225 alibi
1152 4184 1210 4225 nou
1226 4186 1301 4226 raro.
1326 4168 1526 4224 Tertullianus
1548 4167 1612 4239 ipso
1634 4165 1778 4240 principio

75 4240 154 4296 ritur
168 4240 320 4307 bibacius,
337 4246 410 4297 orat.
428 4259 517 4313 qnam
533 4243 621 4297 modo
639 4243 698 4298 diri
715 4259 721 4298 :
738 4243 826 4314 idque
842 4258 904 4296 ma·
959 4242 1026 4299 libri
1044 4241 1238 4312 Admartqrer
1262 4239 1431 4311 designatos
1448 4257 1454 4296 :
1471 4239 1611 4295 Benedicti
1642 4243 1779 4307 martyres

77 4313 259 4385 gistratnum
275 4311 463 4385 negligentia.
480 4311 632 4370 ascribam
658 4315 756 4370 locum
784 4315 848 4382 ejus
871 4329 906 4368 ex
959 4319 1023 4369 biox
1039 4330 1045 4368 :
1063 4317 1096 4370 ln
1108 4314 1208 4385 primis
1220 4328 1284 4383 erqo
1300 4311 1436 4368 benedicti
1442 4312 1528 4367 nolite
1541 4311 1707 4364 contristare
1714 4309 1780 4390 Bpi·

78 4399 147 4455 ρος.
168 4384 215 4452 68,
246 4382 347 4439 leviter
367 4400 384 4439 a
403 4401 450 4440 me
476 4390 639 4442 correctum
663 4389 691 4442 et
719 4402 755 4440 ex
778 4383 905 4439 auctoris
959 4387 1047 4441 ritum
1066 4391 1202 4439 sanctum.
1228 4385 1263 4438 iit
1286 4399 1318 4438 oa
1343 4382 1491 4450 .2:Qacs
1518 4396 1564 4436 vos
1593 4378 1727 4435 bmediels
1749 4377 1781 4434 ae
1881 4452 1884 4457 Ι

79 4457 184 4509 mente
206 4469 395 4510 conversum:
421 4456 499 4510 Ὀταν
525 4453 571 4510 οὖν
597 4455 671 4510 οὗτοι
695 4453 837 4545 πέμπωσιν
862 4452 905 4508 ἐπὶ
959 4472 1071 4514 carcere
1086 4456 1116 4509 ia
1130 4454 1280 4509 custodiam
1300 4401 1410 4523 efferte
1434 4452 1581 4533 translator
1602 4451 1779 4535 sentimalis.

75 4522 114 4580 τὸ
146 4519 319 4600 δεσμωτήρια
359 4522 508 4602 φάλαγγας,
545 4522 678 4655 issaram
715 4523 744 4581 δε
774 4543 905 4606 efacere<
962 4527 1034 4584 ibid.
1052 4543 1059 4581 :
1074 4525 1209 4580 Slcnunc
1233 4523 1375 4591 Benedicti,
1399 4539 1495 4580 career
1515 4526 1601 4579 stram
1616 4521 1779 4578 cinctionis

77 4599 140 4657 τοῖς
163 4592 226 4669 περὶ
248 4594 337 4651 ἐκεῖνα
359 4594 390 4651 vd
415 4617 467 4666 οις,
492 4594 551 4653 ἐπ’ὄί
591 4619 633 4660 οις
661 4593 846 4672 διατρίὸωσιν,
869 4596 906 4658 ὡς
960 4594 1419 4666 moustus;etmoxoapitesset
1439 4596 1478 4651 Be
1500 4594 1577 4650 cultu
1598 4595 1779 4663 feninorum,
1856 4621 1857 4624 ¹

78 4667 121 4734 είή
152 4663 344 4744 φιλάνθρωποι
371 4616 493 4738 δίέαντες
522 4669 599 4741 εἶναι,
623 4668 665 4732 τίς
682 4667 907 4724 οὐκίίνᾶποπνι-
961 4670 1034 4726 libro
1052 4686 1082 4738 11,
1107 4665 1230 4722 seminas
1253 4665 1429 4721 christianas
1454 4666 1614 4723 Bertetlt'clat
1639 4663 1777 4738 appellat.

113 4737 162 4807 Ιη;
179 4737 240 4795 Ηοο
255 4743 300 4796 est
314 4756 321 4795 :
337 4739 405 4796 Cum
433 4757 495 4813 erqo
520 4744 698 4812 moqr'slratus
726 4743 776 4798 isti
800 4746 908 4796 turmas
962 4743 996 4797 lit
1011 4741 1085 4795 libro
1102 4738 1264 4808 praescript.
1283 4754 1290 4791 z
1306 4735 1360 4791 Sul
1375 4740 1531 4810 episcopatu
1555 4736 1712 4792 Eleutherii
1736 4735 1780 4791 te·

78 4758 228 4866 feminum
242 4811 273 4865 in
286 4812 400 4866 uinculo
414 4814 538 4877 mitani,
553 4822 635 4897 utque
664 4815 777 4869 interim
800 4812 904 4881 leqilrus
962 4812 1073 4868 aedisti.
1092 4812 1124 4863 Bt
1139 4807 1212 4891 libro
1229 4812 1269 4862 Be
1281 4808 1388 4863 echert.
1409 4816 1478 4864 cort.
1494 4809 1636 4865 Benedicti
1650 4807 1780 4887 Patriae·

80 4898 141 4956 qne
155 4896 190 4937 eo
204 4881 238 4937 dc
249 4897 281 4937 re
294 4883 361 4940 lotae
377 4885 451 4951 sunt,
467 4885 560 4940 ualere
573 4885 669 4958 jussis,
685 4888 761 4941 circu
775 4885 833 4940 ulia
848 4898 906 4938 oer-
921 4854 944 4919 D
959 4886 1019 4941 clrae
1032 4883 1075 4937 lta
1091 4881 1235 4936 Lucienus
1250 4880 1404 4935 Conlessor
1414 4880 1490 4950 apud
1501 4879 1778 4953 Cypriannmeprst.

78 4961 179 5010 rentur
195 4955 316 5024 neqotia,
341 4969 394 5025 quo
416 4955 563 5027 populares
587 4957 734 5012 uideantur
747 4974 758 5019 ,·
774 4957 835 5028 quis
848 4971 907 5008 uon
960 4972 1010 5026 ιιι,
1028 4954 1095 5010 Cum
1111 4951 1264 5008 lecelinus
1277 4957 1387 5022 martyr
1413 4951 1517 5005 Paulos
1542 4949 1633 5005 adliue
1660 4951 1690 5004 ia
1717 4961 1781 5028 cor·

79 5024 249 5097 suffocetur?
258 5023 407 5081 Lucienus
419 5043 536 5100 qnoque
545 5030 694 5083 contessor
704 5030 782 5098 apud
793 5025 906 5100 Cypria·
960 5042 1025 5100 pore
1038 5025 1154 5081 essctlb
1168 5022 1264 5078 clerus
1277 5022 1428 5077 Romanus
1442 5021 1519 5093 apud
1536 5021 1673 5076 eumdem
1690 5021 1778 5090 epist.

80 5113 166 5164 unm,
184 5111 230 5179 ep.
247 5097 437 5163 massadam
453 5097 576 5155 carceris
590 5100 741 5154 molestias
752 5099 798 5154 bis
811 5096 907 5153 verbis
962 5115 983 5153 n
999 5115 1006 5154 ι
1023 5096 1174 5153 Bidicimur
1191 5093 1362 5151 benedictum
1384 5108 1487 5165 popam
1516 5091 1685 5166 cyprianum
1697 5103 1782 5145 secer

81 5166 181 5224 obiter
193 5166 296 5223 itidem
312 5167 466 5234 restitutis,
486 5169 644 5226 describit:
660 5170 735 5226 lucri
758 5186 854 5225 sumas
868 5184 908 5224 sc·
961 5171 1038 5224 sisse.
1055 5172 1159 5223 Hoasr.

81 5238 206 5295 cundum
218 5242 583 5324 preceptumimperotoric,
599 5245 711 5314 tumeat
725 5243 773 5297 citi
788 5242 906 5296 enecari:
998 5239 1055 5307 (33)
1078 5240 1134 5308 Qui
1167 5237 1246 5293 natm
1274 5234 1480 5291 ministrabant.
1513 5235 1654 5318 'Magnam
1682 5245 1784 5289 curam

83 5311 225 5368 atrectare
239 5311 500 5368 sumusinduotus
518 5314 606 5380 cellis,
637 5314 675 5368 ito
702 5317 733 5368 at
753 5312 907 5382 rrcsotfice·
962 5326 1079 5383 semper
1093 5308 1184 5381 gessit
1197 5309 1326 5364 Bootesia
1341 5323 1453 5374 eornm,
1471 5323 1521 5375 qur
1536 5311 1624 5362 vincti
1646 5304 1785 5361 teneban-

84 5384 146 5437 rent
159 5384 237 5452 [ome
251 5386 277 5437 et
290 5383 347 5436 cili.
368 5381 420 5438 Sed
446 5388 473 5438 et
501 5385 584 5452 iqnir,
609 5383 645 5439 ol
666 5399 748 5456 opere
771 5397 910 5455 pressurae
963 5386 1012 5438 tur
1029 5399 1035 5449 ;
1052 5379 1211 5453 prasertim
1228 5380 1264 5434 ob
1285 5379 1393 5460 Cirristi
1418 5378 1643 5446 contessionem,
1659 5391 1784 5503 gaiorum

85 5456 187 5508 nortrae
213 5457 272 5508 tam
298 5452 484 5509 intolerabilis
510 5459 679 5527 erot,qaom
700 5472 779 5511 nemo
801 5459 911 5527 portare
964 5452 1170 5509 ministeriosi
1186 5449 1421 5521 obssqnirsolim
1446 5451 1534 5507 dicati
1561 5450 1641 5505 inere
1681 5463 1785 5531 [accur.

86 5523 416 5597 porreetiecibi3ubi
444 5525 560 5581 videtur
587 5526 663 5600 ignis
694 5527 750 5581 dici
779 5542 862 5597 quem
879 5525 908 5581 S.
964 5524 1006 5580 illi
1022 5524 1160 5580 alimenta
1175 5521 1247 5594 ipsis
1263 5521 1480 5589 ministrabant,
1503 5527 1532 5577 et
1555 5521 1632 5577 unde
1655 5520 1784 5574 militum

88 5598 234 5669 Perpetua
247 5600 353 5651 astum
369 5599 460 5652 vocal.
473 5596 515 5652 Bx
529 5597 575 5653 bis
594 5597 770 5671 intelligitur
784 5614 841 5654 nou
857 5596 910 5652 mi·
1607 5591 1750 5649 sevitiam

90 5666 203 5725 nimam
213 5671 266 5726 ant
274 5671 456 5741 postremam
466 5667 575 5727 diaboli
589 5668 757 5727 machinam
771 5670 911 5725 adversas

91 5743 236 5816 martyros
250 5737 344 5803 tuias
355 5754 506 5803 caecorum
517 5756 675 5812 erumnam
690 5740 721 5799 id
735 5742 812 5816 quod
826 5739 912 5800 Galli·
1000 5738 1057 5812 (34)
1071 5736 1279 5797 Bomtitueruat
1292 5734 1419 5810 premio.
1437 5734 1519 5793 Hunc
1544 5734 1622 5791 enim
1638 5734 1668 5790 in
1683 5743 1783 5811 nsum,

137 6016 166 6091 ’τ
