<?xml version="1.0" encoding="UTF-8"?>
<!DOCTYPE html PUBLIC "-//W3C//DTD XHTML 1.0 Transitional//EN"
    "http://www.w3.org/TR/xhtml1/DTD/xhtml1-transitional.dtd">
<html xmlns="http://www.w3.org/1999/xhtml" xml:lang="en" lang="en">
 <head>
  <title>
</title>
<meta http-equiv="Content-Type" content="text/html;charset=utf-8" />
  <meta name='ocr-system' content='tesseract 3.04.00' />
  <meta name='ocr-capabilities' content='ocr_page ocr_carea ocr_par ocr_line ocrx_word'/>
</head>
<body>
  <div class='ocr_page' id='page_1' title='image "./patrologiaecurs23goog/patrologiaecurs23goog_0781.png"; bbox 0 0 3892 6104; ppageno 0'>
   <div class='ocr_carea' id='block_1_1' title="bbox 67 328 1776 404">
    <p class='ocr_par' dir='ltr' id='par_1_1' title="bbox 67 328 1776 404">
     <span class='ocr_line' id='line_1_1' title="bbox 67 328 1776 404; baseline 0.002 -6"><span class='ocrx_word' id='word_1_1' title='bbox 67 334 146 399; x_wconf 79' lang='lat' dir='ltr'><strong>{att</strong></span> <span class='ocrx_word' id='word_1_2' title='bbox 542 335 644 396; x_wconf 89' lang='lat' dir='ltr'><strong>PARS</strong></span> <span class='ocrx_word' id='word_1_3' title='bbox 668 328 1057 397; x_wconf 79' lang='lat' dir='ltr'><strong>11.-uacaua10uua</strong></span> <span class='ocrx_word' id='word_1_4' title='bbox 1082 337 1304 400; x_wconf 85' lang='lat' dir='ltr'><strong>EXCURSUS.</strong></span> <span class='ocrx_word' id='word_1_5' title='bbox 1698 341 1776 404; x_wconf 69' lang='lat'><strong>{458</strong></span> 
     </span>
    </p>
   </div>
   <div class='ocr_carea' id='block_1_2' title="bbox 55 466 1781 5159">
    <p class='ocr_par' dir='ltr' id='par_1_2' title="bbox 64 466 1776 810">
     <span class='ocr_line' id='line_1_2' title="bbox 101 466 1776 543; baseline 0.003 -18"><span class='ocrx_word' id='word_1_6' title='bbox 101 469 194 526; x_wconf 88' lang='lat' dir='ltr'><strong>Nemo</strong></span> <span class='ocrx_word' id='word_1_7' title='bbox 211 485 269 525; x_wconf 92' lang='lat' dir='ltr'><strong>non</strong></span> <span class='ocrx_word' id='word_1_8' title='bbox 282 466 360 525; x_wconf 89' lang='lat' dir='ltr'><strong>videt</strong></span> <span class='ocrx_word' id='word_1_9' title='bbox 384 483 448 525; x_wconf 88' lang='lat' dir='ltr'><strong>esse</strong></span> <span class='ocrx_word' id='word_1_10' title='bbox 467 467 634 541; x_wconf 89' lang='lat' dir='ltr'><strong>sophisma;</strong></span> <span class='ocrx_word' id='word_1_11' title='bbox 660 483 728 523; x_wconf 95' lang='lat' dir='ltr'><strong>nam</strong></span> <span class='ocrx_word' id='word_1_12' title='bbox 753 467 848 536; x_wconf 89' lang='lat' dir='ltr'><strong>nohis,</strong></span> <span class='ocrx_word' id='word_1_13' title='bbox 864 470 894 522; x_wconf 91' lang='lat' dir='ltr'><strong>et</strong></span> <span class='ocrx_word' id='word_1_14' title='bbox 907 466 934 533; x_wconf 78' lang='grc' dir='ltr'><strong>Α</strong></span> <span class='ocrx_word' id='word_1_15' title='bbox 950 467 1000 539; x_wconf 94' lang='lat' dir='ltr'><strong>qui</strong></span> <span class='ocrx_word' id='word_1_16' title='bbox 1016 467 1045 523; x_wconf 94' lang='lat' dir='ltr'><strong>in</strong></span> <span class='ocrx_word' id='word_1_17' title='bbox 1061 468 1156 525; x_wconf 82' lang='lat' dir='ltr'><strong>Africa</strong></span> <span class='ocrx_word' id='word_1_18' title='bbox 1170 474 1250 542; x_wconf 90' lang='lat' dir='ltr'><strong>eunt,</strong></span> <span class='ocrx_word' id='word_1_19' title='bbox 1269 472 1414 543; x_wconf 89' lang='lat' dir='ltr'><strong>episcopis</strong></span> <span class='ocrx_word' id='word_1_20' title='bbox 1438 475 1466 528; x_wconf 91' lang='lat' dir='ltr'><strong>et</strong></span> <span class='ocrx_word' id='word_1_21' title='bbox 1489 470 1603 530; x_wconf 85' lang='lat' dir='ltr'><strong>cunctis</strong></span> <span class='ocrx_word' id='word_1_22' title='bbox 1619 471 1732 530; x_wconf 76' lang='lat' dir='ltr'><strong>clericis</strong></span> <span class='ocrx_word' id='word_1_23' title='bbox 1747 477 1776 530; x_wconf 91' lang='lat' dir='ltr'><strong>ot</strong></span> 
     </span>
     <span class='ocr_line' id='line_1_3' title="bbox 64 555 1773 636; baseline 0.002 -20"><span class='ocrx_word' id='word_1_24' title='bbox 64 559 272 617; x_wconf 72' lang='lat' dir='ltr'><strong>hereticorum</strong></span> <span class='ocrx_word' id='word_1_25' title='bbox 298 555 434 630; x_wconf 90' lang='lat' dir='ltr'><strong>plurimis</strong></span> <span class='ocrx_word' id='word_1_26' title='bbox 459 561 503 612; x_wconf 86' lang='lat' dir='ltr'><strong>ast</strong></span> <span class='ocrx_word' id='word_1_27' title='bbox 525 573 614 628; x_wconf 91' lang='lat' dir='ltr'><strong>anas,</strong></span> <span class='ocrx_word' id='word_1_28' title='bbox 640 556 777 627; x_wconf 90' lang='lat' dir='ltr'><strong>idemque</strong></span> <span class='ocrx_word' id='word_1_29' title='bbox 805 556 894 624; x_wconf 89' lang='lat' dir='ltr'><strong>Deus,</strong></span> <span class='ocrx_word' id='word_1_30' title='bbox 949 557 1029 612; x_wconf 88' lang='lat' dir='ltr'><strong>omni</strong></span> <span class='ocrx_word' id='word_1_31' title='bbox 1054 558 1234 615; x_wconf 88' lang='lat' dir='ltr'><strong>fraternitate</strong></span> <span class='ocrx_word' id='word_1_32' title='bbox 1258 560 1386 616; x_wconf 89' lang='lat' dir='ltr'><strong>universi</strong></span> <span class='ocrx_word' id='word_1_33' title='bbox 1411 564 1559 633; x_wconf 92' lang='lat' dir='ltr'><strong>optamus,</strong></span> <span class='ocrx_word' id='word_1_34' title='bbox 1576 565 1609 616; x_wconf 94' lang='lat' dir='ltr'><strong>ut</strong></span> <span class='ocrx_word' id='word_1_35' title='bbox 1634 566 1773 636; x_wconf 85' lang='lat' dir='ltr'><strong>perpetuo</strong></span> 
     </span>
     <span class='ocr_line' id='line_1_4' title="bbox 65 643 1771 719; baseline 0.002 -13"><span class='ocrx_word' id='word_1_36' title='bbox 65 649 145 707; x_wconf 87' lang='lat' dir='ltr'><strong>sicut</strong></span> <span class='ocrx_word' id='word_1_37' title='bbox 159 647 255 715; x_wconf 91' lang='lat' dir='ltr'><strong>nohis,</strong></span> <span class='ocrx_word' id='word_1_38' title='bbox 272 649 302 703; x_wconf 90' lang='lat' dir='ltr'><strong>et</strong></span> <span class='ocrx_word' id='word_1_39' title='bbox 316 663 342 702; x_wconf 91' lang='lat' dir='ltr'><strong>v.</strong></span> <span class='ocrx_word' id='word_1_40' title='bbox 359 662 387 719; x_wconf 90' lang='lat' dir='ltr'><strong>g.</strong></span> <span class='ocrx_word' id='word_1_41' title='bbox 403 645 578 702; x_wconf 85' lang='lat' dir='ltr'><strong>hatheraais</strong></span> <span class='ocrx_word' id='word_1_42' title='bbox 597 647 642 701; x_wconf 89' lang='lat' dir='ltr'><strong>est</strong></span> <span class='ocrx_word' id='word_1_43' title='bbox 665 661 743 700; x_wconf 90' lang='lat' dir='ltr'><strong>anus</strong></span> <span class='ocrx_word' id='word_1_44' title='bbox 758 644 895 717; x_wconf 83' lang='lat' dir='ltr'><strong>idemque</strong></span> <span class='ocrx_word' id='word_1_45' title='bbox 948 643 1115 713; x_wconf 92' lang='lat' dir='ltr'><strong>unanimes,</strong></span> <span class='ocrx_word' id='word_1_46' title='bbox 1126 651 1155 702; x_wconf 91' lang='lat' dir='ltr'><strong>et</strong></span> <span class='ocrx_word' id='word_1_47' title='bbox 1165 664 1256 704; x_wconf 93' lang='lat' dir='ltr'><strong>unum</strong></span> <span class='ocrx_word' id='word_1_48' title='bbox 1272 648 1431 705; x_wconf 87' lang='lat' dir='ltr'><strong>sentientes</strong></span> <span class='ocrx_word' id='word_1_49' title='bbox 1444 649 1606 707; x_wconf 87' lang='lat' dir='ltr'><strong>babeamus</strong></span> <span class='ocrx_word' id='word_1_50' title='bbox 1617 651 1771 709; x_wconf 91' lang='lat' dir='ltr'><strong>nobiscum</strong></span> 
     </span>
     <span class='ocr_line' id='line_1_5' title="bbox 64 733 1460 810; baseline -0.005 -16"><span class='ocrx_word' id='word_1_51' title='bbox 64 736 232 810; x_wconf 89' lang='lat' dir='ltr'><strong>baptismus</strong></span> <span class='ocrx_word' id='word_1_52' title='bbox 248 752 264 791; x_wconf 98' lang='lat' dir='ltr'><strong>a</strong></span> <span class='ocrx_word' id='word_1_53' title='bbox 280 734 395 792; x_wconf 89' lang='lat' dir='ltr'><strong>Christo</strong></span> <span class='ocrx_word' id='word_1_54' title='bbox 416 734 555 790; x_wconf 89' lang='lat' dir='ltr'><strong>traditus.</strong></span> <span class='ocrx_word' id='word_1_55' title='bbox 947 733 1035 789; x_wconf 86' lang='lat' dir='ltr'><strong>ctiam</strong></span> <span class='ocrx_word' id='word_1_56' title='bbox 1051 735 1086 790; x_wconf 89' lang='lat' dir='ltr'><strong>de</strong></span> <span class='ocrx_word' id='word_1_57' title='bbox 1099 734 1260 810; x_wconf 89' lang='lat' dir='ltr'><strong>longinquo</strong></span> <span class='ocrx_word' id='word_1_58' title='bbox 1277 738 1432 794; x_wconf 89' lang='lat' dir='ltr'><strong>adunatos.</strong></span> <span class='ocrx_word' id='word_1_59' title='bbox 1445 760 1460 788; x_wconf 89' lang='lat'>»</span> 
     </span>
    </p>

    <p class='ocr_par' dir='ltr' id='par_1_3' title="bbox 60 821 1772 1432">
     <span class='ocr_line' id='line_1_6' title="bbox 101 821 1772 901; baseline 0.002 -19"><span class='ocrx_word' id='word_1_60' title='bbox 101 825 229 898; x_wconf 84' lang='lat' dir='ltr'><strong>Denique</strong></span> <span class='ocrx_word' id='word_1_61' title='bbox 246 840 319 880; x_wconf 82' lang='lat' dir='ltr'><strong>noso</strong></span> <span class='ocrx_word' id='word_1_62' title='bbox 343 823 454 895; x_wconf 91' lang='lat' dir='ltr'><strong>impetu</strong></span> <span class='ocrx_word' id='word_1_63' title='bbox 472 827 573 879; x_wconf 85' lang='lat' dir='ltr'><strong>contra</strong></span> <span class='ocrx_word' id='word_1_64' title='bbox 586 826 615 879; x_wconf 84' lang='lat' dir='ltr'><strong>S.</strong></span> <span class='ocrx_word' id='word_1_65' title='bbox 631 821 812 895; x_wconf 86' lang='lat' dir='ltr'><strong>Stephanum</strong></span> <span class='ocrx_word' id='word_1_66' title='bbox 838 823 893 878; x_wconf 90' lang='lat' dir='ltr'><strong>ite·</strong></span> <span class='ocrx_word' id='word_1_67' title='bbox 983 823 1048 879; x_wconf 85' lang='lat' dir='ltr'><strong>Heo</strong></span> <span class='ocrx_word' id='word_1_68' title='bbox 1063 826 1108 880; x_wconf 91' lang='lat' dir='ltr'><strong>est</strong></span> <span class='ocrx_word' id='word_1_69' title='bbox 1118 825 1231 881; x_wconf 89' lang='lat' dir='ltr'><strong>iamosa</strong></span> <span class='ocrx_word' id='word_1_70' title='bbox 1246 826 1322 881; x_wconf 85' lang='lat' dir='ltr'><strong>inter</strong></span> <span class='ocrx_word' id='word_1_71' title='bbox 1332 826 1519 900; x_wconf 68' lang='lat' dir='ltr'><strong>cyprianicas</strong></span> <span class='ocrx_word' id='word_1_72' title='bbox 1534 827 1660 901; x_wconf 87' lang='lat' dir='ltr'><strong>epistola</strong></span> <span class='ocrx_word' id='word_1_73' title='bbox 1671 830 1772 888; x_wconf 86' lang='lat' dir='ltr'><strong>ordine</strong></span> 
     </span>
     <span class='ocr_line' id='line_1_7' title="bbox 62 911 1770 989; baseline 0.001 -16"><span class='ocrx_word' id='word_1_74' title='bbox 62 932 131 973; x_wconf 92' lang='lat' dir='ltr'><strong>rum</strong></span> <span class='ocrx_word' id='word_1_75' title='bbox 147 912 361 980; x_wconf 88' lang='lat' dir='ltr'><strong>debacchatur;</strong></span> <span class='ocrx_word' id='word_1_76' title='bbox 377 915 406 968; x_wconf 91' lang='lat' dir='ltr'><strong>et</strong></span> <span class='ocrx_word' id='word_1_77' title='bbox 420 912 490 966; x_wconf 94' lang='lat' dir='ltr'><strong>dum</strong></span> <span class='ocrx_word' id='word_1_78' title='bbox 512 915 630 985; x_wconf 88' lang='lat' dir='ltr'><strong>tempas</strong></span> <span class='ocrx_word' id='word_1_79' title='bbox 644 911 700 984; x_wconf 91' lang='lat' dir='ltr'><strong>ipsi</strong></span> <span class='ocrx_word' id='word_1_80' title='bbox 715 911 808 966; x_wconf 87' lang='lat' dir='ltr'><strong>deluit</strong></span> <span class='ocrx_word' id='word_1_81' title='bbox 822 927 890 967; x_wconf 93' lang='lat' dir='ltr'><strong>con·</strong></span> <span class='ocrx_word' id='word_1_82' title='bbox 945 912 991 979; x_wconf 88' lang='lat'><strong>75,</strong></span> <span class='ocrx_word' id='word_1_83' title='bbox 1003 912 1058 968; x_wconf 90' lang='lat' dir='ltr'><strong>suh</strong></span> <span class='ocrx_word' id='word_1_84' title='bbox 1074 914 1192 970; x_wconf 93' lang='lat' dir='ltr'><strong>nomine</strong></span> <span class='ocrx_word' id='word_1_85' title='bbox 1208 913 1371 970; x_wconf 83' lang='lat' dir='ltr'><strong>Firmiliani</strong></span> <span class='ocrx_word' id='word_1_86' title='bbox 1385 915 1544 989; x_wconf 89' lang='lat' dir='ltr'><strong>publicata,</strong></span> <span class='ocrx_word' id='word_1_87' title='bbox 1556 933 1622 989; x_wconf 86' lang='lat' dir='ltr'><strong>qaae</strong></span> <span class='ocrx_word' id='word_1_88' title='bbox 1638 918 1770 975; x_wconf 90' lang='lat' dir='ltr'><strong>omnium</strong></span> 
     </span>
     <span class='ocr_line' id='line_1_8' title="bbox 62 999 1771 1078; baseline 0.002 -19"><span class='ocrx_word' id='word_1_89' title='bbox 62 1019 169 1078; x_wconf 86' lang='lat' dir='ltr'><strong>gruem</strong></span> <span class='ocrx_word' id='word_1_90' title='bbox 191 1000 339 1058; x_wconf 87' lang='lat' dir='ltr'><strong>scribendi</strong></span> <span class='ocrx_word' id='word_1_91' title='bbox 365 999 530 1072; x_wconf 89' lang='lat' dir='ltr'><strong>epistolam,</strong></span> <span class='ocrx_word' id='word_1_92' title='bbox 546 1000 652 1073; x_wconf 90' lang='lat' dir='ltr'><strong>repetit</strong></span> <span class='ocrx_word' id='word_1_93' title='bbox 667 1016 700 1056; x_wconf 87' lang='lat' dir='ltr'><strong>ea</strong></span> <span class='ocrx_word' id='word_1_94' title='bbox 715 1017 778 1073; x_wconf 84' lang='lat' dir='ltr'><strong>que</strong></span> <span class='ocrx_word' id='word_1_95' title='bbox 802 1015 891 1071; x_wconf 91' lang='lat' dir='ltr'><strong>sape·</strong></span> <span class='ocrx_word' id='word_1_96' title='bbox 945 1000 1127 1057; x_wconf 91' lang='lat' dir='ltr'><strong>eruditorum</strong></span> <span class='ocrx_word' id='word_1_97' title='bbox 1142 1001 1261 1074; x_wconf 88' lang='lat' dir='ltr'><strong>ingania</strong></span> <span class='ocrx_word' id='word_1_98' title='bbox 1277 1018 1371 1073; x_wconf 92' lang='lat' dir='ltr'><strong>usque</strong></span> <span class='ocrx_word' id='word_1_99' title='bbox 1395 1002 1454 1059; x_wconf 91' lang='lat' dir='ltr'><strong>huc</strong></span> <span class='ocrx_word' id='word_1_100' title='bbox 1479 1004 1588 1060; x_wconf 91' lang='lat' dir='ltr'><strong>miram</strong></span> <span class='ocrx_word' id='word_1_101' title='bbox 1605 1005 1635 1061; x_wconf 92' lang='lat' dir='ltr'><strong>in</strong></span> <span class='ocrx_word' id='word_1_102' title='bbox 1651 1006 1771 1063; x_wconf 92' lang='lat' dir='ltr'><strong>modum</strong></span> 
     </span>
     <span class='ocr_line' id='line_1_9' title="bbox 61 1088 1066 1162; baseline -0.005 -13"><span class='ocrx_word' id='word_1_103' title='bbox 61 1093 125 1149; x_wconf 88' lang='lat' dir='ltr'><strong>rins</strong></span> <span class='ocrx_word' id='word_1_104' title='bbox 149 1108 179 1148; x_wconf 94' lang='lat' dir='ltr'><strong>n.</strong></span> <span class='ocrx_word' id='word_1_105' title='bbox 196 1092 242 1158; x_wconf 78' lang='lat' dir='ltr'><strong>al,</strong></span> <span class='ocrx_word' id='word_1_106' title='bbox 258 1089 304 1158; x_wconf 83' lang='lat'><strong>39,</strong></span> <span class='ocrx_word' id='word_1_107' title='bbox 320 1088 489 1162; x_wconf 77' lang='lat' dir='ltr'><strong>scripserat.</strong></span> <span class='ocrx_word' id='word_1_108' title='bbox 502 1120 535 1130; x_wconf 93' lang='lat'><em>-</em></span> <span class='ocrx_word' id='word_1_109' title='bbox 550 1111 564 1139; x_wconf 80' lang='lat' dir='ltr'><strong>a</strong></span> <span class='ocrx_word' id='word_1_110' title='bbox 585 1088 618 1144; x_wconf 89' lang='lat' dir='ltr'><strong>Et</strong></span> <span class='ocrx_word' id='word_1_111' title='bbox 633 1105 690 1145; x_wconf 93' lang='lat' dir='ltr'><strong>non</strong></span> <span class='ocrx_word' id='word_1_112' title='bbox 714 1089 805 1161; x_wconf 89' lang='lat' dir='ltr'><strong>pudet</strong></span> <span class='ocrx_word' id='word_1_113' title='bbox 827 1088 889 1144; x_wconf 91' lang='lat' dir='ltr'><strong>Ste·</strong></span> <span class='ocrx_word' id='word_1_114' title='bbox 944 1089 1066 1145; x_wconf 87' lang='lat' dir='ltr'><strong>vexavit.</strong></span> 
     </span>
     <span class='ocr_line' id='line_1_10' title="bbox 60 1176 1772 1254; baseline 0.002 -17"><span class='ocrx_word' id='word_1_115' title='bbox 60 1181 195 1254; x_wconf 86' lang='lat' dir='ltr'><strong>phanum</strong></span> <span class='ocrx_word' id='word_1_116' title='bbox 211 1177 357 1235; x_wconf 71' lang='lat' dir='ltr'><strong>hereticis</strong></span> <span class='ocrx_word' id='word_1_117' title='bbox 368 1177 509 1234; x_wconf 81' lang='lat' dir='ltr'><strong>adversus</strong></span> <span class='ocrx_word' id='word_1_118' title='bbox 521 1177 678 1234; x_wconf 71' lang='lat' dir='ltr'><strong>Ecclesiam</strong></span> <span class='ocrx_word' id='word_1_119' title='bbox 692 1176 888 1250; x_wconf 89' lang='lat' dir='ltr'><strong>patrocinium</strong></span> <span class='ocrx_word' id='word_1_120' title='bbox 978 1177 1051 1233; x_wconf 92' lang='lat' dir='ltr'><strong>Cum</strong></span> <span class='ocrx_word' id='word_1_121' title='bbox 1075 1193 1139 1234; x_wconf 91' lang='lat' dir='ltr'><strong>eam</strong></span> <span class='ocrx_word' id='word_1_122' title='bbox 1155 1194 1219 1234; x_wconf 88' lang='lat' dir='ltr'><strong>esse</strong></span> <span class='ocrx_word' id='word_1_123' title='bbox 1245 1178 1474 1252; x_wconf 78' lang='lat' dir='ltr'><strong>supposititiam,</strong></span> <span class='ocrx_word' id='word_1_124' title='bbox 1489 1183 1519 1236; x_wconf 89' lang='lat' dir='ltr'><strong>st</strong></span> <span class='ocrx_word' id='word_1_125' title='bbox 1532 1198 1599 1238; x_wconf 87' lang='lat' dir='ltr'><strong>varo</strong></span> <span class='ocrx_word' id='word_1_126' title='bbox 1623 1183 1772 1241; x_wconf 82' lang='lat' dir='ltr'><strong>catholico</strong></span> 
     </span>
     <span class='ocr_line' id='line_1_11' title="bbox 60 1264 1772 1343; baseline 0.002 -19"><span class='ocrx_word' id='word_1_127' title='bbox 60 1272 214 1343; x_wconf 84' lang='lat' dir='ltr'><strong>prestare,</strong></span> <span class='ocrx_word' id='word_1_128' title='bbox 228 1271 257 1324; x_wconf 89' lang='lat' dir='ltr'><strong>et</strong></span> <span class='ocrx_word' id='word_1_129' title='bbox 271 1269 391 1340; x_wconf 90' lang='lat' dir='ltr'><strong>propter</strong></span> <span class='ocrx_word' id='word_1_130' title='bbox 415 1265 568 1323; x_wconf 83' lang='lat' dir='ltr'><strong>hereticos</strong></span> <span class='ocrx_word' id='word_1_131' title='bbox 590 1267 762 1323; x_wconf 88' lang='lat' dir='ltr'><strong>asserendos</strong></span> <span class='ocrx_word' id='word_1_132' title='bbox 786 1267 887 1322; x_wconf 90' lang='lat' dir='ltr'><strong>irater·</strong></span> <span class='ocrx_word' id='word_1_133' title='bbox 942 1264 1060 1340; x_wconf 91' lang='lat' dir='ltr'><strong>penitas</strong></span> <span class='ocrx_word' id='word_1_134' title='bbox 1084 1265 1245 1339; x_wconf 89' lang='lat' dir='ltr'><strong>indignam,</strong></span> <span class='ocrx_word' id='word_1_135' title='bbox 1262 1269 1379 1325; x_wconf 87' lang='lat' dir='ltr'><strong>ahands</strong></span> <span class='ocrx_word' id='word_1_136' title='bbox 1403 1269 1622 1327; x_wconf 80' lang='lat' dir='ltr'><strong>demonstrasse</strong></span> <span class='ocrx_word' id='word_1_137' title='bbox 1638 1270 1713 1326; x_wconf 90' lang='lat' dir='ltr'><strong>mihi</strong></span> <span class='ocrx_word' id='word_1_138' title='bbox 1727 1271 1772 1328; x_wconf 90' lang='lat' dir='ltr'><strong>vi·</strong></span> 
     </span>
     <span class='ocr_line' id='line_1_12' title="bbox 60 1353 1770 1432; baseline 0.001 -19"><span class='ocrx_word' id='word_1_139' title='bbox 60 1357 185 1414; x_wconf 84' lang='lat' dir='ltr'><strong>nitatem</strong></span> <span class='ocrx_word' id='word_1_140' title='bbox 202 1356 345 1423; x_wconf 88' lang='lat' dir='ltr'><strong>scindere,</strong></span> <span class='ocrx_word' id='word_1_141' title='bbox 362 1355 493 1427; x_wconf 90' lang='lat' dir='ltr'><strong>insuper,</strong></span> <span class='ocrx_word' id='word_1_142' title='bbox 507 1359 561 1412; x_wconf 85' lang='lat' dir='ltr'><strong>etc.</strong></span> <span class='ocrx_word' id='word_1_143' title='bbox 575 1377 590 1405; x_wconf 89' lang='lat'>»</span> <span class='ocrx_word' id='word_1_144' title='bbox 941 1355 1020 1422; x_wconf 85' lang='lat' dir='ltr'><strong>dean,</strong></span> <span class='ocrx_word' id='word_1_145' title='bbox 1037 1353 1160 1411; x_wconf 90' lang='lat' dir='ltr'><strong>alterius</strong></span> <span class='ocrx_word' id='word_1_146' title='bbox 1175 1356 1422 1429; x_wconf 87' lang='lat' dir='ltr'><strong>progrediendum</strong></span> <span class='ocrx_word' id='word_1_147' title='bbox 1439 1374 1506 1414; x_wconf 87' lang='lat' dir='ltr'><strong>reor</strong></span> <span class='ocrx_word' id='word_1_148' title='bbox 1525 1357 1770 1432; x_wconf 85' lang='lat' dir='ltr'><strong>investigaturus,</strong></span> 
     </span>
    </p>

    <p class='ocr_par' dir='ltr' id='par_1_4' title="bbox 55 1442 1772 2318">
     <span class='ocr_line' id='line_1_13' title="bbox 98 1442 1772 1521; baseline 0.001 -19"><span class='ocrx_word' id='word_1_149' title='bbox 98 1445 268 1519; x_wconf 81' lang='lat' dir='ltr'><strong>Stephanus</strong></span> <span class='ocrx_word' id='word_1_150' title='bbox 283 1443 428 1500; x_wconf 79' lang='lat' dir='ltr'><strong>hereticis</strong></span> <span class='ocrx_word' id='word_1_151' title='bbox 444 1442 557 1499; x_wconf 93' lang='lat' dir='ltr'><strong>nullam</strong></span> <span class='ocrx_word' id='word_1_152' title='bbox 575 1443 714 1500; x_wconf 88' lang='lat' dir='ltr'><strong>adversus</strong></span> <span class='ocrx_word' id='word_1_153' title='bbox 730 1442 886 1499; x_wconf 81' lang='lat' dir='ltr'><strong>Ecclesiam</strong></span> <span class='ocrx_word' id='word_1_154' title='bbox 941 1443 1059 1500; x_wconf 89' lang='lat' dir='ltr'><strong>cuinam</strong></span> <span class='ocrx_word' id='word_1_155' title='bbox 1075 1446 1159 1500; x_wconf 90' lang='lat' dir='ltr'><strong>secte</strong></span> <span class='ocrx_word' id='word_1_156' title='bbox 1175 1444 1322 1514; x_wconf 89' lang='lat' dir='ltr'><strong>addictus,</strong></span> <span class='ocrx_word' id='word_1_157' title='bbox 1339 1449 1367 1501; x_wconf 91' lang='lat' dir='ltr'><strong>et</strong></span> <span class='ocrx_word' id='word_1_158' title='bbox 1382 1462 1440 1518; x_wconf 93' lang='lat' dir='ltr'><strong>quo</strong></span> <span class='ocrx_word' id='word_1_159' title='bbox 1465 1445 1581 1502; x_wconf 86' lang='lat' dir='ltr'><strong>circiter</strong></span> <span class='ocrx_word' id='word_1_160' title='bbox 1595 1449 1728 1521; x_wconf 87' lang='lat' dir='ltr'><strong>tempore</strong></span> <span class='ocrx_word' id='word_1_161' title='bbox 1743 1451 1772 1504; x_wconf 88' lang='lat' dir='ltr'><strong>et</strong></span> 
     </span>
     <span class='ocr_line' id='line_1_14' title="bbox 60 1531 1631 1608; baseline 0 -17"><span class='ocrx_word' id='word_1_162' title='bbox 60 1532 260 1608; x_wconf 89' lang='lat' dir='ltr'><strong>patrocinium</strong></span> <span class='ocrx_word' id='word_1_163' title='bbox 275 1531 424 1604; x_wconf 88' lang='lat' dir='ltr'><strong>prestitit;</strong></span> <span class='ocrx_word' id='word_1_164' title='bbox 436 1531 582 1605; x_wconf 88' lang='lat' dir='ltr'><strong>siquidem</strong></span> <span class='ocrx_word' id='word_1_165' title='bbox 592 1548 694 1589; x_wconf 89' lang='lat' dir='ltr'><strong>eorum</strong></span> <span class='ocrx_word' id='word_1_166' title='bbox 705 1531 886 1605; x_wconf 85' lang='lat' dir='ltr'><strong>baptismum</strong></span> <span class='ocrx_word' id='word_1_167' title='bbox 939 1533 1003 1590; x_wconf 92' lang='lat' dir='ltr'><strong>loco</strong></span> <span class='ocrx_word' id='word_1_168' title='bbox 1018 1535 1120 1588; x_wconf 80' lang='lat' dir='ltr'><strong>auctor</strong></span> <span class='ocrx_word' id='word_1_169' title='bbox 1133 1533 1224 1605; x_wconf 89' lang='lat' dir='ltr'><strong>hujus</strong></span> <span class='ocrx_word' id='word_1_170' title='bbox 1240 1534 1359 1590; x_wconf 78' lang='lat' dir='ltr'><strong>famose</strong></span> <span class='ocrx_word' id='word_1_171' title='bbox 1375 1533 1503 1608; x_wconf 78' lang='lat' dir='ltr'><strong>epistole</strong></span> <span class='ocrx_word' id='word_1_172' title='bbox 1518 1534 1631 1592; x_wconf 85' lang='lat' dir='ltr'><strong>uixerit.</strong></span> 
     </span>
     <span class='ocr_line' id='line_1_15' title="bbox 61 1620 1771 1695; baseline -0.001 -14"><span class='ocrx_word' id='word_1_173' title='bbox 61 1640 129 1681; x_wconf 91' lang='lat' dir='ltr'><strong>aum</strong></span> <span class='ocrx_word' id='word_1_174' title='bbox 155 1621 295 1695; x_wconf 81' lang='lat' dir='ltr'><strong>apostolis</strong></span> <span class='ocrx_word' id='word_1_175' title='bbox 311 1625 340 1676; x_wconf 93' lang='lat' dir='ltr'><strong>et</strong></span> <span class='ocrx_word' id='word_1_176' title='bbox 354 1620 491 1678; x_wconf 83' lang='lat' dir='ltr'><strong>uniuersa</strong></span> <span class='ocrx_word' id='word_1_177' title='bbox 514 1620 642 1677; x_wconf 79' lang='lat' dir='ltr'><strong>Ecclesia</strong></span> <span class='ocrx_word' id='word_1_178' title='bbox 664 1625 818 1677; x_wconf 81' lang='lat' dir='ltr'><strong>veneratus</strong></span> <span class='ocrx_word' id='word_1_179' title='bbox 841 1624 887 1677; x_wconf 89' lang='lat' dir='ltr'><strong>est</strong></span> <span class='ocrx_word' id='word_1_180' title='bbox 975 1621 1180 1694; x_wconf 89' lang='lat' dir='ltr'><strong>Deprehensue</strong></span> <span class='ocrx_word' id='word_1_181' title='bbox 1195 1621 1351 1695; x_wconf 88' lang='lat' dir='ltr'><strong>aliquoties</strong></span> <span class='ocrx_word' id='word_1_182' title='bbox 1366 1629 1397 1679; x_wconf 85' lang='lat' dir='ltr'><strong>n·</strong></span> <span class='ocrx_word' id='word_1_183' title='bbox 1410 1624 1613 1694; x_wconf 77' lang='lat'><strong>23-26-76,</strong></span> <span class='ocrx_word' id='word_1_184' title='bbox 1630 1624 1699 1694; x_wconf 89' lang='lat' dir='ltr'><strong>init,</strong></span> <span class='ocrx_word' id='word_1_185' title='bbox 1710 1625 1771 1681; x_wconf 88' lang='lat' dir='ltr'><strong>sin·</strong></span> 
     </span>
     <span class='ocr_line' id='line_1_16' title="bbox 60 1708 1770 1787; baseline 0.001 -18"><span class='ocrx_word' id='word_1_186' title='bbox 60 1716 95 1770; x_wconf 93' lang='lat' dir='ltr'><strong>ut</strong></span> <span class='ocrx_word' id='word_1_187' title='bbox 111 1710 254 1782; x_wconf 85' lang='lat' dir='ltr'><strong>validam,</strong></span> <span class='ocrx_word' id='word_1_188' title='bbox 266 1726 324 1767; x_wconf 92' lang='lat' dir='ltr'><strong>non</strong></span> <span class='ocrx_word' id='word_1_189' title='bbox 339 1712 458 1782; x_wconf 87' lang='lat' dir='ltr'><strong>propter</strong></span> <span class='ocrx_word' id='word_1_190' title='bbox 471 1709 651 1774; x_wconf 85' lang='lat' dir='ltr'><strong>ministrum,</strong></span> <span class='ocrx_word' id='word_1_191' title='bbox 661 1709 705 1765; x_wconf 88' lang='lat' dir='ltr'><strong>vel</strong></span> <span class='ocrx_word' id='word_1_192' title='bbox 722 1708 811 1781; x_wconf 88' lang='lat' dir='ltr'><strong>hujus</strong></span> <span class='ocrx_word' id='word_1_193' title='bbox 826 1709 885 1765; x_wconf 81' lang='lat' dir='ltr'><strong>he·</strong></span> <span class='ocrx_word' id='word_1_194' title='bbox 938 1709 1080 1784; x_wconf 90' lang='lat' dir='ltr'><strong>gulariter</strong></span> <span class='ocrx_word' id='word_1_195' title='bbox 1095 1715 1124 1766; x_wconf 88' lang='lat' dir='ltr'><strong>et</strong></span> <span class='ocrx_word' id='word_1_196' title='bbox 1139 1713 1368 1769; x_wconf 80' lang='lat' dir='ltr'><strong>extraordinarie</strong></span> <span class='ocrx_word' id='word_1_197' title='bbox 1386 1712 1505 1774; x_wconf 77' lang='lat' dir='ltr'><strong>gavisus</strong></span> <span class='ocrx_word' id='word_1_198' title='bbox 1519 1730 1553 1770; x_wconf 88' lang='lat' dir='ltr'><strong>cx</strong></span> <span class='ocrx_word' id='word_1_199' title='bbox 1568 1730 1614 1783; x_wconf 91' lang='lat' dir='ltr'><strong>eo,</strong></span> <span class='ocrx_word' id='word_1_200' title='bbox 1632 1716 1711 1787; x_wconf 93' lang='lat' dir='ltr'><strong>quod</strong></span> <span class='ocrx_word' id='word_1_201' title='bbox 1726 1715 1770 1771; x_wconf 94' lang='lat' dir='ltr'><strong>in-</strong></span> 
     </span>
     <span class='ocr_line' id='line_1_17' title="bbox 59 1797 1770 1873; baseline -0.001 -15"><span class='ocrx_word' id='word_1_202' title='bbox 59 1802 152 1869; x_wconf 87' lang='lat' dir='ltr'><strong>resin,</strong></span> <span class='ocrx_word' id='word_1_203' title='bbox 167 1800 219 1858; x_wconf 91' lang='lat' dir='ltr'><strong>sad</strong></span> <span class='ocrx_word' id='word_1_204' title='bbox 239 1802 357 1872; x_wconf 90' lang='lat' dir='ltr'><strong>propter</strong></span> <span class='ocrx_word' id='word_1_205' title='bbox 372 1797 524 1855; x_wconf 87' lang='lat' dir='ltr'><strong>materiam</strong></span> <span class='ocrx_word' id='word_1_206' title='bbox 547 1802 575 1855; x_wconf 90' lang='lat' dir='ltr'><strong>et</strong></span> <span class='ocrx_word' id='word_1_207' title='bbox 598 1799 721 1854; x_wconf 89' lang='lat' dir='ltr'><strong>icrmam</strong></span> <span class='ocrx_word' id='word_1_208' title='bbox 739 1815 754 1854; x_wconf 87' lang='lat' dir='ltr'><strong>a</strong></span> <span class='ocrx_word' id='word_1_209' title='bbox 769 1798 884 1855; x_wconf 90' lang='lat' dir='ltr'><strong>Christo</strong></span> <span class='ocrx_word' id='word_1_210' title='bbox 938 1800 1050 1856; x_wconf 88' lang='lat' dir='ltr'><strong>venerit</strong></span> <span class='ocrx_word' id='word_1_211' title='bbox 1067 1800 1097 1855; x_wconf 92' lang='lat' dir='ltr'><strong>in</strong></span> <span class='ocrx_word' id='word_1_212' title='bbox 1114 1799 1277 1873; x_wconf 83' lang='lat' dir='ltr'><strong>longinquo</strong></span> <span class='ocrx_word' id='word_1_213' title='bbox 1288 1803 1465 1872; x_wconf 84' lang='lat' dir='ltr'><strong>coadunatos,</strong></span> <span class='ocrx_word' id='word_1_214' title='bbox 1476 1808 1601 1859; x_wconf 81' lang='lat' dir='ltr'><strong>etenum</strong></span> <span class='ocrx_word' id='word_1_215' title='bbox 1614 1806 1770 1861; x_wconf 82' lang='lat' dir='ltr'><strong>sentientes.</strong></span> 
     </span>
     <span class='ocr_line' id='line_1_18' title="bbox 56 1886 1769 1964; baseline 0.002 -17"><span class='ocrx_word' id='word_1_216' title='bbox 56 1889 192 1947; x_wconf 86' lang='lat' dir='ltr'><strong>traditas.</strong></span> <span class='ocrx_word' id='word_1_217' title='bbox 204 1886 278 1944; x_wconf 83' lang='lat' dir='ltr'><strong>Mais</strong></span> <span class='ocrx_word' id='word_1_218' title='bbox 292 1887 461 1943; x_wconf 87' lang='lat' dir='ltr'><strong>traducerer</strong></span> <span class='ocrx_word' id='word_1_219' title='bbox 479 1891 513 1943; x_wconf 92' lang='lat' dir='ltr'><strong>ut</strong></span> <span class='ocrx_word' id='word_1_220' title='bbox 532 1887 628 1943; x_wconf 80' lang='lat' dir='ltr'><strong>fautor</strong></span> <span class='ocrx_word' id='word_1_221' title='bbox 641 1887 884 1956; x_wconf 89' lang='lat' dir='ltr'><strong>Latheranornm,</strong></span> <span class='ocrx_word' id='word_1_222' title='bbox 938 1888 1105 1945; x_wconf 88' lang='lat' dir='ltr'><strong>Catholicae</strong></span> <span class='ocrx_word' id='word_1_223' title='bbox 1122 1889 1279 1962; x_wconf 88' lang='lat' dir='ltr'><strong>episcopus</strong></span> <span class='ocrx_word' id='word_1_224' title='bbox 1296 1908 1353 1947; x_wconf 93' lang='lat' dir='ltr'><strong>non</strong></span> <span class='ocrx_word' id='word_1_225' title='bbox 1376 1892 1448 1948; x_wconf 89' lang='lat' dir='ltr'><strong>adeo</strong></span> <span class='ocrx_word' id='word_1_226' title='bbox 1463 1891 1658 1964; x_wconf 89' lang='lat' dir='ltr'><strong>tripudiasset</strong></span> <span class='ocrx_word' id='word_1_227' title='bbox 1673 1910 1708 1950; x_wconf 84' lang='lat' dir='ltr'><strong>ex</strong></span> <span class='ocrx_word' id='word_1_228' title='bbox 1725 1910 1769 1961; x_wconf 90' lang='lat' dir='ltr'><strong>eo,</strong></span> 
     </span>
     <span class='ocr_line' id='line_1_19' title="bbox 55 1975 1770 2054; baseline 0.001 -19"><span class='ocrx_word' id='word_1_229' title='bbox 55 1978 102 2035; x_wconf 83' lang='lat' dir='ltr'><strong>uel</strong></span> <span class='ocrx_word' id='word_1_230' title='bbox 117 1977 357 2047; x_wconf 83' lang='lat' dir='ltr'><strong>Calvinistarum,</strong></span> <span class='ocrx_word' id='word_1_231' title='bbox 370 1975 437 2031; x_wconf 92' lang='lat' dir='ltr'><strong>iicet</strong></span> <span class='ocrx_word' id='word_1_232' title='bbox 451 1976 636 2032; x_wconf 91' lang='lat' dir='ltr'><strong>admitterem</strong></span> <span class='ocrx_word' id='word_1_233' title='bbox 652 1981 778 2048; x_wconf 88' lang='lat' dir='ltr'><strong>quatuor</strong></span> <span class='ocrx_word' id='word_1_234' title='bbox 792 1977 884 2032; x_wconf 87' lang='lat' dir='ltr'><strong>Euan·</strong></span> <span class='ocrx_word' id='word_1_235' title='bbox 938 1978 1015 2049; x_wconf 93' lang='lat' dir='ltr'><strong>quod</strong></span> <span class='ocrx_word' id='word_1_236' title='bbox 1027 1977 1185 2034; x_wconf 86' lang='lat' dir='ltr'><strong>audivisset</strong></span> <span class='ocrx_word' id='word_1_237' title='bbox 1192 1979 1365 2052; x_wconf 81' lang='lat' dir='ltr'><strong>Carthagine</strong></span> <span class='ocrx_word' id='word_1_238' title='bbox 1376 1981 1405 2036; x_wconf 93' lang='lat' dir='ltr'><strong>in</strong></span> <span class='ocrx_word' id='word_1_239' title='bbox 1415 1980 1513 2037; x_wconf 80' lang='lat' dir='ltr'><strong>Africa</strong></span> <span class='ocrx_word' id='word_1_240' title='bbox 1523 1980 1585 2037; x_wconf 88' lang='lat' dir='ltr'><strong>dari</strong></span> <span class='ocrx_word' id='word_1_241' title='bbox 1598 1981 1770 2054; x_wconf 87' lang='lat' dir='ltr'><strong>episcopum</strong></span> 
     </span>
     <span class='ocr_line' id='line_1_20' title="bbox 57 2062 1768 2143; baseline 0 -19"><span class='ocrx_word' id='word_1_242' title='bbox 57 2066 136 2143; x_wconf 86' lang='lat' dir='ltr'><strong>galia</strong></span> <span class='ocrx_word' id='word_1_243' title='bbox 150 2065 262 2122; x_wconf 88' lang='lat' dir='ltr'><strong>anobis</strong></span> <span class='ocrx_word' id='word_1_244' title='bbox 272 2062 428 2121; x_wconf 89' lang='lat' dir='ltr'><strong>Catholicis</strong></span> <span class='ocrx_word' id='word_1_245' title='bbox 439 2068 557 2138; x_wconf 90' lang='lat' dir='ltr'><strong>accepta</strong></span> <span class='ocrx_word' id='word_1_246' title='bbox 567 2064 643 2137; x_wconf 92' lang='lat' dir='ltr'><strong>apud</strong></span> <span class='ocrx_word' id='word_1_247' title='bbox 660 2063 726 2120; x_wconf 91' lang='lat' dir='ltr'><strong>illos</strong></span> <span class='ocrx_word' id='word_1_248' title='bbox 742 2064 885 2121; x_wconf 87' lang='lat' dir='ltr'><strong>mansisse</strong></span> <span class='ocrx_word' id='word_1_249' title='bbox 939 2065 994 2122; x_wconf 90' lang='lat' dir='ltr'><strong>sihi</strong></span> <span class='ocrx_word' id='word_1_250' title='bbox 1015 2066 1109 2137; x_wconf 90' lang='lat' dir='ltr'><strong>quoad</strong></span> <span class='ocrx_word' id='word_1_251' title='bbox 1136 2067 1274 2139; x_wconf 89' lang='lat' dir='ltr'><strong>dogmata</strong></span> <span class='ocrx_word' id='word_1_252' title='bbox 1295 2069 1537 2125; x_wconf 87' lang='lat' dir='ltr'><strong>consentientem.</strong></span> <span class='ocrx_word' id='word_1_253' title='bbox 1554 2070 1699 2143; x_wconf 88' lang='lat' dir='ltr'><strong>Carthago</strong></span> <span class='ocrx_word' id='word_1_254' title='bbox 1715 2086 1768 2143; x_wconf 92' lang='lat' dir='ltr'><strong>pro</strong></span> 
     </span>
     <span class='ocr_line' id='line_1_21' title="bbox 56 2151 1766 2230; baseline 0.001 -17"><span class='ocrx_word' id='word_1_255' title='bbox 56 2158 173 2229; x_wconf 87' lang='lat' dir='ltr'><strong>integra</strong></span> <span class='ocrx_word' id='word_1_256' title='bbox 195 2157 225 2210; x_wconf 91' lang='lat' dir='ltr'><strong>et</strong></span> <span class='ocrx_word' id='word_1_257' title='bbox 249 2152 388 2228; x_wconf 89' lang='lat' dir='ltr'><strong>genuina,</strong></span> <span class='ocrx_word' id='word_1_258' title='bbox 405 2167 438 2208; x_wconf 86' lang='lat' dir='ltr'><strong>ex</strong></span> <span class='ocrx_word' id='word_1_259' title='bbox 453 2151 513 2209; x_wconf 92' lang='lat' dir='ltr'><strong>iliis</strong></span> <span class='ocrx_word' id='word_1_260' title='bbox 536 2152 648 2209; x_wconf 89' lang='lat' dir='ltr'><strong>hauriri</strong></span> <span class='ocrx_word' id='word_1_261' title='bbox 672 2169 757 2226; x_wconf 91' lang='lat' dir='ltr'><strong>possa</strong></span> <span class='ocrx_word' id='word_1_262' title='bbox 780 2170 884 2211; x_wconf 89' lang='lat' dir='ltr'><strong>sanam</strong></span> <span class='ocrx_word' id='word_1_263' title='bbox 938 2153 989 2211; x_wconf 91' lang='lat' dir='ltr'><strong>illo</strong></span> <span class='ocrx_word' id='word_1_264' title='bbox 1004 2159 1134 2226; x_wconf 88' lang='lat' dir='ltr'><strong>tempore</strong></span> <span class='ocrx_word' id='word_1_265' title='bbox 1155 2156 1279 2227; x_wconf 90' lang='lat' dir='ltr'><strong>spectari</strong></span> <span class='ocrx_word' id='word_1_266' title='bbox 1305 2161 1419 2228; x_wconf 89' lang='lat' dir='ltr'><strong>poterat</strong></span> <span class='ocrx_word' id='word_1_267' title='bbox 1442 2174 1493 2214; x_wconf 88' lang='lat' dir='ltr'><strong>aaa</strong></span> <span class='ocrx_word' id='word_1_268' title='bbox 1518 2159 1613 2230; x_wconf 89' lang='lat' dir='ltr'><strong>posita</strong></span> <span class='ocrx_word' id='word_1_269' title='bbox 1637 2158 1723 2230; x_wconf 89' lang='lat' dir='ltr'><strong>quasi</strong></span> <span class='ocrx_word' id='word_1_270' title='bbox 1737 2157 1766 2214; x_wconf 92' lang='lat' dir='ltr'><strong>in</strong></span> 
     </span>
     <span class='ocr_line' id='line_1_22' title="bbox 59 2242 1766 2318; baseline 0 -16"><span class='ocrx_word' id='word_1_271' title='bbox 59 2243 236 2303; x_wconf 89' lang='lat' dir='ltr'><strong>doctrinam.</strong></span> <span class='ocrx_word' id='word_1_272' title='bbox 940 2242 1103 2300; x_wconf 88' lang='lat' dir='ltr'><strong>meditullio</strong></span> <span class='ocrx_word' id='word_1_273' title='bbox 1118 2243 1234 2316; x_wconf 92' lang='lat' dir='ltr'><strong>imperii</strong></span> <span class='ocrx_word' id='word_1_274' title='bbox 1245 2245 1380 2313; x_wconf 85' lang='lat' dir='ltr'><strong>Romani,</strong></span> <span class='ocrx_word' id='word_1_275' title='bbox 1392 2246 1472 2318; x_wconf 92' lang='lat' dir='ltr'><strong>quod</strong></span> <span class='ocrx_word' id='word_1_276' title='bbox 1486 2246 1643 2303; x_wconf 83' lang='lat' dir='ltr'><strong>Catholicis</strong></span> <span class='ocrx_word' id='word_1_277' title='bbox 1659 2247 1766 2302; x_wconf 87' lang='lat' dir='ltr'><strong>redua-</strong></span> 
     </span>
    </p>

    <p class='ocr_par' dir='ltr' id='par_1_5' title="bbox 59 2330 1765 2677">
     <span class='ocr_line' id='line_1_23' title="bbox 95 2330 1764 2404; baseline -0.001 -14"><span class='ocrx_word' id='word_1_278' title='bbox 95 2335 185 2390; x_wconf 88' lang='lat' dir='ltr'><strong>Porro</strong></span> <span class='ocrx_word' id='word_1_279' title='bbox 200 2348 269 2388; x_wconf 93' lang='lat' dir='ltr'><strong>cam</strong></span> <span class='ocrx_word' id='word_1_280' title='bbox 284 2330 492 2388; x_wconf 88' lang='lat' dir='ltr'><strong>sanctissimus</strong></span> <span class='ocrx_word' id='word_1_281' title='bbox 508 2334 592 2404; x_wconf 89' lang='lat' dir='ltr'><strong>pater</strong></span> <span class='ocrx_word' id='word_1_282' title='bbox 607 2334 707 2387; x_wconf 92' lang='lat' dir='ltr'><strong>noster</strong></span> <span class='ocrx_word' id='word_1_283' title='bbox 718 2331 886 2403; x_wconf 88' lang='lat' dir='ltr'><strong>Stephanus</strong></span> <span class='ocrx_word' id='word_1_284' title='bbox 940 2331 1042 2400; x_wconf 89' lang='lat' dir='ltr'><strong>dabat;</strong></span> <span class='ocrx_word' id='word_1_285' title='bbox 1058 2330 1241 2403; x_wconf 90' lang='lat' dir='ltr'><strong>Cappadocia</strong></span> <span class='ocrx_word' id='word_1_286' title='bbox 1257 2334 1319 2387; x_wconf 87' lang='lat' dir='ltr'><strong>erat</strong></span> <span class='ocrx_word' id='word_1_287' title='bbox 1340 2349 1400 2388; x_wconf 87' lang='lat' dir='ltr'><strong>una</strong></span> <span class='ocrx_word' id='word_1_288' title='bbox 1422 2348 1456 2388; x_wconf 83' lang='lat' dir='ltr'><strong>ex</strong></span> <span class='ocrx_word' id='word_1_289' title='bbox 1482 2332 1616 2403; x_wconf 88' lang='lat' dir='ltr'><strong>ejusdem</strong></span> <span class='ocrx_word' id='word_1_290' title='bbox 1640 2332 1764 2389; x_wconf 81' lang='lat' dir='ltr'><strong>Romani</strong></span> 
     </span>
     <span class='ocr_line' id='line_1_24' title="bbox 59 2419 1237 2499; baseline -0.004 -18"><span class='ocrx_word' id='word_1_291' title='bbox 59 2441 137 2499; x_wconf 89' lang='lat' dir='ltr'><strong>papa</strong></span> <span class='ocrx_word' id='word_1_292' title='bbox 151 2422 193 2480; x_wconf 90' lang='lat' dir='ltr'><strong>ita</strong></span> <span class='ocrx_word' id='word_1_293' title='bbox 207 2421 328 2495; x_wconf 89' lang='lat' dir='ltr'><strong>indigne</strong></span> <span class='ocrx_word' id='word_1_294' title='bbox 351 2420 478 2494; x_wconf 79' lang='lat' dir='ltr'><strong>vapulet,</strong></span> <span class='ocrx_word' id='word_1_295' title='bbox 495 2437 549 2477; x_wconf 91' lang='lat' dir='ltr'><strong>aos</strong></span> <span class='ocrx_word' id='word_1_296' title='bbox 574 2420 671 2477; x_wconf 88' lang='lat' dir='ltr'><strong>cuncti</strong></span> <span class='ocrx_word' id='word_1_297' title='bbox 687 2421 737 2493; x_wconf 91' lang='lat' dir='ltr'><strong>qai</strong></span> <span class='ocrx_word' id='word_1_298' title='bbox 752 2424 886 2479; x_wconf 89' lang='lat' dir='ltr'><strong>eamdem</strong></span> <span class='ocrx_word' id='word_1_299' title='bbox 939 2419 1055 2493; x_wconf 92' lang='lat' dir='ltr'><strong>imperii</strong></span> <span class='ocrx_word' id='word_1_300' title='bbox 1071 2419 1237 2492; x_wconf 80' lang='lat' dir='ltr'><strong>provinciis.</strong></span> 
     </span>
     <span class='ocr_line' id='line_1_25' title="bbox 62 2508 1765 2588; baseline -0.002 -17"><span class='ocrx_word' id='word_1_301' title='bbox 62 2513 237 2588; x_wconf 90' lang='lat' dir='ltr'><strong>proiitemur</strong></span> <span class='ocrx_word' id='word_1_302' title='bbox 251 2510 348 2582; x_wconf 88' lang='lat' dir='ltr'><strong>iidem,</strong></span> <span class='ocrx_word' id='word_1_303' title='bbox 364 2509 395 2565; x_wconf 92' lang='lat' dir='ltr'><strong>in</strong></span> <span class='ocrx_word' id='word_1_304' title='bbox 411 2509 514 2566; x_wconf 87' lang='lat' dir='ltr'><strong>inciam</strong></span> <span class='ocrx_word' id='word_1_305' title='bbox 530 2509 679 2578; x_wconf 83' lang='lat' dir='ltr'><strong>credimur,</strong></span> <span class='ocrx_word' id='word_1_306' title='bbox 693 2515 723 2567; x_wconf 87' lang='lat' dir='ltr'><strong>et</strong></span> <span class='ocrx_word' id='word_1_307' title='bbox 737 2527 794 2567; x_wconf 92' lang='lat' dir='ltr'><strong>non</strong></span> <span class='ocrx_word' id='word_1_308' title='bbox 810 2512 886 2568; x_wconf 89' lang='lat' dir='ltr'><strong>indi·</strong></span> <span class='ocrx_word' id='word_1_309' title='bbox 976 2509 1005 2565; x_wconf 88' lang='lat' dir='ltr'><strong>S.</strong></span> <span class='ocrx_word' id='word_1_310' title='bbox 1021 2509 1216 2581; x_wconf 88' lang='lat' dir='ltr'><strong>Augustinus,</strong></span> <span class='ocrx_word' id='word_1_311' title='bbox 1231 2511 1286 2565; x_wconf 91' lang='lat' dir='ltr'><strong>suh</strong></span> <span class='ocrx_word' id='word_1_312' title='bbox 1306 2509 1423 2566; x_wconf 88' lang='lat' dir='ltr'><strong>initium</strong></span> <span class='ocrx_word' id='word_1_313' title='bbox 1449 2508 1547 2566; x_wconf 87' lang='lat' dir='ltr'><strong>secali</strong></span> <span class='ocrx_word' id='word_1_314' title='bbox 1562 2527 1590 2580; x_wconf 88' lang='lat' dir='ltr'><strong>v,</strong></span> <span class='ocrx_word' id='word_1_315' title='bbox 1605 2509 1765 2567; x_wconf 85' lang='lat' dir='ltr'><strong>Donatistis</strong></span> 
     </span>
     <span class='ocr_line' id='line_1_26' title="bbox 62 2598 1763 2677; baseline -0.002 -19"><span class='ocrx_word' id='word_1_316' title='bbox 62 2601 213 2677; x_wconf 83' lang='lat' dir='ltr'><strong>gaamur‘i</strong></span> <span class='ocrx_word' id='word_1_317' title='bbox 941 2598 1191 2671; x_wconf 83' lang='lat' dir='ltr'><strong>rebaptizantibus</strong></span> <span class='ocrx_word' id='word_1_318' title='bbox 1207 2598 1363 2670; x_wconf 89' lang='lat' dir='ltr'><strong>objecerat,</strong></span> <span class='ocrx_word' id='word_1_319' title='bbox 1379 2602 1408 2653; x_wconf 92' lang='lat' dir='ltr'><strong>et</strong></span> <span class='ocrx_word' id='word_1_320' title='bbox 1420 2598 1583 2671; x_wconf 83' lang='lat' dir='ltr'><strong>sepissime</strong></span> <span class='ocrx_word' id='word_1_321' title='bbox 1598 2598 1763 2671; x_wconf 88' lang='lat' dir='ltr'><strong>repetierat,</strong></span> 
     </span>
    </p>

    <p class='ocr_par' dir='ltr' id='par_1_6' title="bbox 60 2685 1775 3468">
     <span class='ocr_line' id='line_1_27' title="bbox 100 2685 1765 2760; baseline -0.002 -14"><span class='ocrx_word' id='word_1_322' title='bbox 100 2689 209 2747; x_wconf 90' lang='lat' dir='ltr'><strong>Ultima</strong></span> <span class='ocrx_word' id='word_1_323' title='bbox 223 2704 301 2745; x_wconf 91' lang='lat' dir='ltr'><strong>nuno</strong></span> <span class='ocrx_word' id='word_1_324' title='bbox 316 2690 490 2758; x_wconf 90' lang='lat' dir='ltr'><strong>sequantur,</strong></span> <span class='ocrx_word' id='word_1_325' title='bbox 501 2702 593 2759; x_wconf 90' lang='lat' dir='ltr'><strong>eaque</strong></span> <span class='ocrx_word' id='word_1_326' title='bbox 603 2687 777 2760; x_wconf 88' lang='lat' dir='ltr'><strong>gravissima</strong></span> <span class='ocrx_word' id='word_1_327' title='bbox 787 2692 888 2745; x_wconf 89' lang='lat' dir='ltr'><strong>contra</strong></span> <span class='ocrx_word' id='word_1_328' title='bbox 941 2702 1042 2743; x_wconf 90' lang='lat' dir='ltr'><strong>earum</strong></span> <span class='ocrx_word' id='word_1_329' title='bbox 1053 2685 1214 2743; x_wconf 84' lang='lat' dir='ltr'><strong>Ecclesiam</strong></span> <span class='ocrx_word' id='word_1_330' title='bbox 1225 2702 1277 2741; x_wconf 88' lang='lat' dir='ltr'><strong>nec</strong></span> <span class='ocrx_word' id='word_1_331' title='bbox 1288 2689 1347 2742; x_wconf 89' lang='lat' dir='ltr'><strong>toto</strong></span> <span class='ocrx_word' id='word_1_332' title='bbox 1359 2685 1428 2742; x_wconf 91' lang='lat' dir='ltr'><strong>orbe</strong></span> <span class='ocrx_word' id='word_1_333' title='bbox 1439 2687 1589 2755; x_wconf 81' lang='lat' dir='ltr'><strong>diffusam,</strong></span> <span class='ocrx_word' id='word_1_334' title='bbox 1600 2687 1651 2743; x_wconf 90' lang='lat' dir='ltr'><strong>sed</strong></span> <span class='ocrx_word' id='word_1_335' title='bbox 1667 2702 1720 2743; x_wconf 88' lang='lat' dir='ltr'><strong>nec</strong></span> <span class='ocrx_word' id='word_1_336' title='bbox 1735 2687 1765 2743; x_wconf 92' lang='lat' dir='ltr'><strong>in</strong></span> 
     </span>
     <span class='ocr_line' id='line_1_28' title="bbox 61 2774 1766 2849; baseline -0.005 -10"><span class='ocrx_word' id='word_1_337' title='bbox 61 2779 283 2839; x_wconf 89' lang='lat' dir='ltr'><strong>sanctissimum</strong></span> <span class='ocrx_word' id='word_1_338' title='bbox 296 2777 416 2849; x_wconf 85' lang='lat' dir='ltr'><strong>Papam,</strong></span> <span class='ocrx_word' id='word_1_339' title='bbox 430 2780 461 2832; x_wconf 91' lang='lat' dir='ltr'><strong>ut</strong></span> <span class='ocrx_word' id='word_1_340' title='bbox 475 2776 637 2833; x_wconf 88' lang='lat' dir='ltr'><strong>vilissimae</strong></span> <span class='ocrx_word' id='word_1_341' title='bbox 653 2794 754 2833; x_wconf 90' lang='lat' dir='ltr'><strong>scurra</strong></span> <span class='ocrx_word' id='word_1_342' title='bbox 769 2777 888 2834; x_wconf 90' lang='lat' dir='ltr'><strong>duriora</strong></span> <span class='ocrx_word' id='word_1_343' title='bbox 941 2774 1100 2848; x_wconf 91' lang='lat' dir='ltr'><strong>longinquo</strong></span> <span class='ocrx_word' id='word_1_344' title='bbox 1110 2775 1290 2831; x_wconf 88' lang='lat' dir='ltr'><strong>coadunatos</strong></span> <span class='ocrx_word' id='word_1_345' title='bbox 1305 2774 1413 2831; x_wconf 88' lang='lat' dir='ltr'><strong>hahere</strong></span> <span class='ocrx_word' id='word_1_346' title='bbox 1423 2799 1430 2843; x_wconf 87' lang='lat'><strong>;</strong></span> <span class='ocrx_word' id='word_1_347' title='bbox 1442 2774 1512 2848; x_wconf 93' lang='lat' dir='ltr'><strong>quid</strong></span> <span class='ocrx_word' id='word_1_348' title='bbox 1523 2791 1592 2847; x_wconf 89' lang='lat' dir='ltr'><strong>ergo</strong></span> <span class='ocrx_word' id='word_1_349' title='bbox 1608 2774 1727 2843; x_wconf 90' lang='lat' dir='ltr'><strong>mirum,</strong></span> <span class='ocrx_word' id='word_1_350' title='bbox 1741 2775 1766 2832; x_wconf 90' lang='lat' dir='ltr'><strong>si</strong></span> 
     </span>
     <span class='ocr_line' id='line_1_29' title="bbox 60 2862 1768 2939; baseline -0.004 -14"><span class='ocrx_word' id='word_1_351' title='bbox 60 2874 91 2926; x_wconf 90' lang='lat' dir='ltr'><strong>st</strong></span> <span class='ocrx_word' id='word_1_352' title='bbox 105 2866 254 2924; x_wconf 87' lang='lat' dir='ltr'><strong>acerbiora</strong></span> <span class='ocrx_word' id='word_1_353' title='bbox 275 2869 439 2922; x_wconf 88' lang='lat' dir='ltr'><strong>scommata</strong></span> <span class='ocrx_word' id='word_1_354' title='bbox 457 2880 589 2920; x_wconf 85' lang='lat' dir='ltr'><strong>emovere</strong></span> <span class='ocrx_word' id='word_1_355' title='bbox 606 2881 663 2921; x_wconf 94' lang='lat' dir='ltr'><strong>non</strong></span> <span class='ocrx_word' id='word_1_356' title='bbox 688 2865 842 2939; x_wconf 88' lang='lat' dir='ltr'><strong>potuisset.</strong></span> <span class='ocrx_word' id='word_1_357' title='bbox 857 2871 886 2923; x_wconf 82' lang='lat' dir='ltr'><strong>S.</strong></span> <span class='ocrx_word' id='word_1_358' title='bbox 941 2862 1009 2935; x_wconf 92' lang='lat' dir='ltr'><strong>quis</strong></span> <span class='ocrx_word' id='word_1_359' title='bbox 1021 2863 1169 2919; x_wconf 85' lang='lat' dir='ltr'><strong>Donatista</strong></span> <span class='ocrx_word' id='word_1_360' title='bbox 1179 2863 1298 2919; x_wconf 89' lang='lat' dir='ltr'><strong>tandem</strong></span> <span class='ocrx_word' id='word_1_361' title='bbox 1313 2862 1480 2935; x_wconf 88' lang='lat' dir='ltr'><strong>procuderit</strong></span> <span class='ocrx_word' id='word_1_362' title='bbox 1495 2863 1647 2936; x_wconf 82' lang='lat' dir='ltr'><strong>prefatam</strong></span> <span class='ocrx_word' id='word_1_363' title='bbox 1658 2864 1768 2935; x_wconf 88' lang='lat' dir='ltr'><strong>episto-</strong></span> 
     </span>
     <span class='ocr_line' id='line_1_30' title="bbox 61 2949 1711 3030; baseline -0.005 -15"><span class='ocrx_word' id='word_1_364' title='bbox 61 2956 243 3030; x_wconf 88' lang='lat' dir='ltr'><strong>Staphanum</strong></span> <span class='ocrx_word' id='word_1_365' title='bbox 259 2954 387 3010; x_wconf 88' lang='lat' dir='ltr'><strong>traducit</strong></span> <span class='ocrx_word' id='word_1_366' title='bbox 401 2957 542 3026; x_wconf 87' lang='lat' dir='ltr'><strong>tanquam</strong></span> <span class='ocrx_word' id='word_1_367' title='bbox 558 2952 692 3010; x_wconf 92' lang='lat' dir='ltr'><strong>dolosum</strong></span> <span class='ocrx_word' id='word_1_368' title='bbox 708 2954 886 3026; x_wconf 87' lang='lat' dir='ltr'><strong>operarium,</strong></span> <span class='ocrx_word' id='word_1_369' title='bbox 907 3004 914 3010; x_wconf 91' lang='lat'><strong>.</strong></span> <span class='ocrx_word' id='word_1_370' title='bbox 942 2950 1012 3023; x_wconf 87' lang='lat' dir='ltr'><strong>lam,</strong></span> <span class='ocrx_word' id='word_1_371' title='bbox 1024 2967 1091 3008; x_wconf 92' lang='lat' dir='ltr'><strong>oum</strong></span> <span class='ocrx_word' id='word_1_372' title='bbox 1106 2951 1160 3007; x_wconf 93' lang='lat' dir='ltr'><strong>hoc</strong></span> <span class='ocrx_word' id='word_1_373' title='bbox 1174 2956 1203 3008; x_wconf 89' lang='lat' dir='ltr'><strong>et</strong></span> <span class='ocrx_word' id='word_1_374' title='bbox 1217 2951 1436 3008; x_wconf 87' lang='lat' dir='ltr'><strong>Donatistarum</strong></span> <span class='ocrx_word' id='word_1_375' title='bbox 1451 2949 1576 3008; x_wconf 90' lang='lat' dir='ltr'><strong>heresin</strong></span> <span class='ocrx_word' id='word_1_376' title='bbox 1591 2951 1711 3024; x_wconf 87' lang='lat' dir='ltr'><strong>sapiat‘i</strong></span> 
     </span>
     <span class='ocr_line' id='line_1_31' title="bbox 61 3041 1470 3120; baseline -0.001 -19"><span class='ocrx_word' id='word_1_377' title='bbox 61 3042 365 3120; x_wconf 87' lang='lat' dir='ltr'><strong>pseudo-apostolum,</strong></span> <span class='ocrx_word' id='word_1_378' title='bbox 381 3042 439 3099; x_wconf 90' lang='lat' dir='ltr'><strong>imo</strong></span> <span class='ocrx_word' id='word_1_379' title='bbox 454 3041 739 3115; x_wconf 87' lang='lat' dir='ltr'><strong>pseudo-Christum.</strong></span> <span class='ocrx_word' id='word_1_380' title='bbox 751 3044 888 3117; x_wconf 84' lang='lat' dir='ltr'><strong>Ambagi·</strong></span> <span class='ocrx_word' id='word_1_381' title='bbox 1238 3074 1406 3114; x_wconf 58' lang='lat' dir='ltr'><strong>mommo</strong></span> <span class='ocrx_word' id='word_1_382' title='bbox 1428 3074 1470 3113; x_wconf 84' lang='lat' dir='ltr'><strong>nr.</strong></span> 
     </span>
     <span class='ocr_line' id='line_1_32' title="bbox 61 3130 1775 3219; baseline -0.001 -27"><span class='ocrx_word' id='word_1_383' title='bbox 61 3136 119 3192; x_wconf 92' lang='lat' dir='ltr'><strong>hus</strong></span> <span class='ocrx_word' id='word_1_384' title='bbox 135 3134 229 3188; x_wconf 89' lang='lat' dir='ltr'><strong>atitar</strong></span> <span class='ocrx_word' id='word_1_385' title='bbox 251 3130 301 3188; x_wconf 88' lang='lat' dir='ltr'><strong>illa</strong></span> <span class='ocrx_word' id='word_1_386' title='bbox 325 3131 450 3188; x_wconf 85' lang='lat' dir='ltr'><strong>iestiaas</strong></span> <span class='ocrx_word' id='word_1_387' title='bbox 465 3130 599 3202; x_wconf 90' lang='lat' dir='ltr'><strong>scriptor,</strong></span> <span class='ocrx_word' id='word_1_388' title='bbox 615 3143 643 3187; x_wconf 89' lang='lat' dir='ltr'><strong>et</strong></span> <span class='ocrx_word' id='word_1_389' title='bbox 666 3148 774 3189; x_wconf 88' lang='lat' dir='ltr'><strong>novam</strong></span> <span class='ocrx_word' id='word_1_390' title='bbox 800 3149 887 3189; x_wconf 88' lang='lat' dir='ltr'><strong>acca·</strong></span> <span class='ocrx_word' id='word_1_391' title='bbox 945 3146 1129 3203; x_wconf 54' lang='lat' dir='ltr'><strong>verosimilia,</strong></span> <span class='ocrx_word' id='word_1_392' title='bbox 1143 3150 1182 3202; x_wconf 64' lang='lat' dir='ltr'><strong>ese</strong></span> <span class='ocrx_word' id='word_1_393' title='bbox 1197 3146 1267 3219; x_wconf 64' lang='lat' dir='ltr'><strong>quoa</strong></span> <span class='ocrx_word' id='word_1_394' title='bbox 1279 3147 1382 3218; x_wconf 53' lang='lat' dir='ltr'><strong>auique,</strong></span> <span class='ocrx_word' id='word_1_395' title='bbox 1397 3148 1541 3203; x_wconf 61' lang='lat' dir='ltr'><strong>pomum</strong></span> <span class='ocrx_word' id='word_1_396' title='bbox 1559 3147 1713 3219; x_wconf 59' lang='lat' dir='ltr'><strong>Africam</strong></span> <span class='ocrx_word' id='word_1_397' title='bbox 1729 3153 1775 3219; x_wconf 66' lang='lat' dir='ltr'><strong>sa.</strong></span> 
     </span>
     <span class='ocr_line' id='line_1_33' title="bbox 62 3203 1773 3292; baseline -0.002 -12"><span class='ocrx_word' id='word_1_398' title='bbox 62 3221 158 3281; x_wconf 84' lang='lat' dir='ltr'><strong>malet</strong></span> <span class='ocrx_word' id='word_1_399' title='bbox 171 3221 272 3278; x_wconf 76' lang='grc'>1401</span> <span class='ocrx_word' id='word_1_400' title='bbox 299 3219 495 3289; x_wconf 88' lang='lat' dir='ltr'><strong>mendacium,</strong></span> <span class='ocrx_word' id='word_1_401' title='bbox 511 3236 615 3292; x_wconf 86' lang='lat' dir='ltr'><strong>nempe</strong></span> <span class='ocrx_word' id='word_1_402' title='bbox 629 3219 699 3277; x_wconf 91' lang='lat' dir='ltr'><strong>talia</strong></span> <span class='ocrx_word' id='word_1_403' title='bbox 722 3203 923 3279; x_wconf 79' lang='lat' dir='ltr'><strong>srommataC</strong></span> <span class='ocrx_word' id='word_1_404' title='bbox 977 3223 1036 3274; x_wconf 87' lang='lat' dir='ltr'><strong>tam</strong></span> <span class='ocrx_word' id='word_1_405' title='bbox 1050 3219 1194 3290; x_wconf 84' lang='lat' dir='ltr'><strong>epistolam</strong></span> <span class='ocrx_word' id='word_1_406' title='bbox 1207 3220 1399 3292; x_wconf 84' lang='lat' dir='ltr'><strong>composuerit,</strong></span> <span class='ocrx_word' id='word_1_407' title='bbox 1415 3219 1466 3275; x_wconf 87' lang='lat' dir='ltr'><strong>sed</strong></span> <span class='ocrx_word' id='word_1_408' title='bbox 1486 3226 1546 3291; x_wconf 83' lang='lat' dir='ltr'><strong>post</strong></span> <span class='ocrx_word' id='word_1_409' title='bbox 1570 3222 1694 3292; x_wconf 85' lang='lat' dir='ltr'><strong>tempora</strong></span> <span class='ocrx_word' id='word_1_410' title='bbox 1705 3236 1773 3276; x_wconf 84' lang='lat' dir='ltr'><strong>sea·</strong></span> 
     </span>
     <span class='ocr_line' id='line_1_34' title="bbox 69 3291 1687 3384; baseline -0.007 -15"><span class='ocrx_word' id='word_1_411' title='bbox 69 3327 168 3369; x_wconf 85' lang='lat' dir='ltr'><strong>exors</strong></span> <span class='ocrx_word' id='word_1_412' title='bbox 192 3310 346 3383; x_wconf 83' lang='lat' dir='ltr'><strong>ipsiusmet</strong></span> <span class='ocrx_word' id='word_1_413' title='bbox 368 3308 476 3365; x_wconf 91' lang='lat' dir='ltr'><strong>summi</strong></span> <span class='ocrx_word' id='word_1_414' title='bbox 502 3308 650 3366; x_wconf 88' lang='lat' dir='ltr'><strong>Pontisscis</strong></span> <span class='ocrx_word' id='word_1_415' title='bbox 674 3310 803 3382; x_wconf 92' lang='lat' dir='ltr'><strong>primum</strong></span> <span class='ocrx_word' id='word_1_416' title='bbox 828 3328 894 3384; x_wconf 90' lang='lat' dir='ltr'><strong>pro·</strong></span> <span class='ocrx_word' id='word_1_417' title='bbox 984 3291 1196 3360; x_wconf 58' lang='lat' dir='ltr'><strong>didudmii&#39;m&#39;·</strong></span> <span class='ocrx_word' id='word_1_418' title='bbox 1680 3298 1687 3308; x_wconf 67' lang='grc'><em>“</em></span> 
     </span>
     <span class='ocr_line' id='line_1_35' title="bbox 65 3394 1773 3468; baseline -0.004 -10"><span class='ocrx_word' id='word_1_419' title='bbox 65 3400 201 3458; x_wconf 83' lang='lat' dir='ltr'><strong>iluxiese.</strong></span> <span class='ocrx_word' id='word_1_420' title='bbox 219 3400 262 3454; x_wconf 95' lang='lat' dir='ltr'><strong>En</strong></span> <span class='ocrx_word' id='word_1_421' title='bbox 277 3397 358 3455; x_wconf 92' lang='lat' dir='ltr'><strong>illias</strong></span> <span class='ocrx_word' id='word_1_422' title='bbox 369 3397 466 3453; x_wconf 86' lang='lat' dir='ltr'><strong>verba.</strong></span> <span class='ocrx_word' id='word_1_423' title='bbox 984 3395 1065 3453; x_wconf 84' lang='lat'><strong>55.1.</strong></span> <span class='ocrx_word' id='word_1_424' title='bbox 1081 3396 1160 3452; x_wconf 89' lang='lat' dir='ltr'><strong>Pars.</strong></span> <span class='ocrx_word' id='word_1_425' title='bbox 1172 3395 1207 3451; x_wconf 95' lang='lat' dir='ltr'><strong>Et</strong></span> <span class='ocrx_word' id='word_1_426' title='bbox 1219 3394 1349 3468; x_wconf 91' lang='lat' dir='ltr'><strong>quidem,</strong></span> <span class='ocrx_word' id='word_1_427' title='bbox 1359 3395 1437 3468; x_wconf 92' lang='lat' dir='ltr'><strong>quod</strong></span> <span class='ocrx_word' id='word_1_428' title='bbox 1452 3399 1519 3468; x_wconf 91' lang='lat' dir='ltr'><strong>post</strong></span> <span class='ocrx_word' id='word_1_429' title='bbox 1532 3400 1665 3467; x_wconf 82' lang='lat' dir='ltr'><strong>tempora</strong></span> <span class='ocrx_word' id='word_1_430' title='bbox 1675 3396 1704 3452; x_wconf 90' lang='lat' dir='ltr'><strong>S.</strong></span> <span class='ocrx_word' id='word_1_431' title='bbox 1715 3397 1773 3452; x_wconf 90' lang='lat' dir='ltr'><strong>Au·</strong></span> 
     </span>
    </p>

    <p class='ocr_par' dir='ltr' id='par_1_7' title="bbox 65 3483 1778 4358">
     <span class='ocr_line' id='line_1_36' title="bbox 107 3483 1772 3561; baseline 0.001 -21"><span class='ocrx_word' id='word_1_432' title='bbox 107 3512 121 3541; x_wconf 78' lang='lat' dir='ltr'><strong>a</strong></span> <span class='ocrx_word' id='word_1_433' title='bbox 136 3488 316 3561; x_wconf 88' lang='lat' dir='ltr'><strong>Stephanum</strong></span> <span class='ocrx_word' id='word_1_434' title='bbox 341 3503 399 3543; x_wconf 94' lang='lat' dir='ltr'><strong>non</strong></span> <span class='ocrx_word' id='word_1_435' title='bbox 424 3486 548 3559; x_wconf 93' lang='lat' dir='ltr'><strong>pudet...</strong></span> <span class='ocrx_word' id='word_1_436' title='bbox 573 3485 695 3558; x_wconf 91' lang='lat' dir='ltr'><strong>insuper</strong></span> <span class='ocrx_word' id='word_1_437' title='bbox 718 3486 895 3561; x_wconf 77' lang='lat' dir='ltr'><strong>Cyprianum</strong></span> <span class='ocrx_word' id='word_1_438' title='bbox 950 3485 1060 3560; x_wconf 90' lang='lat' dir='ltr'><strong>gustiai</strong></span> <span class='ocrx_word' id='word_1_439' title='bbox 1085 3485 1188 3542; x_wconf 71' lang='lat'><strong>14⁰2</strong></span> <span class='ocrx_word' id='word_1_440' title='bbox 1204 3483 1332 3558; x_wconf 90' lang='lat' dir='ltr'><strong>primum</strong></span> <span class='ocrx_word' id='word_1_441' title='bbox 1357 3484 1526 3556; x_wconf 87' lang='lat' dir='ltr'><strong>innotuerit,</strong></span> <span class='ocrx_word' id='word_1_442' title='bbox 1543 3486 1610 3541; x_wconf 90' lang='lat' dir='ltr'><strong>inde</strong></span> <span class='ocrx_word' id='word_1_443' title='bbox 1625 3483 1772 3557; x_wconf 87' lang='lat' dir='ltr'><strong>conjicio:</strong></span> 
     </span>
     <span class='ocr_line' id='line_1_37' title="bbox 65 3573 1773 3654; baseline -0.005 -19"><span class='ocrx_word' id='word_1_444' title='bbox 65 3576 346 3654; x_wconf 85' lang='lat' dir='ltr'><strong>pseudo-Christum</strong></span> <span class='ocrx_word' id='word_1_445' title='bbox 362 3579 391 3630; x_wconf 94' lang='lat' dir='ltr'><strong>et</strong></span> <span class='ocrx_word' id='word_1_446' title='bbox 406 3574 711 3647; x_wconf 90' lang='lat' dir='ltr'><strong>pseudo-apostolum,</strong></span> <span class='ocrx_word' id='word_1_447' title='bbox 727 3580 756 3631; x_wconf 92' lang='lat' dir='ltr'><strong>et</strong></span> <span class='ocrx_word' id='word_1_448' title='bbox 771 3578 896 3650; x_wconf 91' lang='lat' dir='ltr'><strong>pseudo·</strong></span> <span class='ocrx_word' id='word_1_449' title='bbox 951 3576 979 3630; x_wconf 86' lang='lat'><strong>1⁰</strong></span> <span class='ocrx_word' id='word_1_450' title='bbox 990 3575 1062 3639; x_wconf 88' lang='lat' dir='ltr'><strong>Quia</strong></span> <span class='ocrx_word' id='word_1_451' title='bbox 1073 3574 1211 3647; x_wconf 87' lang='lat' dir='ltr'><strong>usquead</strong></span> <span class='ocrx_word' id='word_1_452' title='bbox 1228 3577 1344 3630; x_wconf 89' lang='lat' dir='ltr'><strong>etatem</strong></span> <span class='ocrx_word' id='word_1_453' title='bbox 1356 3574 1385 3630; x_wconf 89' lang='lat' dir='ltr'><strong>S.</strong></span> <span class='ocrx_word' id='word_1_454' title='bbox 1396 3573 1552 3647; x_wconf 79' lang='lat' dir='ltr'><strong>Augustini</strong></span> <span class='ocrx_word' id='word_1_455' title='bbox 1563 3591 1580 3630; x_wconf 92' lang='lat' dir='ltr'><strong>a</strong></span> <span class='ocrx_word' id='word_1_456' title='bbox 1590 3573 1670 3631; x_wconf 89' lang='lat' dir='ltr'><strong>anilo</strong></span> <span class='ocrx_word' id='word_1_457' title='bbox 1681 3573 1773 3645; x_wconf 89' lang='lat' dir='ltr'><strong>scrip·</strong></span> 
     </span>
     <span class='ocr_line' id='line_1_38' title="bbox 66 3662 1775 3740; baseline -0.004 -15"><span class='ocrx_word' id='word_1_458' title='bbox 66 3665 234 3740; x_wconf 88' lang='lat' dir='ltr'><strong>operarium</strong></span> <span class='ocrx_word' id='word_1_459' title='bbox 249 3664 307 3737; x_wconf 83' lang='grc'>(26)</span> <span class='ocrx_word' id='word_1_460' title='bbox 320 3662 436 3719; x_wconf 79' lang='lat' dir='ltr'><strong>dicere?</strong></span> <span class='ocrx_word' id='word_1_461' title='bbox 445 3662 497 3728; x_wconf 88' lang='lat' dir='ltr'><strong>Qui</strong></span> <span class='ocrx_word' id='word_1_462' title='bbox 509 3664 609 3719; x_wconf 89' lang='lat' dir='ltr'><strong>omnia</strong></span> <span class='ocrx_word' id='word_1_463' title='bbox 624 3664 700 3719; x_wconf 89' lang='lat' dir='ltr'><strong>inter</strong></span> <span class='ocrx_word' id='word_1_464' title='bbox 710 3681 741 3720; x_wconf 92' lang='lat' dir='ltr'><strong>se</strong></span> <span class='ocrx_word' id='word_1_465' title='bbox 753 3681 817 3721; x_wconf 85' lang='lat' dir='ltr'><strong>asse</strong></span> <span class='ocrx_word' id='word_1_466' title='bbox 827 3682 895 3721; x_wconf 87' lang='lat' dir='ltr'><strong>con·</strong></span> <span class='ocrx_word' id='word_1_467' title='bbox 951 3668 1014 3720; x_wconf 90' lang='lat' dir='ltr'><strong>tore</strong></span> <span class='ocrx_word' id='word_1_468' title='bbox 1024 3662 1115 3719; x_wconf 89' lang='lat' dir='ltr'><strong>relata</strong></span> <span class='ocrx_word' id='word_1_469' title='bbox 1125 3662 1306 3729; x_wconf 82' lang='lat' dir='ltr'><strong>iuit.2⁰0uia</strong></span> <span class='ocrx_word' id='word_1_470' title='bbox 1317 3663 1472 3735; x_wconf 89' lang='lat' dir='ltr'><strong>nequidem</strong></span> <span class='ocrx_word' id='word_1_471' title='bbox 1481 3664 1683 3738; x_wconf 87' lang='lat' dir='ltr'><strong>S.Aagustino</strong></span> <span class='ocrx_word' id='word_1_472' title='bbox 1694 3680 1711 3719; x_wconf 89' lang='lat' dir='ltr'><strong>a</strong></span> <span class='ocrx_word' id='word_1_473' title='bbox 1722 3662 1775 3718; x_wconf 91' lang='lat' dir='ltr'><strong>Do·</strong></span> 
     </span>
     <span class='ocr_line' id='line_1_39' title="bbox 66 3751 1773 3826; baseline -0.004 -12"><span class='ocrx_word' id='word_1_474' title='bbox 66 3756 150 3814; x_wconf 90' lang='lat' dir='ltr'><strong>scias</strong></span> <span class='ocrx_word' id='word_1_475' title='bbox 165 3752 312 3826; x_wconf 85' lang='lat' dir='ltr'><strong>prevenit,</strong></span> <span class='ocrx_word' id='word_1_476' title='bbox 328 3756 361 3808; x_wconf 94' lang='lat' dir='ltr'><strong>ut</strong></span> <span class='ocrx_word' id='word_1_477' title='bbox 375 3751 458 3807; x_wconf 89' lang='lat' dir='ltr'><strong>altari</strong></span> <span class='ocrx_word' id='word_1_478' title='bbox 473 3768 507 3808; x_wconf 89' lang='lat' dir='ltr'><strong>ea</strong></span> <span class='ocrx_word' id='word_1_479' title='bbox 521 3768 573 3824; x_wconf 90' lang='lat' dir='ltr'><strong>per</strong></span> <span class='ocrx_word' id='word_1_480' title='bbox 588 3753 772 3808; x_wconf 89' lang='lat' dir='ltr'><strong>mendacium</strong></span> <span class='ocrx_word' id='word_1_481' title='bbox 789 3753 896 3826; x_wconf 87' lang='lat' dir='ltr'><strong>objice·</strong></span> <span class='ocrx_word' id='word_1_482' title='bbox 953 3753 1069 3810; x_wconf 81' lang='lat' dir='ltr'><strong>antistis</strong></span> <span class='ocrx_word' id='word_1_483' title='bbox 1083 3751 1227 3808; x_wconf 79' lang='lat' dir='ltr'><strong>Africanis</strong></span> <span class='ocrx_word' id='word_1_484' title='bbox 1245 3752 1359 3823; x_wconf 89' lang='lat' dir='ltr'><strong>objecta</strong></span> <span class='ocrx_word' id='word_1_485' title='bbox 1382 3751 1473 3809; x_wconf 90' lang='lat' dir='ltr'><strong>iaisse</strong></span> <span class='ocrx_word' id='word_1_486' title='bbox 1497 3752 1605 3825; x_wconf 90' lang='lat' dir='ltr'><strong>legitur</strong></span> <span class='ocrx_word' id='word_1_487' title='bbox 1623 3753 1688 3826; x_wconf 71' lang='grc'><strong>(28).</strong></span> <span class='ocrx_word' id='word_1_488' title='bbox 1700 3751 1773 3808; x_wconf 93' lang='lat' dir='ltr'><strong>Cam</strong></span> 
     </span>
     <span class='ocr_line' id='line_1_40' title="bbox 66 3840 1774 3917; baseline -0.004 -16"><span class='ocrx_word' id='word_1_489' title='bbox 66 3849 122 3915; x_wconf 90' lang='lat' dir='ltr'><strong>ret,</strong></span> <span class='ocrx_word' id='word_1_490' title='bbox 135 3860 198 3917; x_wconf 86' lang='lat' dir='ltr'><strong>que</strong></span> <span class='ocrx_word' id='word_1_491' title='bbox 216 3842 279 3914; x_wconf 91' lang='lat' dir='ltr'><strong>ipse</strong></span> <span class='ocrx_word' id='word_1_492' title='bbox 295 3857 330 3897; x_wconf 88' lang='lat' dir='ltr'><strong>ex</strong></span> <span class='ocrx_word' id='word_1_493' title='bbox 340 3841 445 3897; x_wconf 89' lang='lat' dir='ltr'><strong>merito</strong></span> <span class='ocrx_word' id='word_1_494' title='bbox 458 3841 560 3897; x_wconf 89' lang='lat' dir='ltr'><strong>audire</strong></span> <span class='ocrx_word' id='word_1_495' title='bbox 575 3841 703 3897; x_wconf 89' lang='lat' dir='ltr'><strong>deberet.</strong></span> <span class='ocrx_word' id='word_1_496' title='bbox 716 3841 791 3898; x_wconf 89' lang='lat' dir='ltr'><strong>Bene</strong></span> <span class='ocrx_word' id='word_1_497' title='bbox 804 3848 833 3900; x_wconf 88' lang='lat' dir='ltr'><strong>te</strong></span> <span class='ocrx_word' id='word_1_498' title='bbox 847 3860 898 3900; x_wconf 86' lang='lat' dir='ltr'><strong>va·</strong></span> <span class='ocrx_word' id='word_1_499' title='bbox 953 3847 1052 3900; x_wconf 89' lang='lat' dir='ltr'><strong>tamen</strong></span> <span class='ocrx_word' id='word_1_500' title='bbox 1063 3841 1136 3914; x_wconf 89' lang='lat' dir='ltr'><strong>ipsis</strong></span> <span class='ocrx_word' id='word_1_501' title='bbox 1147 3840 1273 3897; x_wconf 87' lang='lat' dir='ltr'><strong>maxime</strong></span> <span class='ocrx_word' id='word_1_502' title='bbox 1284 3840 1451 3898; x_wconf 87' lang='lat' dir='ltr'><strong>iavcrahilis</strong></span> <span class='ocrx_word' id='word_1_503' title='bbox 1462 3840 1620 3907; x_wconf 67' lang='lat' dir='ltr'><strong>fuissetne</strong></span> <span class='ocrx_word' id='word_1_504' title='bbox 1631 3856 1682 3912; x_wconf 95' lang='lat' dir='ltr'><strong>pro</strong></span> <span class='ocrx_word' id='word_1_505' title='bbox 1693 3844 1774 3907; x_wconf 87' lang='lat' dir='ltr'><strong>tunc,</strong></span> 
     </span>
     <span class='ocr_line' id='line_1_41' title="bbox 65 3929 1775 4007; baseline -0.004 -17"><span class='ocrx_word' id='word_1_506' title='bbox 65 3934 137 4001; x_wconf 90' lang='lat' dir='ltr'><strong>lere,</strong></span> <span class='ocrx_word' id='word_1_507' title='bbox 149 3937 205 3989; x_wconf 87' lang='lat' dir='ltr'><strong>stc.</strong></span> <span class='ocrx_word' id='word_1_508' title='bbox 217 3963 251 3973; x_wconf 95' lang='lat'><em>-</em></span> <span class='ocrx_word' id='word_1_509' title='bbox 264 3930 334 3997; x_wconf 84' lang='lat' dir='ltr'><strong>Quis</strong></span> <span class='ocrx_word' id='word_1_510' title='bbox 358 3930 457 3986; x_wconf 92' lang='lat' dir='ltr'><strong>credat</strong></span> <span class='ocrx_word' id='word_1_511' title='bbox 471 3929 551 4002; x_wconf 93' lang='lat' dir='ltr'><strong>quod</strong></span> <span class='ocrx_word' id='word_1_512' title='bbox 572 3929 602 3986; x_wconf 92' lang='lat' dir='ltr'><strong>S.</strong></span> <span class='ocrx_word' id='word_1_513' title='bbox 619 3930 785 4001; x_wconf 89' lang='lat' dir='ltr'><strong>Stephanus</strong></span> <span class='ocrx_word' id='word_1_514' title='bbox 800 3932 828 3988; x_wconf 89' lang='lat' dir='ltr'><strong>S.</strong></span> <span class='ocrx_word' id='word_1_515' title='bbox 845 3934 899 4007; x_wconf 76' lang='lat' dir='ltr'><strong>Cy·</strong></span> <span class='ocrx_word' id='word_1_516' title='bbox 954 3947 1057 4004; x_wconf 90' lang='lat' dir='ltr'><strong>nempe</strong></span> <span class='ocrx_word' id='word_1_517' title='bbox 1073 3929 1149 3986; x_wconf 89' lang='lat' dir='ltr'><strong>circa</strong></span> <span class='ocrx_word' id='word_1_518' title='bbox 1164 3929 1282 3986; x_wconf 90' lang='lat' dir='ltr'><strong>initium</strong></span> <span class='ocrx_word' id='word_1_519' title='bbox 1303 3929 1401 3986; x_wconf 88' lang='lat' dir='ltr'><strong>secali</strong></span> <span class='ocrx_word' id='word_1_520' title='bbox 1416 3947 1444 3998; x_wconf 91' lang='lat' dir='ltr'><strong>v,</strong></span> <span class='ocrx_word' id='word_1_521' title='bbox 1460 3945 1550 3985; x_wconf 91' lang='lat' dir='ltr'><strong>caasa</strong></span> <span class='ocrx_word' id='word_1_522' title='bbox 1572 3929 1775 4000; x_wconf 86' lang='lat' dir='ltr'><strong>rebaptizatio·</strong></span> 
     </span>
     <span class='ocr_line' id='line_1_42' title="bbox 66 4017 1703 4097; baseline -0.004 -19"><span class='ocrx_word' id='word_1_523' title='bbox 66 4023 217 4097; x_wconf 79' lang='lat' dir='ltr'><strong>prienam,</strong></span> <span class='ocrx_word' id='word_1_524' title='bbox 227 4022 314 4092; x_wconf 84' lang='lat' dir='ltr'><strong>cujus</strong></span> <span class='ocrx_word' id='word_1_525' title='bbox 329 4034 435 4076; x_wconf 87' lang='lat' dir='ltr'><strong>nomen</strong></span> <span class='ocrx_word' id='word_1_526' title='bbox 452 4017 584 4075; x_wconf 76' lang='lat' dir='ltr'><strong>Ecclesia</strong></span> <span class='ocrx_word' id='word_1_527' title='bbox 594 4019 725 4075; x_wconf 85' lang='lat' dir='ltr'><strong>Romana</strong></span> <span class='ocrx_word' id='word_1_528' title='bbox 739 4036 793 4076; x_wconf 91' lang='lat' dir='ltr'><strong>sao</strong></span> <span class='ocrx_word' id='word_1_529' title='bbox 804 4021 900 4078; x_wconf 81' lang='lat' dir='ltr'><strong>Missa</strong></span> <span class='ocrx_word' id='word_1_530' title='bbox 955 4020 1001 4078; x_wconf 89' lang='lat' dir='ltr'><strong>nis</strong></span> <span class='ocrx_word' id='word_1_531' title='bbox 1016 4036 1068 4093; x_wconf 92' lang='lat' dir='ltr'><strong>per</strong></span> <span class='ocrx_word' id='word_1_532' title='bbox 1082 4017 1207 4074; x_wconf 89' lang='lat' dir='ltr'><strong>Airicam</strong></span> <span class='ocrx_word' id='word_1_533' title='bbox 1222 4034 1310 4091; x_wconf 89' lang='lat' dir='ltr'><strong>quam</strong></span> <span class='ocrx_word' id='word_1_534' title='bbox 1327 4017 1520 4075; x_wconf 78' lang='lat' dir='ltr'><strong>fervidissime</strong></span> <span class='ocrx_word' id='word_1_535' title='bbox 1534 4017 1703 4091; x_wconf 82' lang='lat' dir='ltr'><strong>agitaretur.</strong></span> 
     </span>
     <span class='ocr_line' id='line_1_43' title="bbox 66 4105 1776 4184; baseline -0.006 -14"><span class='ocrx_word' id='word_1_536' title='bbox 66 4111 173 4170; x_wconf 79' lang='lat' dir='ltr'><strong>cenom</strong></span> <span class='ocrx_word' id='word_1_537' title='bbox 189 4107 313 4166; x_wconf 90' lang='lat' dir='ltr'><strong>inseruit</strong></span> <span class='ocrx_word' id='word_1_538' title='bbox 323 4109 360 4165; x_wconf 94' lang='lat' dir='ltr'><strong>ab</strong></span> <span class='ocrx_word' id='word_1_539' title='bbox 377 4107 509 4180; x_wconf 92' lang='lat' dir='ltr'><strong>antiquo,</strong></span> <span class='ocrx_word' id='word_1_540' title='bbox 521 4107 692 4164; x_wconf 80' lang='lat' dir='ltr'><strong>vocitaverit</strong></span> <span class='ocrx_word' id='word_1_541' title='bbox 708 4110 901 4184; x_wconf 91' lang='lat' dir='ltr'><strong>pseudo-apo·</strong></span> <span class='ocrx_word' id='word_1_542' title='bbox 990 4111 1017 4167; x_wconf 89' lang='lat'><strong>3.</strong></span> <span class='ocrx_word' id='word_1_543' title='bbox 1033 4109 1107 4173; x_wconf 84' lang='lat' dir='ltr'><strong>Quia</strong></span> <span class='ocrx_word' id='word_1_544' title='bbox 1121 4107 1278 4164; x_wconf 90' lang='lat' dir='ltr'><strong>Donatiste</strong></span> <span class='ocrx_word' id='word_1_545' title='bbox 1290 4111 1419 4180; x_wconf 88' lang='lat' dir='ltr'><strong>tempore</strong></span> <span class='ocrx_word' id='word_1_546' title='bbox 1430 4107 1523 4164; x_wconf 88' lang='lat' dir='ltr'><strong>sancti</strong></span> <span class='ocrx_word' id='word_1_547' title='bbox 1538 4105 1693 4179; x_wconf 83' lang='lat' dir='ltr'><strong>Augustini</strong></span> <span class='ocrx_word' id='word_1_548' title='bbox 1708 4121 1776 4160; x_wconf 92' lang='lat' dir='ltr'><strong>san·</strong></span> 
     </span>
     <span class='ocr_line' id='line_1_44' title="bbox 67 4195 1778 4272; baseline -0.005 -14"><span class='ocrx_word' id='word_1_549' title='bbox 67 4195 506 4272; x_wconf 83' lang='lat' dir='ltr'><strong>stolum,pseudo-Christum‘l</strong></span> <span class='ocrx_word' id='word_1_550' title='bbox 522 4197 557 4252; x_wconf 89' lang='lat' dir='ltr'><strong>Et</strong></span> <span class='ocrx_word' id='word_1_551' title='bbox 580 4195 641 4252; x_wconf 91' lang='lat' dir='ltr'><strong>hec</strong></span> <span class='ocrx_word' id='word_1_552' title='bbox 656 4197 735 4271; x_wconf 88' lang='lat' dir='ltr'><strong>Papa</strong></span> <span class='ocrx_word' id='word_1_553' title='bbox 748 4215 782 4254; x_wconf 83' lang='lat' dir='ltr'><strong>ax</strong></span> <span class='ocrx_word' id='word_1_554' title='bbox 797 4200 901 4258; x_wconf 86' lang='lat' dir='ltr'><strong>merito</strong></span> <span class='ocrx_word' id='word_1_555' title='bbox 955 4203 1034 4257; x_wconf 89' lang='lat' dir='ltr'><strong>clam</strong></span> <span class='ocrx_word' id='word_1_556' title='bbox 1060 4196 1242 4269; x_wconf 88' lang='lat' dir='ltr'><strong>Stephanum</strong></span> <span class='ocrx_word' id='word_1_557' title='bbox 1266 4213 1371 4269; x_wconf 94' lang='lat' dir='ltr'><strong>papam</strong></span> <span class='ocrx_word' id='word_1_558' title='bbox 1395 4197 1562 4253; x_wconf 89' lang='lat' dir='ltr'><strong>adhucdum</strong></span> <span class='ocrx_word' id='word_1_559' title='bbox 1587 4196 1778 4252; x_wconf 83' lang='lat' dir='ltr'><strong>recensebant</strong></span> 
     </span>
     <span class='ocr_line' id='line_1_45' title="bbox 68 4284 1778 4358; baseline -0.004 -12"><span class='ocrx_word' id='word_1_560' title='bbox 68 4290 172 4346; x_wconf 90' lang='lat' dir='ltr'><strong>andire</strong></span> <span class='ocrx_word' id='word_1_561' title='bbox 187 4286 315 4344; x_wconf 81' lang='lat' dir='ltr'><strong>debuit?</strong></span> <span class='ocrx_word' id='word_1_562' title='bbox 955 4288 1033 4344; x_wconf 91' lang='lat' dir='ltr'><strong>inter</strong></span> <span class='ocrx_word' id='word_1_563' title='bbox 1041 4303 1091 4343; x_wconf 88' lang='lat' dir='ltr'><strong>cos</strong></span> <span class='ocrx_word' id='word_1_564' title='bbox 1101 4284 1254 4358; x_wconf 83' lang='lat' dir='ltr'><strong>pontiiices</strong></span> <span class='ocrx_word' id='word_1_565' title='bbox 1263 4285 1313 4357; x_wconf 93' lang='lat' dir='ltr'><strong>qui</strong></span> <span class='ocrx_word' id='word_1_566' title='bbox 1325 4284 1526 4358; x_wconf 90' lang='lat' dir='ltr'><strong>episcopatum</strong></span> <span class='ocrx_word' id='word_1_567' title='bbox 1538 4284 1703 4341; x_wconf 82' lang='lat' dir='ltr'><strong>itomanam</strong></span> <span class='ocrx_word' id='word_1_568' title='bbox 1714 4300 1778 4357; x_wconf 86' lang='lat' dir='ltr'><strong>ges·</strong></span> 
     </span>
    </p>

    <p class='ocr_par' dir='ltr' id='par_1_8' title="bbox 67 4372 1781 5075">
     <span class='ocr_line' id='line_1_46' title="bbox 109 4372 1776 4449; baseline -0.004 -15"><span class='ocrx_word' id='word_1_569' title='bbox 109 4378 258 4434; x_wconf 82' lang='lat' dir='ltr'><strong>Recordor</strong></span> <span class='ocrx_word' id='word_1_570' title='bbox 274 4375 352 4448; x_wconf 89' lang='lat' dir='ltr'><strong>quod</strong></span> <span class='ocrx_word' id='word_1_571' title='bbox 371 4373 459 4431; x_wconf 91' lang='lat' dir='ltr'><strong>etiam</strong></span> <span class='ocrx_word' id='word_1_572' title='bbox 475 4375 621 4430; x_wconf 84' lang='lat' dir='ltr'><strong>Lutherus</strong></span> <span class='ocrx_word' id='word_1_573' title='bbox 631 4375 687 4448; x_wconf 78' lang='lat'><strong>(27)</strong></span> <span class='ocrx_word' id='word_1_574' title='bbox 703 4392 809 4449; x_wconf 87' lang='lat' dir='ltr'><strong>papam</strong></span> <span class='ocrx_word' id='word_1_575' title='bbox 824 4379 900 4435; x_wconf 89' lang='lat' dir='ltr'><strong>voci·</strong></span> <span class='ocrx_word' id='word_1_576' title='bbox 955 4380 1057 4434; x_wconf 91' lang='lat' dir='ltr'><strong>serant</strong></span> <span class='ocrx_word' id='word_1_577' title='bbox 1070 4373 1226 4430; x_wconf 87' lang='lat' dir='ltr'><strong>illibatum.</strong></span> <span class='ocrx_word' id='word_1_578' title='bbox 1244 4377 1281 4428; x_wconf 85' lang='lat' dir='ltr'><strong>At</strong></span> <span class='ocrx_word' id='word_1_579' title='bbox 1293 4388 1360 4429; x_wconf 88' lang='lat' dir='ltr'><strong>vero</strong></span> <span class='ocrx_word' id='word_1_580' title='bbox 1370 4373 1456 4445; x_wconf 78' lang='lat' dir='ltr'><strong>Juxta</strong></span> <span class='ocrx_word' id='word_1_581' title='bbox 1470 4372 1700 4429; x_wconf 80' lang='lat' dir='ltr'><strong>Eirmilianioam</strong></span> <span class='ocrx_word' id='word_1_582' title='bbox 1715 4373 1776 4429; x_wconf 89' lang='lat' dir='ltr'><strong>Sta·</strong></span> 
     </span>
     <span class='ocr_line' id='line_1_47' title="bbox 67 4460 1776 4539; baseline -0.005 -15"><span class='ocrx_word' id='word_1_583' title='bbox 67 4466 175 4524; x_wconf 82' lang='lat' dir='ltr'><strong>tascrit</strong></span> <span class='ocrx_word' id='word_1_584' title='bbox 195 4464 426 4532; x_wconf 80' lang='lat' dir='ltr'><strong>Antichristum3</strong></span> <span class='ocrx_word' id='word_1_585' title='bbox 444 4464 496 4520; x_wconf 88' lang='lat' dir='ltr'><strong>sed</strong></span> <span class='ocrx_word' id='word_1_586' title='bbox 512 4465 621 4535; x_wconf 90' lang='lat' dir='ltr'><strong>nescio,</strong></span> <span class='ocrx_word' id='word_1_587' title='bbox 641 4464 707 4537; x_wconf 93' lang='lat' dir='ltr'><strong>qais</strong></span> <span class='ocrx_word' id='word_1_588' title='bbox 722 4466 900 4538; x_wconf 87' lang='lat' dir='ltr'><strong>petulantior</strong></span> <span class='ocrx_word' id='word_1_589' title='bbox 954 4465 1070 4539; x_wconf 89' lang='lat' dir='ltr'><strong>phaaus</strong></span> <span class='ocrx_word' id='word_1_590' title='bbox 1092 4463 1196 4519; x_wconf 87' lang='lat' dir='ltr'><strong>suisset</strong></span> <span class='ocrx_word' id='word_1_591' title='bbox 1223 4460 1394 4535; x_wconf 90' lang='lat' dir='ltr'><strong>sacrilegus,</strong></span> <span class='ocrx_word' id='word_1_592' title='bbox 1419 4460 1690 4535; x_wconf 89' lang='lat' dir='ltr'><strong>pseudo-Christus,</strong></span> <span class='ocrx_word' id='word_1_593' title='bbox 1706 4465 1776 4530; x_wconf 68' lang='lat' dir='ltr'><strong>eta,</strong></span> 
     </span>
     <span class='ocr_line' id='line_1_48' title="bbox 70 4550 1778 4634; baseline -0.004 -22"><span class='ocrx_word' id='word_1_594' title='bbox 70 4553 160 4612; x_wconf 82' lang='lat' dir='ltr'><strong>suerit</strong></span> <span class='ocrx_word' id='word_1_595' title='bbox 174 4557 276 4610; x_wconf 90' lang='lat' dir='ltr'><strong>contra</strong></span> <span class='ocrx_word' id='word_1_596' title='bbox 290 4568 462 4625; x_wconf 90' lang='lat' dir='ltr'><strong>supremum</strong></span> <span class='ocrx_word' id='word_1_597' title='bbox 478 4553 568 4609; x_wconf 91' lang='lat' dir='ltr'><strong>totius</strong></span> <span class='ocrx_word' id='word_1_598' title='bbox 579 4552 748 4609; x_wconf 84' lang='lat' dir='ltr'><strong>Christiane</strong></span> <span class='ocrx_word' id='word_1_599' title='bbox 762 4554 896 4613; x_wconf 85' lang='lat' dir='ltr'><strong>Ecclesie</strong></span> <span class='ocrx_word' id='word_1_600' title='bbox 912 4569 936 4634; x_wconf 71' lang='grc' dir='ltr'><strong>Ι)</strong></span> <span class='ocrx_word' id='word_1_601' title='bbox 951 4559 979 4612; x_wconf 90' lang='lat' dir='ltr'><strong>et</strong></span> <span class='ocrx_word' id='word_1_602' title='bbox 993 4554 1057 4610; x_wconf 88' lang='lat' dir='ltr'><strong>idco</strong></span> <span class='ocrx_word' id='word_1_603' title='bbox 1073 4552 1203 4625; x_wconf 91' lang='lat' dir='ltr'><strong>quidem,</strong></span> <span class='ocrx_word' id='word_1_604' title='bbox 1217 4550 1295 4623; x_wconf 94' lang='lat' dir='ltr'><strong>quod</strong></span> <span class='ocrx_word' id='word_1_605' title='bbox 1312 4550 1341 4606; x_wconf 90' lang='lat' dir='ltr'><strong>in</strong></span> <span class='ocrx_word' id='word_1_606' title='bbox 1357 4551 1508 4622; x_wconf 89' lang='lat' dir='ltr'><strong>episcopos</strong></span> <span class='ocrx_word' id='word_1_607' title='bbox 1524 4551 1678 4607; x_wconf 79' lang='lat' dir='ltr'><strong>Africanos</strong></span> <span class='ocrx_word' id='word_1_608' title='bbox 1696 4550 1778 4606; x_wconf 92' lang='lat' dir='ltr'><strong>reba-</strong></span> 
     </span>
     <span class='ocr_line' id='line_1_49' title="bbox 71 4640 1486 4719; baseline -0.004 -19"><span class='ocrx_word' id='word_1_609' title='bbox 71 4646 172 4716; x_wconf 90' lang='lat' dir='ltr'><strong>capat,</strong></span> <span class='ocrx_word' id='word_1_610' title='bbox 183 4659 220 4698; x_wconf 95' lang='lat' dir='ltr'><strong>an</strong></span> <span class='ocrx_word' id='word_1_611' title='bbox 245 4641 402 4708; x_wconf 74' lang='lat' dir='ltr'><strong>lutherus,</strong></span> <span class='ocrx_word' id='word_1_612' title='bbox 416 4658 453 4698; x_wconf 93' lang='lat' dir='ltr'><strong>an</strong></span> <span class='ocrx_word' id='word_1_613' title='bbox 467 4657 534 4698; x_wconf 80' lang='lat' dir='ltr'><strong>vero</strong></span> <span class='ocrx_word' id='word_1_614' title='bbox 560 4642 902 4714; x_wconf 79' lang='lat' dir='ltr'><strong>pseudo-Firmiiianas?</strong></span> <span class='ocrx_word' id='word_1_615' title='bbox 955 4644 1099 4719; x_wconf 80' lang='lat' dir='ltr'><strong>ptisantes</strong></span> <span class='ocrx_word' id='word_1_616' title='bbox 1114 4644 1272 4714; x_wconf 88' lang='lat' dir='ltr'><strong>peccasset,</strong></span> <span class='ocrx_word' id='word_1_617' title='bbox 1291 4656 1319 4695; x_wconf 93' lang='lat' dir='ltr'><strong>n.</strong></span> <span class='ocrx_word' id='word_1_618' title='bbox 1335 4640 1380 4709; x_wconf 81' lang='lat'><strong>75,</strong></span> <span class='ocrx_word' id='word_1_619' title='bbox 1397 4657 1426 4695; x_wconf 91' lang='lat' dir='ltr'><strong>a.</strong></span> <span class='ocrx_word' id='word_1_620' title='bbox 1441 4640 1486 4695; x_wconf 86' lang='grc'><strong>65.</strong></span> 
     </span>
     <span class='ocr_line' id='line_1_50' title="bbox 70 4726 1778 4803; baseline -0.004 -14"><span class='ocrx_word' id='word_1_621' title='bbox 70 4730 233 4797; x_wconf 73' lang='lat' dir='ltr'><strong>pamelius,</strong></span> <span class='ocrx_word' id='word_1_622' title='bbox 250 4729 408 4803; x_wconf 81' lang='lat' dir='ltr'><strong>Rigaitias,</strong></span> <span class='ocrx_word' id='word_1_623' title='bbox 424 4729 901 4802; x_wconf 71' lang='lat' dir='ltr'><strong>Feilius,Paarsonius,Ba1uzius‚</strong></span> <span class='ocrx_word' id='word_1_624' title='bbox 992 4730 1102 4802; x_wconf 82' lang='lat' dir='ltr'><strong>Excipit</strong></span> <span class='ocrx_word' id='word_1_625' title='bbox 1116 4729 1231 4786; x_wconf 89' lang='lat' dir='ltr'><strong>Bertius</strong></span> <span class='ocrx_word' id='word_1_626' title='bbox 1241 4728 1308 4800; x_wconf 78' lang='grc'><strong>(29),</strong></span> <span class='ocrx_word' id='word_1_627' title='bbox 1319 4726 1406 4784; x_wconf 86' lang='lat' dir='ltr'><strong>etiam</strong></span> <span class='ocrx_word' id='word_1_628' title='bbox 1422 4726 1548 4784; x_wconf 86' lang='lat' dir='ltr'><strong>Basilius</strong></span> <span class='ocrx_word' id='word_1_629' title='bbox 1560 4727 1685 4801; x_wconf 89' lang='lat' dir='ltr'><strong>Magnas</strong></span> <span class='ocrx_word' id='word_1_630' title='bbox 1701 4728 1778 4784; x_wconf 91' lang='lat' dir='ltr'><strong>circa</strong></span> 
     </span>
     <span class='ocr_line' id='line_1_51' title="bbox 70 4816 1778 4890; baseline -0.005 -12"><span class='ocrx_word' id='word_1_631' title='bbox 70 4819 279 4878; x_wconf 77' lang='lat' dir='ltr'><strong>&#39;i&#39;iiiemontius</strong></span> <span class='ocrx_word' id='word_1_632' title='bbox 293 4819 388 4890; x_wconf 91' lang='lat' dir='ltr'><strong>aiant,</strong></span> <span class='ocrx_word' id='word_1_633' title='bbox 403 4818 607 4876; x_wconf 84' lang='lat' dir='ltr'><strong>Eirmiiianum</strong></span> <span class='ocrx_word' id='word_1_634' title='bbox 623 4835 687 4877; x_wconf 89' lang='lat' dir='ltr'><strong>esse</strong></span> <span class='ocrx_word' id='word_1_635' title='bbox 701 4826 902 4882; x_wconf 87' lang='lat' dir='ltr'><strong>excusandum</strong></span> <span class='ocrx_word' id='word_1_636' title='bbox 957 4836 1067 4878; x_wconf 91' lang='lat' dir='ltr'><strong>annum</strong></span> <span class='ocrx_word' id='word_1_637' title='bbox 1091 4819 1154 4884; x_wconf 79' lang='lat'><strong>375,</strong></span> <span class='ocrx_word' id='word_1_638' title='bbox 1179 4818 1309 4890; x_wconf 90' lang='lat' dir='ltr'><strong>adeoque</strong></span> <span class='ocrx_word' id='word_1_639' title='bbox 1333 4816 1439 4874; x_wconf 90' lang='lat' dir='ltr'><strong>seculo</strong></span> <span class='ocrx_word' id='word_1_640' title='bbox 1458 4835 1495 4886; x_wconf 90' lang='lat' dir='ltr'><strong>1v,</strong></span> <span class='ocrx_word' id='word_1_641' title='bbox 1515 4817 1615 4874; x_wconf 93' lang='lat' dir='ltr'><strong>docuit</strong></span> <span class='ocrx_word' id='word_1_642' title='bbox 1631 4834 1638 4873; x_wconf 78' lang='grc' dir='ltr'>ι</span> <span class='ocrx_word' id='word_1_643' title='bbox 1653 4836 1664 4866; x_wconf 79' lang='grc' dir='ltr'>ι</span> <span class='ocrx_word' id='word_1_644' title='bbox 1681 4816 1778 4888; x_wconf 85' lang='lat' dir='ltr'><strong>Bapti-</strong></span> 
     </span>
     <span class='ocr_line' id='line_1_52' title="bbox 69 4905 1778 4980; baseline -0.005 -12"><span class='ocrx_word' id='word_1_645' title='bbox 69 4910 109 4968; x_wconf 93' lang='lat' dir='ltr'><strong>ob</strong></span> <span class='ocrx_word' id='word_1_646' title='bbox 123 4911 228 4966; x_wconf 90' lang='lat' dir='ltr'><strong>estam</strong></span> <span class='ocrx_word' id='word_1_647' title='bbox 244 4907 470 4980; x_wconf 89' lang='lat' dir='ltr'><strong>disputationis.</strong></span> <span class='ocrx_word' id='word_1_648' title='bbox 486 4907 593 4965; x_wconf 87' lang='lat' dir='ltr'><strong>Veram</strong></span> <span class='ocrx_word' id='word_1_649' title='bbox 609 4912 680 4966; x_wconf 92' lang='lat' dir='ltr'><strong>tunc</strong></span> <span class='ocrx_word' id='word_1_650' title='bbox 694 4915 723 4967; x_wconf 90' lang='lat' dir='ltr'><strong>et</strong></span> <span class='ocrx_word' id='word_1_651' title='bbox 742 4913 902 4971; x_wconf 89' lang='lat' dir='ltr'><strong>Lutheram</strong></span> <span class='ocrx_word' id='word_1_652' title='bbox 958 4925 1055 4967; x_wconf 79' lang='lat' dir='ltr'><strong>smum</strong></span> <span class='ocrx_word' id='word_1_653' title='bbox 1071 4907 1272 4963; x_wconf 86' lang='lat' dir='ltr'><strong>hereticorum</strong></span> <span class='ocrx_word' id='word_1_654' title='bbox 1295 4923 1352 4962; x_wconf 92' lang='lat' dir='ltr'><strong>non</strong></span> <span class='ocrx_word' id='word_1_655' title='bbox 1368 4905 1473 4977; x_wconf 79' lang='lat' dir='ltr'><strong>valera,</strong></span> <span class='ocrx_word' id='word_1_656' title='bbox 1489 4906 1607 4963; x_wconf 82' lang='lat' dir='ltr'><strong>interim</strong></span> <span class='ocrx_word' id='word_1_657' title='bbox 1622 4906 1778 4962; x_wconf 87' lang='lat' dir='ltr'><strong>observan-</strong></span> 
     </span>
     <span class='ocr_line' id='line_1_53' title="bbox 69 4994 1781 5075; baseline -0.005 -19"><span class='ocrx_word' id='word_1_658' title='bbox 69 5013 212 5057; x_wconf 82' lang='lat' dir='ltr'><strong>excusare</strong></span> <span class='ocrx_word' id='word_1_659' title='bbox 227 4996 412 5068; x_wconf 89' lang='lat' dir='ltr'><strong>debebimus,</strong></span> <span class='ocrx_word' id='word_1_660' title='bbox 423 4999 452 5053; x_wconf 91' lang='lat' dir='ltr'><strong>et</strong></span> <span class='ocrx_word' id='word_1_661' title='bbox 465 4996 512 5053; x_wconf 84' lang='lat' dir='ltr'><strong>aix</strong></span> <span class='ocrx_word' id='word_1_662' title='bbox 526 5015 585 5054; x_wconf 93' lang='lat' dir='ltr'><strong>non</strong></span> <span class='ocrx_word' id='word_1_663' title='bbox 603 5004 725 5058; x_wconf 89' lang='lat' dir='ltr'><strong>cunctos</strong></span> <span class='ocrx_word' id='word_1_664' title='bbox 740 5003 903 5075; x_wconf 77' lang='lat' dir='ltr'><strong>synaphen·</strong></span> <span class='ocrx_word' id='word_1_665' title='bbox 958 5000 1028 5055; x_wconf 91' lang='lat' dir='ltr'><strong>dum</strong></span> <span class='ocrx_word' id='word_1_666' title='bbox 1040 5012 1104 5054; x_wconf 85' lang='lat' dir='ltr'><strong>asse</strong></span> <span class='ocrx_word' id='word_1_667' title='bbox 1115 5012 1224 5053; x_wconf 89' lang='lat' dir='ltr'><strong>morem</strong></span> <span class='ocrx_word' id='word_1_668' title='bbox 1236 4994 1393 5068; x_wconf 87' lang='lat' dir='ltr'><strong>cujuslibet</strong></span> <span class='ocrx_word' id='word_1_669' title='bbox 1404 4996 1530 5068; x_wconf 89' lang='lat' dir='ltr'><strong>regionis</strong></span> <span class='ocrx_word' id='word_1_670' title='bbox 1539 5014 1546 5064; x_wconf 91' lang='lat'>;</span> <span class='ocrx_word' id='word_1_671' title='bbox 1555 4999 1608 5052; x_wconf 88' lang='lat' dir='ltr'><strong>»et</strong></span> <span class='ocrx_word' id='word_1_672' title='bbox 1617 5000 1715 5051; x_wconf 86' lang='lat' dir='ltr'><strong>tamen</strong></span> <span class='ocrx_word' id='word_1_673' title='bbox 1728 5009 1781 5049; x_wconf 90' lang='lat' dir='ltr'><strong>aec</strong></span> 
     </span>
    </p>

    <p class='ocr_par' dir='ltr' id='par_1_9' title="bbox 78 5080 1781 5159">
     <span class='ocr_line' id='line_1_54' title="bbox 78 5080 1781 5159; baseline -0.004 -15"><span class='ocrx_word' id='word_1_674' title='bbox 78 5092 136 5145; x_wconf 88' lang='lat' dir='ltr'><strong>tas.</strong></span> <span class='ocrx_word' id='word_1_675' title='bbox 154 5085 318 5143; x_wconf 83' lang='lat' dir='ltr'><strong>Concludit.</strong></span> <span class='ocrx_word' id='word_1_676' title='bbox 958 5089 994 5145; x_wconf 96' lang='lat' dir='ltr'><strong>ad</strong></span> <span class='ocrx_word' id='word_1_677' title='bbox 1010 5087 1100 5159; x_wconf 91' lang='lat' dir='ltr'><strong>hujus</strong></span> <span class='ocrx_word' id='word_1_678' title='bbox 1111 5085 1204 5142; x_wconf 89' lang='lat' dir='ltr'><strong>sancti</strong></span> <span class='ocrx_word' id='word_1_679' title='bbox 1220 5083 1319 5141; x_wconf 90' lang='lat' dir='ltr'><strong>Basilii</strong></span> <span class='ocrx_word' id='word_1_680' title='bbox 1337 5083 1486 5156; x_wconf 87' lang='lat' dir='ltr'><strong>epistolas,</strong></span> <span class='ocrx_word' id='word_1_681' title='bbox 1500 5082 1606 5140; x_wconf 86' lang='lat' dir='ltr'><strong>seculo</strong></span> <span class='ocrx_word' id='word_1_682' title='bbox 1616 5099 1645 5138; x_wconf 85' lang='grc' dir='ltr'><strong>ιν</strong></span> <span class='ocrx_word' id='word_1_683' title='bbox 1654 5080 1781 5139; x_wconf 89' lang='lat' dir='ltr'><strong>conscri-</strong></span> 
     </span>
    </p>
   </div>
   <div class='ocr_carea' id='block_1_3' title="bbox 108 5172 1783 5271">
    <p class='ocr_par' dir='ltr' id='par_1_10' title="bbox 108 5172 1783 5271">
     <span class='ocr_line' id='line_1_55' title="bbox 108 5172 1783 5271; baseline 0.001 -45"><span class='ocrx_word' id='word_1_684' title='bbox 108 5199 123 5226; x_wconf 74' lang='lat' dir='ltr'><strong>a</strong></span> <span class='ocrx_word' id='word_1_685' title='bbox 140 5175 215 5231; x_wconf 85' lang='lat' dir='ltr'><strong>Bene</strong></span> <span class='ocrx_word' id='word_1_686' title='bbox 231 5178 259 5231; x_wconf 92' lang='lat' dir='ltr'><strong>te</strong></span> <span class='ocrx_word' id='word_1_687' title='bbox 272 5173 369 5231; x_wconf 84' lang='lat' dir='ltr'><strong>ualere</strong></span> <span class='ocrx_word' id='word_1_688' title='bbox 395 5175 533 5231; x_wconf 90' lang='lat' dir='ltr'><strong>omnihus</strong></span> <span class='ocrx_word' id='word_1_689' title='bbox 554 5177 638 5233; x_wconf 90' lang='lat' dir='ltr'><strong>nohis</strong></span> <span class='ocrx_word' id='word_1_690' title='bbox 663 5193 730 5234; x_wconf 90' lang='lat' dir='ltr'><strong>oum</strong></span> <span class='ocrx_word' id='word_1_691' title='bbox 745 5179 902 5271; x_wconf 53' lang='lat' dir='ltr'><strong>universis,</strong></span> <span class='ocrx_word' id='word_1_692' title='bbox 958 5181 1033 5250; x_wconf 87' lang='lat' dir='ltr'><strong>pias,</strong></span> <span class='ocrx_word' id='word_1_693' title='bbox 1050 5178 1244 5249; x_wconf 89' lang='lat' dir='ltr'><strong>provocarant</strong></span> <span class='ocrx_word' id='word_1_694' title='bbox 1258 5173 1415 5230; x_wconf 85' lang='lat' dir='ltr'><strong>Donatiste</strong></span> <span class='ocrx_word' id='word_1_695' title='bbox 1442 5172 1548 5230; x_wconf 84' lang='lat' dir='ltr'><strong>seculo</strong></span> <span class='ocrx_word' id='word_1_696' title='bbox 1562 5189 1597 5241; x_wconf 91' lang='lat' dir='ltr'><strong>v;</strong></span> <span class='ocrx_word' id='word_1_697' title='bbox 1613 5187 1681 5244; x_wconf 89' lang='lat' dir='ltr'><strong>ergo</strong></span> <span class='ocrx_word' id='word_1_698' title='bbox 1695 5187 1783 5244; x_wconf 92' lang='lat' dir='ltr'><strong>arga·</strong></span> 
     </span>
    </p>
   </div>
   <div class='ocr_carea' id='block_1_4' title="bbox 67 5297 1783 5736">
    <p class='ocr_par' dir='ltr' id='par_1_11' title="bbox 67 5297 1783 5514">
     <span class='ocr_line' id='line_1_56' title="bbox 110 5297 1783 5376; baseline -0.001 -22"><span class='ocrx_word' id='word_1_699' title='bbox 110 5299 170 5372; x_wconf 75' lang='grc'>(26)</span> <span class='ocrx_word' id='word_1_700' title='bbox 185 5299 227 5355; x_wconf 92' lang='lat' dir='ltr'><strong>Oh</strong></span> <span class='ocrx_word' id='word_1_701' title='bbox 242 5298 294 5354; x_wconf 92' lang='lat' dir='ltr'><strong>iiia</strong></span> <span class='ocrx_word' id='word_1_702' title='bbox 318 5298 375 5355; x_wconf 90' lang='lat' dir='ltr'><strong>tria</strong></span> <span class='ocrx_word' id='word_1_703' title='bbox 404 5301 492 5356; x_wconf 90' lang='lat' dir='ltr'><strong>verba</strong></span> <span class='ocrx_word' id='word_1_704' title='bbox 515 5317 521 5355; x_wconf 75' lang='grc' dir='ltr'><strong>ι</strong></span> <span class='ocrx_word' id='word_1_705' title='bbox 547 5303 819 5376; x_wconf 89' lang='lat' dir='ltr'><strong>pseudo-Christus,</strong></span> <span class='ocrx_word' id='word_1_706' title='bbox 835 5309 903 5372; x_wconf 81' lang='lat' dir='ltr'><strong>etc,</strong></span> <span class='ocrx_word' id='word_1_707' title='bbox 958 5303 1111 5358; x_wconf 78' lang='lat' dir='ltr'><strong>confessus</strong></span> <span class='ocrx_word' id='word_1_708' title='bbox 1127 5299 1216 5356; x_wconf 83' lang='lat' dir='ltr'><strong>luisse</strong></span> <span class='ocrx_word' id='word_1_709' title='bbox 1231 5298 1349 5360; x_wconf 89' lang='lat' dir='ltr'><strong>dicitur.</strong></span> <span class='ocrx_word' id='word_1_710' title='bbox 1361 5302 1492 5371; x_wconf 90' lang='lat' dir='ltr'><strong>tempore</strong></span> <span class='ocrx_word' id='word_1_711' title='bbox 1506 5299 1535 5354; x_wconf 90' lang='lat' dir='ltr'><strong>S.</strong></span> <span class='ocrx_word' id='word_1_712' title='bbox 1548 5297 1704 5369; x_wconf 91' lang='lat' dir='ltr'><strong>Augustini</strong></span> <span class='ocrx_word' id='word_1_713' title='bbox 1716 5311 1783 5353; x_wconf 89' lang='lat' dir='ltr'><strong>neo·</strong></span> 
     </span>
     <span class='ocr_line' id='line_1_57' title="bbox 67 5368 1782 5445; baseline -0.001 -19"><span class='ocrx_word' id='word_1_714' title='bbox 67 5373 135 5443; x_wconf 87' lang='lat' dir='ltr'><strong>jem</strong></span> <span class='ocrx_word' id='word_1_715' title='bbox 153 5369 223 5427; x_wconf 89' lang='lat' dir='ltr'><strong>olim</strong></span> <span class='ocrx_word' id='word_1_716' title='bbox 234 5371 420 5427; x_wconf 85' lang='lat' dir='ltr'><strong>Christianus</strong></span> <span class='ocrx_word' id='word_1_717' title='bbox 437 5373 536 5444; x_wconf 88' lang='lat' dir='ltr'><strong>Lupus</strong></span> <span class='ocrx_word' id='word_1_718' title='bbox 547 5374 624 5444; x_wconf 87' lang='lat' dir='ltr'><strong>apud</strong></span> <span class='ocrx_word' id='word_1_719' title='bbox 639 5374 805 5431; x_wconf 82' lang='lat' dir='ltr'><strong>Missorium</strong></span> <span class='ocrx_word' id='word_1_720' title='bbox 822 5377 905 5432; x_wconf 91' lang='lat' dir='ltr'><strong>dahi-</strong></span> <span class='ocrx_word' id='word_1_721' title='bbox 960 5375 1030 5430; x_wconf 92' lang='lat' dir='ltr'><strong>dum</strong></span> <span class='ocrx_word' id='word_1_722' title='bbox 1047 5372 1146 5445; x_wconf 89' lang='lat' dir='ltr'><strong>aliqua</strong></span> <span class='ocrx_word' id='word_1_723' title='bbox 1168 5370 1276 5426; x_wconf 87' lang='lat' dir='ltr'><strong>mentio</strong></span> <span class='ocrx_word' id='word_1_724' title='bbox 1301 5371 1377 5426; x_wconf 87' lang='lat' dir='ltr'><strong>iacta</strong></span> <span class='ocrx_word' id='word_1_725' title='bbox 1401 5371 1487 5427; x_wconf 81' lang='lat' dir='ltr'><strong>fuerit</strong></span> <span class='ocrx_word' id='word_1_726' title='bbox 1503 5387 1519 5425; x_wconf 92' lang='lat' dir='ltr'><strong>a</strong></span> <span class='ocrx_word' id='word_1_727' title='bbox 1534 5368 1705 5436; x_wconf 88' lang='lat' dir='ltr'><strong>Donatistis;</strong></span> <span class='ocrx_word' id='word_1_728' title='bbox 1724 5384 1782 5424; x_wconf 89' lang='lat' dir='ltr'><strong>me·</strong></span> 
     </span>
     <span class='ocr_line' id='line_1_58' title="bbox 73 5440 1782 5514; baseline -0.002 -14"><span class='ocrx_word' id='word_1_729' title='bbox 73 5442 148 5500; x_wconf 88' lang='lat' dir='ltr'><strong>tavit</strong></span> <span class='ocrx_word' id='word_1_730' title='bbox 162 5459 200 5498; x_wconf 93' lang='lat' dir='ltr'><strong>an</strong></span> <span class='ocrx_word' id='word_1_731' title='bbox 215 5441 338 5514; x_wconf 85' lang='lat' dir='ltr'><strong>epistola</strong></span> <span class='ocrx_word' id='word_1_732' title='bbox 353 5442 514 5500; x_wconf 68' lang='lat' dir='ltr'><strong>firmiliani</strong></span> <span class='ocrx_word' id='word_1_733' title='bbox 533 5444 572 5500; x_wconf 95' lang='lat' dir='ltr'><strong>sit</strong></span> <span class='ocrx_word' id='word_1_734' title='bbox 586 5461 662 5501; x_wconf 91' lang='lat' dir='ltr'><strong>vera.</strong></span> <span class='ocrx_word' id='word_1_735' title='bbox 960 5446 1014 5501; x_wconf 87' lang='lat' dir='ltr'><strong>rito</strong></span> <span class='ocrx_word' id='word_1_736' title='bbox 1026 5448 1125 5500; x_wconf 80' lang='lat' dir='ltr'><strong>censat</strong></span> <span class='ocrx_word' id='word_1_737' title='bbox 1135 5442 1288 5498; x_wconf 88' lang='lat' dir='ltr'><strong>Missorius</strong></span> <span class='ocrx_word' id='word_1_738' title='bbox 1299 5441 1370 5498; x_wconf 88' lang='lat' dir='ltr'><strong>iliad</strong></span> <span class='ocrx_word' id='word_1_739' title='bbox 1403 5447 1483 5498; x_wconf 86' lang='lat' dir='ltr'><strong>cetea</strong></span> <span class='ocrx_word' id='word_1_740' title='bbox 1494 5459 1511 5497; x_wconf 93' lang='lat' dir='ltr'><strong>a</strong></span> <span class='ocrx_word' id='word_1_741' title='bbox 1523 5440 1680 5497; x_wconf 85' lang='lat' dir='ltr'><strong>Donatistis</strong></span> <span class='ocrx_word' id='word_1_742' title='bbox 1692 5441 1782 5497; x_wconf 88' lang='lat' dir='ltr'><strong>inisse</strong></span> 
     </span>
    </p>

    <p class='ocr_par' dir='ltr' id='par_1_12' title="bbox 123 5459 1425 5588">
     <span class='ocr_line' id='line_1_59' title="bbox 123 5459 1425 5588; baseline -0.001 -19"><span class='ocrx_word' id='word_1_743' title='bbox 123 5514 170 5588; x_wconf 79' lang='lat'><strong>27)</strong></span> <span class='ocrx_word' id='word_1_744' title='bbox 186 5519 218 5569; x_wconf 93' lang='lat' dir='ltr'><strong>1n</strong></span> <span class='ocrx_word' id='word_1_745' title='bbox 234 5514 444 5587; x_wconf 75' lang='lat' dir='ltr'><strong>Symposiacis.</strong></span> <span class='ocrx_word' id='word_1_746' title='bbox 961 5517 1127 5573; x_wconf 91' lang='lat' dir='ltr'><strong>ooniictum.</strong></span> <span class='ocrx_word' id='word_1_747' title='bbox 1145 5515 1319 5570; x_wconf 80' lang='lat' dir='ltr'><strong>Davideatar</strong></span> <span class='ocrx_word' id='word_1_748' title='bbox 1333 5525 1365 5568; x_wconf 82' lang='lat' dir='ltr'><strong>n⁰</strong></span> <span class='ocrx_word' id='word_1_749' title='bbox 1379 5459 1425 5568; x_wconf 60' lang='lat' dir='ltr'><strong>gil.</strong></span> 
     </span>
    </p>

    <p class='ocr_par' dir='ltr' id='par_1_13' title="bbox 76 5584 1629 5736">
     <span class='ocr_line' id='line_1_60' title="bbox 123 5584 1629 5661; baseline -0.002 -21"><span class='ocrx_word' id='word_1_750' title='bbox 123 5586 173 5655; x_wconf 81' lang='lat'><strong>28)</strong></span> <span class='ocrx_word' id='word_1_751' title='bbox 187 5589 260 5641; x_wconf 90' lang='lat' dir='ltr'><strong>Cam</strong></span> <span class='ocrx_word' id='word_1_752' title='bbox 276 5585 312 5642; x_wconf 91' lang='lat' dir='ltr'><strong>de</strong></span> <span class='ocrx_word' id='word_1_753' title='bbox 327 5586 451 5643; x_wconf 88' lang='lat' dir='ltr'><strong>concilio</strong></span> <span class='ocrx_word' id='word_1_754' title='bbox 466 5584 656 5656; x_wconf 90' lang='lat' dir='ltr'><strong>Sinuessano,</strong></span> <span class='ocrx_word' id='word_1_755' title='bbox 666 5587 696 5644; x_wconf 91' lang='lat' dir='ltr'><strong>in</strong></span> <span class='ocrx_word' id='word_1_756' title='bbox 733 5605 770 5645; x_wconf 93' lang='lat' dir='ltr'><strong>uo</strong></span> <span class='ocrx_word' id='word_1_757' title='bbox 786 5590 814 5645; x_wconf 90' lang='lat' dir='ltr'><strong>S.</strong></span> <span class='ocrx_word' id='word_1_758' title='bbox 829 5589 904 5645; x_wconf 90' lang='lat' dir='ltr'><strong>Mar·</strong></span> <span class='ocrx_word' id='word_1_759' title='bbox 996 5588 1051 5661; x_wconf 76' lang='lat'>(29)</span> <span class='ocrx_word' id='word_1_760' title='bbox 1066 5586 1154 5656; x_wconf 87' lang='lat' dir='ltr'><strong>Berti,</strong></span> <span class='ocrx_word' id='word_1_761' title='bbox 1169 5586 1189 5642; x_wconf 95' lang='lat' dir='ltr'><strong>i.</strong></span> <span class='ocrx_word' id='word_1_762' title='bbox 1206 5602 1283 5657; x_wconf 80' lang='lat' dir='ltr'><strong>xxm,</strong></span> <span class='ocrx_word' id='word_1_763' title='bbox 1298 5601 1323 5641; x_wconf 91' lang='grc' dir='ltr'><strong>ο.</strong></span> <span class='ocrx_word' id='word_1_764' title='bbox 1341 5585 1385 5653; x_wconf 82' lang='grc'><strong>13,</strong></span> <span class='ocrx_word' id='word_1_765' title='bbox 1399 5601 1483 5659; x_wconf 93' lang='lat' dir='ltr'><strong>prop.</strong></span> <span class='ocrx_word' id='word_1_766' title='bbox 1499 5602 1542 5658; x_wconf 87' lang='lat' dir='ltr'><strong>ru,</strong></span> <span class='ocrx_word' id='word_1_767' title='bbox 1558 5600 1587 5639; x_wconf 93' lang='lat' dir='ltr'><strong>u.</strong></span> <span class='ocrx_word' id='word_1_768' title='bbox 1602 5586 1629 5640; x_wconf 86' lang='lat'><strong>6.</strong></span> 
     </span>
     <span class='ocr_line' id='line_1_61' title="bbox 76 5655 904 5736; baseline 0.004 -20"><span class='ocrx_word' id='word_1_769' title='bbox 76 5655 121 5716; x_wconf 85' lang='lat' dir='ltr'><strong>ael</strong></span> <span class='ocrx_word' id='word_1_770' title='bbox 133 5657 203 5715; x_wconf 90' lang='lat' dir='ltr'><strong>inas</strong></span> <span class='ocrx_word' id='word_1_771' title='bbox 225 5674 303 5732; x_wconf 86' lang='lat' dir='ltr'><strong>papa</strong></span> <span class='ocrx_word' id='word_1_772' title='bbox 323 5674 411 5717; x_wconf 92' lang='lat' dir='ltr'><strong>suum</strong></span> <span class='ocrx_word' id='word_1_773' title='bbox 431 5659 548 5732; x_wconf 89' lang='lat' dir='ltr'><strong>lapsam</strong></span> <span class='ocrx_word' id='word_1_774' title='bbox 563 5675 661 5719; x_wconf 86' lang='lat' dir='ltr'><strong>coram</strong></span> <span class='ocrx_word' id='word_1_775' title='bbox 759 5660 904 5736; x_wconf 88' lang='lat' dir='ltr'><strong>episcopis</strong></span> 
     </span>
    </p>
   </div>
   <div class='ocr_carea' id='block_1_5' title="bbox 0 0 1950 6102">
    <p class='ocr_par' dir='ltr' id='par_1_14' title="bbox 0 0 1950 6102">
     <span class='ocr_line' id='line_1_62' title="bbox 0 0 1950 6102; baseline 0 0"><span class='ocrx_word' id='word_1_776' title='bbox 0 0 1950 6102; x_wconf 95' lang='lat' dir='ltr'><strong> </strong></span> 
     </span>
    </p>
   </div>
  </div>
 </body>
</html>
