3892 6104
71 308 134 371 m
486 301 565 366 PRO
586 299 641 364 SS.
664 299 887 376 mutunus,
910 301 1144 367 mulctatus
1165 303 1216 369 ΕΤ
1237 305 1373 371 soulls.
1719 318 1780 380 131

70 439 173 497 dones
187 454 223 496 sc
232 436 422 496 revelationes
429 433 619 508 comtemptul
630 449 716 507 posse
730 450 763 490 ac
772 433 900 491 ludibrio
914 436 943 504 Α
955 434 1057 492 viridis
1066 439 1207 510 tanquam
1220 438 1482 513 victorispretlum
1491 442 1639 518 Perpetua
1651 447 1779 519 oblatus,

70 526 157 586 lseils
170 525 290 601 exponi,
304 525 330 584 si
343 526 408 599 ipsa
421 539 474 597 per
484 540 549 581 sese
567 522 700 597 symbola
720 527 899 597 spectentur,
956 524 1054 581 simile
1069 525 1140 597 quid
1150 527 1238 584 etiam
1255 528 1532 601 habet,utvtdimus,
1542 532 1571 590 in
1587 537 1737 595 canonicis
1751 544 1780 596 at

71 619 102 674 st
114 632 177 673 non
192 630 296 673 aarum
311 614 347 672 sd
362 629 410 671 ras
423 612 578 669 divinaset
591 611 779 685 incorporeas
807 608 901 686 σχέσις
956 613 1092 686 genuinis
1102 614 1228 688 Spiritus
1242 618 1337 674 sancti
1352 619 1587 694 revelationibus,
1602 623 1716 697 palmas
1726 627 1781 684 sci·

71 703 274 763 sthshitndo.
290 706 353 759 Irno
362 701 460 760 nonin
469 699 634 758 visionibus
644 704 762 758 tantum
771 703 801 756 et
814 699 903 757 intar-
957 701 1034 769 licot,
1045 702 1158 775 quasin
1187 704 1323 762 manibus
1347 711 1508 782 martyrum
1536 710 1666 770 loannes
1693 715 1778 773 vidit.

71 790 370 859 nisravelationlhus,
386 789 436 847 sed
451 790 483 846 in
498 787 663 846 actionibus
691 804 807 862 quoque
836 805 902 863 pro-
956 789 1181 866 Sexusdenique
1194 794 1320 852 mutatio
1335 795 1498 855 nihilaliud
1522 800 1651 871 denotat,
1668 807 1701 860 ut
1722 806 1780 862 Au-

72 878 202 955 phstiois
216 887 248 937 et
260 876 709 953 legisceremoniismultasunt,
720 893 784 952 qus
799 876 866 934 vani
875 879 903 933 et
958 878 1097 952 gustiuue
1112 881 1258 953 observat,
1274 899 1363 956 quam
1379 885 1457 957 quod
1471 888 1628 960 Apostolus
1638 891 1777 967 scripsit:

73 969 196 1044 superbi
224 967 359 1026 homines
387 982 455 1025 cum
476 967 538 1024 usu
565 965 636 1025 olim
659 970 847 1040 exceperunt,
876 968 905 1023 et
959 989 974 1017 a
984 966 1015 1023 lu
1026 968 1140 1026 christo
1153 971 1221 1028 lesu
1236 987 1333 1044 neque
1347 973 1524 1041 masculum,
1548 993 1613 1035 esse
1630 995 1724 1054 nequo
1738 981 1781 1039 le·

73 1059 242 1117 stimuum
268 1055 414 1124 derident,
434 1056 512 1130 qood
528 1072 578 1112 eas
593 1070 644 1130 per
659 1070 721 1113 sese
736 1056 906 1127 spectarunt
959 1056 1070 1113 minam
1083 1074 1090 1126 ;
1102 1080 1113 1108 ι
1125 1058 1324 1116 etuonsolum
1333 1061 1489 1134 masculos,
1499 1065 1550 1121 sed
1560 1064 1781 1127 etlamfeminas

74 1165 127 1206 nec
140 1146 181 1205 sd
193 1161 299 1204 mrum
311 1145 451 1220 mysticas
465 1143 596 1202 rationes
609 1144 806 1201 attenderunt.
823 1143 905 1201 Unde
960 1146 1082 1202 evadere
1096 1162 1148 1219 per
1165 1147 1283 1205 virtutis
1312 1150 1556 1223 exercitationem,
1579 1174 1595 1205 «ι
1619 1158 1782 1216 „cundum

75 1237 188 1295 lactum
202 1240 259 1304 ast,
275 1238 310 1291 ut
327 1250 391 1308 quan
407 1233 474 1290 aliis
498 1232 609 1307 Spiritu
632 1237 733 1290 sancto
772 1232 904 1306 indigna,
960 1232 1128 1291 interiorem
1144 1234 1294 1294 hominem
1308 1236 1339 1294 in
1353 1238 1451 1295 virum
1465 1241 1636 1312 perlectum,
1653 1244 1682 1300 iu
1703 1262 1786 1304 meu·

74 1320 415 1399 inaptsetridiculavisa
424 1325 505 1391 sant,
513 1321 673 1379 aliihonori
681 1326 710 1378 et
720 1320 906 1378 admirationi
961 1339 1060 1379 suram
1076 1324 1169 1380 statis
1187 1324 1384 1405 'planitudinis
1413 1328 1530 1385 christi.
1561 1334 1604 1387 An
1634 1333 1786 1406 orgciudi·

74 1413 247 1482 habuerint,
271 1415 300 1469 et
328 1426 447 1469 summa
473 1410 659 1468 veneratione
674 1410 818 1483 prosecuti
835 1409 904 1477 sint,
960 1426 1051 1485 guum
1067 1411 1350 1486 luitSpiritusancto
1361 1416 1486 1490 mystica
1499 1419 1784 1495 visionasigatticsrs

76 1502 158 1577 quod
168 1500 214 1559 illi
230 1499 343 1559 scilicet
357 1516 416 1558 non
431 1497 510 1556 ultra
522 1498 553 1555 id
571 1498 649 1573 quod
664 1499 800 1557 sensibus
823 1498 906 1571 ohje·
961 1501 1038 1573 quod
1051 1501 1182 1574 mysticis
1196 1504 1292 1561 verbis
1307 1503 1415 1563 Paulus
1431 1509 1634 1580 expressunt?
1655 1511 1711 1568 Sed
1734 1529 1784 1569 an·

77 1594 163 1649 otum
176 1588 375 1660 sst,animum
390 1586 579 1658 intenderint,
586 1586 617 1644 hi
627 1602 694 1645 varo
703 1586 825 1646 latentia
833 1600 906 1659 quo·
960 1605 1019 1645 noa
1034 1588 1111 1646 idem
1126 1589 1253 1663 Spiritus
1263 1597 1383 1650 sanctus
1398 1595 1475 1667 quod
1491 1611 1542 1669 per
1552 1596 1658 1654 isaiam
1670 1599 1707 1656 de
1717 1616 1785 1673 gen·

79 1695 141 1754 qna
155 1679 186 1736 in
196 1677 277 1736 bisce
287 1677 391 1753 figuris
398 1675 536 1750 mysteria
543 1673 646 1733 sedulo
656 1673 905 1750 investigaverint.
958 1676 1035 1734 tium
1050 1678 1238 1736 conversione
1252 1680 1307 1737 sub
1320 1680 1443 1739 diversis
1450 1684 1597 1741 variorum
1608 1685 1782 1744 animalium

78 1768 112 1826 ld
135 1767 216 1840 quod
257 1764 346 1824 οἱίαω
379 1763 514 1822 videmus
540 1763 571 1821 in
605 1764 659 1821 hac
691 1763 908 1837 interpretanda
921 1803 946 1870 B
961 1765 1065 1839 liguris
1085 1767 1349 1842 metaphoricisque
1371 1771 1467 1828 verbis
1491 1773 1674 1845 predixerat,
1704 1780 1784 1847 post·

78 1859 231 1931 Perpetuus
241 1853 419 1913 revelatione
437 1852 605 1927 contigisse.
629 1852 711 1918 Quod
724 1853 802 1910 enim
820 1852 906 1908 modo
960 1854 1081 1911 modum
1092 1855 1291 1928 apostolorum
1305 1858 1440 1931 principi,
1452 1859 1605 1933 tinteaipsi
1618 1862 1648 1919 in
1672 1863 1784 1921 visione

78 1939 774 2020 uua-giamoffenditplimAuguatinimanum
785 1940 907 1998 rnirilloe
959 1942 1785 2018 exhibitoomnisgenerisimmundisanimalibusrelerto

78 2032 358 2106 delectabutoellta
378 2030 515 2099 Delectat,
544 2029 650 2102 inquit,
666 2030 745 2105 piam
777 2033 906 2088 urentem
960 2030 1272 2105 significavittsnuon
1288 2034 1395 2107 sapius
1411 2034 1488 2092 idem
1504 2036 1631 2109 Spiritus
1651 2043 1784 2110 sauctus,

77 2117 595 2197 talespectseulumcontusri,quale
604 2117 661 2176 sibi
669 2120 755 2177 beata
764 2119 907 2192 Perpetua
960 2120 1039 2194 quod
1054 2122 1271 2194 perprophetas
1285 2123 1545 2197 verbisaliquando
1555 2127 1787 2198 praedixit,idem

77 2212 113 2270 de
131 2227 165 2270 su
179 2211 248 2285 ipsa
257 2209 417 2268 revelatum
426 2224 491 2266 esse
502 2207 640 2274 narravit,
651 2207 787 2266 virumse
798 2208 907 2265 laetam
961 2212 991 2265 at
1010 2209 1188 2282 propheticis
1203 2211 1369 2269 actionibus
1384 2213 1580 2281 adumbravit,
1605 2232 1669 2288 qua
1693 2217 1789 2288 primo

76 2304 205 2359 censue
214 2315 283 2357 oum
294 2296 421 2355 diabolo.
433 2295 802 2370 illoquippejoertaminein
811 2295 906 2352 virum
963 2302 1085 2371 aspectu
1094 2316 1152 2356 uon
1164 2299 1333 2357 satiavideri
1342 2306 1466 2373 possunt
1477 2319 1544 2359 cum
1553 2303 1686 2361 decentia
1697 2304 1790 2362 luisse

77 2389 241 2465 patientum
255 2387 342 2444 etiam
353 2386 420 2460 ipsa
429 2384 575 2453 currebat,
586 2383 616 2441 in
634 2400 804 2442 mensuram
815 2385 908 2442 atatis
962 2386 1161 2461 gravitateque
1177 2389 1356 2458 conjuncta?
1368 2393 1474 2446 utcum
1491 2392 1581 2448 isaias
1593 2393 1790 2465 nudusJube·

78 2473 398 2554 plenitudinisChristi.
410 2471 508 2529 »Elin
518 2471 575 2530 alio
585 2488 719 2530 sermone
729 2472 907 2530 adeamdem
963 2479 1013 2531 tur
1026 2475 1187 2545 ambulare,
1203 2477 1334 2534 Ezechiel
1350 2494 1454 2551 panem
1470 2481 1631 2549 comedere,
1650 2485 1790 2556 autoper·

79 2567 232 2641 Perpetua
247 2564 391 2621 visionem
409 2561 555 2629 alludens,
571 2560 680 2618 similia
698 2562 803 2634 repetit
830 2562 907 2635 (35):
962 2567 1028 2620 tum
1044 2566 1281 2637 «stercorequod
1293 2566 1442 2640 egreditur
1461 2569 1497 2625 de
1518 2569 1646 2637 homine,
1663 2589 1675 2621 s
1692 2575 1745 2626 aut
1758 2571 1791 2628 in

113 2655 191 2724 onid
206 2652 290 2711 enim
305 2651 462 2725 gloriosius
480 2649 527 2707 his
551 2649 681 2717 lerninis,
697 2666 771 2722 quas
786 2650 839 2706 viri
856 2651 910 2707 mi·
964 2651 1073 2709 bonum
1085 2653 1154 2710 limo
1164 2653 1327 2711 coniectum
1337 2656 1461 2722 ;et0see
1472 2673 1589 2714 sumere
1599 2658 1654 2716 sibi
1670 2674 1790 2716 uxorem

80 2741 313 2802 naturiacilius
323 2756 413 2816 quam
423 2739 579 2796 imitantur
594 2738 672 2796 iSed
691 2738 747 2796 boo
760 2739 842 2796 illius
858 2756 909 2812 po·
964 2740 1162 2809 fornicariam,
1173 2748 1202 2799 et
1216 2742 1358 2801 liliossibi
1368 2745 1462 2801 lacero
1472 2745 1791 2815 fornicationumould

81 2833 217 2890 tisianum
228 2832 295 2888 laus
309 2834 365 2898 est,
379 2829 410 2885 in
429 2843 518 2903 quem
544 2828 706 2897 credentes,
737 2828 802 2885 etin
825 2831 910 2901 cujus
962 2831 1336 2903 responderetssasnagius,
1352 2833 1376 2889 si
1395 2834 1500 2891 atheus
1514 2834 1622 2907 aliquis
1635 2835 1733 2908 ipsum
1745 2836 1791 2892 in-

80 2921 160 2980 m
177 2919 300 2978 nomine
314 2917 500 2975 lideltstndio
516 2920 732 2986 concurrentes,
747 2919 909 2976 secundum
964 2920 1144 2992 terrogaret:
1161 2919 1292 2976 Haecine
1321 2924 1391 2976 sunt
1414 2920 1526 2993 Spiritu
1550 2927 1648 2979 sancto
1676 2923 1792 2997 digna?

80 3010 254 3068 interiorem
270 3007 420 3065 hominem
430 3022 485 3063 noc
499 3003 650 3063 masculus
666 3021 718 3062 nec
734 3006 843 3063 lamina
864 3007 910 3064 iu·
965 3006 1093 3064 haccine
1107 3007 1160 3065 tibi
1176 3007 1313 3065 videntur
1327 3008 1399 3066 satis
1415 3026 1482 3065 cum
1503 3011 1644 3083 gravitate
1660 3012 1795 3069 docentia

80 3097 255 3166 veniuntur,
271 3093 453 3153 utetiamiu
469 3092 677 3167 hisqumsuut
706 3093 819 3152 remica
846 3111 910 3152 eor·
967 3112 1024 3168 que
1037 3093 1438 3170 coujunutaiouamcunque
1452 3099 1543 3171 igitur
1555 3100 1697 3157 rationem
1712 3115 1794 3158 exoo·

81 3204 164 3262 pore‚
179 3185 277 3243 virtue
290 3184 397 3243 mentis
413 3199 516 3241 sexum
530 3182 628 3240 narnis
643 3183 813 3252 abscondat,
829 3189 858 3241 et
880 3185 911 3241 in
926 3163 948 3232 C
966 3185 1072 3258 gitaret
1087 3189 1119 3240 ut
1142 3184 1311 3258 prophetica
1335 3184 1396 3243 hae
1423 3192 1507 3261 gesta
1531 3189 1608 3246 18⁰
1634 3189 1793 3247 mandente

80 3274 231 3334 membris
244 3273 342 3349 pigeat
358 3271 496 3347 cogitare,
507 3271 585 3345 qnod
596 3272 626 3327 iu
643 3271 728 3328 lactis
743 3288 802 3328 nou
816 3273 913 3346 potuit
967 3273 1078 3346 Spiritu
1093 3276 1195 3330 sancto
1207 3278 1353 3347 suscepta,
1369 3276 1405 3332 ah
1419 3274 1579 3348 impiorum
1606 3277 1794 3334 irrisionibus

83 3381 242 3441 apparere.
966 3365 1106 3428 tueretur,
1122 3360 1250 3419 similem
1269 3366 1299 3418 et
1312 3379 1366 3420 nos
1375 3379 1492 3437 semper
1504 3369 1533 3422 et
1542 3365 1625 3422 laoile
1643 3367 1790 3437 excogita·

117 3453 175 3513 Cui
189 3468 261 3511 veru
274 3451 417 3526 hasnagio
431 3449 750 3523 displicueritvictoriaa
760 3452 913 3522 preamium
967 3450 1112 3508 bimusad
1142 3450 1290 3523 Perpetua
1316 3451 1460 3509 visionem
1475 3453 1511 3510 ab
1535 3453 1630 3526 ipsius
1659 3452 1797 3526 basnagii

82 3560 169 3603 nmo
189 3541 278 3599 viridi
307 3539 392 3598 malis
411 3538 509 3596 aureis
534 3542 637 3595 ornato
664 3538 822 3613 designari,
842 3542 915 3598 satis
969 3537 1202 3596 cavillationibus
1223 3537 1442 3597 vindicandam:
1471 3542 1527 3598 nisi
1550 3542 1623 3599 lorte
1652 3545 1793 3615 majorem

82 3632 225 3708 equidem
233 3628 915 3704 perciperenonpossum.sunoneuimloannes
970 3629 998 3683 in
1013 3627 1184 3684 dormientis
1197 3627 1331 3699 quamvis
1346 3628 1525 3701 propheticis
1539 3630 1676 3700 somniis,
1705 3645 1795 3702 quam

81 3719 271 3796 evangelista
284 3717 315 3775 ln
326 3720 489 3791 martyrum
515 3714 654 3772 manibus
680 3716 793 3788 palmas
819 3718 916 3775 vidit?
969 3704 1794 3789 invigilautiurnpropheticisitemactionibusdacentium

82 3835 98 3863 s
110 3813 149 3881 Bt
160 3807 279 3883 palma
289 3804 433 3880 nuquitln
444 3803 581 3861 manibus
589 3819 700 3860 eorum.
714 3826 729 3854 »
739 3805 768 3860 Si
778 3805 916 3864 victorias
970 3803 1200 3878 gravitatemque
1216 3804 1356 3878 requirat.

80 3891 918 3971 martyruminpalmisadumbravltSpiritussanctus,our
1005 3892 1179 3964 Quanquam
1188 3891 1295 3949 etiltud
1308 3892 1797 3965 minimeprutermittendum,im·

80 3979 918 4055 ramusviridiselnsdavnvictoriatvpusossenonpotuitt
970 3981 1130 4054 prudenter
1142 3985 1239 4053 petere
1255 3981 1443 4052 liasnagium,
1459 3985 1492 4038 ut
1505 3982 1574 4038 huic
1590 3981 1740 4053 Perpetuus
1754 3980 1798 4038 vl·

122 4073 191 4132 lton
213 4070 370 4129 eratetiam
386 4067 595 4142 curPerpetus
610 4066 689 4124 lucta
710 4083 777 4126 cum
801 4070 918 4129 diabolo
971 4068 1046 4127 sioni
1058 4068 1147 4125 aliam
1168 4069 1286 4125 omnino
1302 4069 1428 4126 similem
1456 4070 1485 4126 iu
1503 4069 1595 4127 sacris
1615 4068 1700 4125 libris
1718 4068 1800 4125 exhi·

84 4163 163 4221 adeo
184 4160 351 4235 muamus
373 4158 547 4226 offendetur,
563 4155 658 4229 utqui
685 4156 786 4213 iacobi
807 4157 916 4216 luctam
971 4159 1104 4214 beamus.
1133 4158 1190 4213 lloo
1214 4157 1290 4214 enim
1321 4160 1492 4231 argumento
1519 4173 1624 4214 omnes
1646 4157 1737 4213 terme
1765 4156 1796 4213 in

84 4267 158 4310 cum
173 4248 280 4326 angelo
290 4248 398 4323 sapius
407 4245 523 4320 legerit.
536 4246 640 4301 Annon
657 4245 745 4315 enim,
761 4245 787 4303 si
802 4263 860 4304 non
880 4248 918 4305 ad
970 4245 1168 4319 suspicionem
1184 4247 1328 4303 adducere
1343 4247 1447 4318 poterit
1468 4249 1637 4303 sanctorum
1665 4244 1793 4301 visiones

85 4339 232 4413 mysticas
242 4337 334 4410 hujus
342 4336 409 4393 lacti
419 4335 549 4393 rationes
559 4335 757 4402 attendamus,
765 4336 918 4409 magisab-
972 4351 1036 4407 quae
1046 4335 1075 4390 in
1090 4334 1220 4391 historiis
1230 4334 1436 4391 ecclesiasticis
1453 4334 1628 4390 reseruntur.
1645 4331 1708 4388 Non
1720 4330 1798 4387 mul·

90 4424 447 4499 surdumvideripoterlt,
461 4421 917 4496 hominemnoniusomniis,sed
972 4428 1017 4479 tas
1030 4423 1109 4479 enim
1125 4421 1249 4495 reperiet
1263 4423 1415 4479 recensitis
1430 4422 1461 4477 in
1476 4421 1568 4477 saeris
1580 4419 1665 4477 libris
1674 4419 1796 4478 omnino

90 4514 278 4590 vigilantem,
292 4516 384 4571 totam
393 4517 507 4571 nootsm
517 4509 623 4568 luctari
631 4527 698 4568 cum
714 4512 789 4569 bono
804 4513 918 4586 angelo,
932 4533 957 4598 Β
972 4510 1092 4569 similes.
1109 4510 1244 4568 Oblatum
1259 4516 1359 4567 sancto
1375 4509 1518 4584 cypriano
1542 4509 1638 4565 laturi
1664 4508 1798 4582 martyrii

91 4622 184 4680 quam
200 4608 334 4663 muctam
344 4603 485 4660 laminam
500 4599 605 4657 luctari
617 4599 646 4656 iu
657 4601 920 4660 somniiscumdia·
975 4599 1180 4657 revelationem
1195 4599 1298 4669 inejus
1315 4597 1379 4655 Vita
1392 4597 1515 4656 Pontius
1537 4598 1680 4655 diaconus
1698 4598 1802 4671 refert,

89 4691 274 4760 holotouod
290 4689 316 4748 si
335 4707 394 4748 non
412 4688 567 4761 indignum
596 4686 653 4743 luit
668 4688 778 4761 Spiritu
807 4694 919 4759 sancto,
975 4686 1144 4745 cuinullum
1160 4687 1279 4744 omnino
1295 4688 1421 4745 similem
1436 4687 1587 4760 prophetia
1608 4687 1715 4744 obtulit
1734 4703 1799 4743 um·

91 4779 280 4839 luothaoobi
295 4796 362 4836 cum
374 4779 644 4853 augelomystronm
656 4777 726 4850 quid
735 4778 921 4848 adumbrare,
976 4795 1063 4850 quarn
1078 4776 1206 4848 Spiritus
1222 4783 1352 4834 sanctus.
1368 4778 1448 4834 llanc
1459 4777 1550 4852 igitur
1577 4777 1607 4832 in
1632 4775 1796 4849 exemplum

92 4887 147 4927 cnr
161 4869 267 4944 quant
275 4868 439 4943 basnagius
454 4884 491 4924 an
501 4866 592 4940 digna
606 4866 809 4941 tueritSpiritu
820 4873 922 4928 sancto
975 4867 1120 4924 adducam
1132 4880 1163 4922 :a
1176 4866 1217 4923 llo
1231 4865 1480 4942 diequoprimum
1492 4866 1522 4922 in
1535 4865 1628 4923 exsilii
1639 4865 1701 4922 loco
1713 4879 1796 4919 nnan-

92 4957 351 5032 oblstsl‘erpetuae
365 4956 450 5029 visio,
465 4971 524 5028 qua
543 4954 600 5012 sibi
615 4954 767 5012 videbatur
782 4959 922 5015 adversus
976 4956 1068 5013 simus
1083 4955 1163 5028 (uam
1179 4959 1208 5011 et
1218 4955 1528 5013 meinterdomesticos
1536 4954 1656 5011 comites
1666 4950 1798 5024 dignatio

94 5044 246 5103 diabolum
257 5046 415 5104 decertare.
432 5044 490 5101 Gur
509 5043 598 5100 etism
628 5043 733 5116 quasit
751 5061 788 5101 an
815 5045 923 5102 similia
975 5039 1792 5117 charitatisejusdelegeratexsulemvoluntarium,quod

95 5151 228 5209 unquam
241 5135 392 5211 prophetis
406 5132 533 5209 Spiritus
547 5131 756 5189 idemsanctus
766 5133 922 5191 obtulerit?
975 5134 1089 5192 utinam
1104 5138 1133 5191 et
1147 5135 1177 5190 in
1193 5134 1330 5208 passione
1346 5133 1517 5200 licuissetl),
1547 5126 1683 5202 apparuit
1711 5126 1796 5198 mihi,

93 5224 210 5282 Obtulit
223 5224 315 5295 enim,
328 5228 363 5282 ut
376 5222 515 5281 vidimus.
531 5220 605 5286 Ouid
617 5221 696 5277 enlm
711 5219 842 5290 interest,
855 5222 922 5279 dor·
976 5223 1225 5298 inquit,noudum
1239 5222 1336 5281 somni
1352 5213 1691 5296 quietasupito,]uvenis
1720 5214 1797 5273 ultra
1878 5274 1883 5282 ,

94 5313 215 5372 miendo
230 5314 425 5389 auu-igilando
442 5313 571 5371 lacobus
593 5315 622 5369 et
648 5314 792 5383 Perpetua
819 5311 922 5369 luctati
976 5314 1097 5369 modum
1112 5311 1321 5382 enormis:qui
1334 5325 1401 5368 oum
1416 5304 1559 5376 mequasi
1572 5304 1608 5360 ad
1631 5302 1796 5376 pretorium

73 5402 216 5492 vineunt,
231 5401 355 5462 illesum
365 5403 480 5478 angelo,
501 5402 552 5459 illa
578 5417 645 5459 cum
660 5400 795 5459 diaholo?
811 5404 922 5459 hamus
976 5402 1104 5472 duceret,
1118 5398 1237 5458 videluu
1252 5397 1324 5455 mihi
1334 5394 1472 5455 tribunali
1491 5392 1620 5452 sedentis
1648 5397 1712 5451 tum
1728 5410 1797 5469 pro·

132 5616 193 5692 (di)
203 5617 298 5677 Serm.
311 5618 377 5693 aul,
392 5617 430 5678 sl.
442 5620 478 5676 de
491 5615 625 5688 dlversls,
640 5615 702 5674 lot.
1011 5614 1068 5690 (35)
1083 5609 1251 5670 sarmata.
1261 5610 1301 5670 al.
1319 5610 1499 5682 dediversis,
1515 5608 1579 5681 toa,
