3900 6112
701 318 1010 387 PROLECCMCNA.
1646 318 1706 385 '102

87 446 255 521 Peeiijussu
275 450 323 521 (7).
348 450 409 507 Sub
432 450 556 509 cornelii
580 452 749 526 pontificata
766 469 822 510 aon
838 456 866 522 Α
881 470 944 525 quea
960 452 1069 511 deillis
1092 454 1122 510 in
1147 455 1219 511 urbo
1244 454 1372 511 Romana
1395 452 1551 509 sabltecio
1575 454 1707 528 martyrii

87 552 95 593 ι
119 538 331 610 persecutionis
353 538 489 612 procelle,
514 556 578 613 que
598 542 679 598 Decii
701 542 823 599 interitu
878 547 950 599 Acta
965 544 1097 614 eiusdem
1110 543 1250 609 referunt,
1266 542 1338 599 nihil
1354 543 1474 600 omnino
1486 544 1621 615 probant,
1637 558 1705 600 oum

87 628 142 683 ieta
152 626 316 696 videbatur,
328 645 345 685 a
357 628 440 686 Gallo
456 634 484 686 et
495 630 653 687 Volusiano
668 632 765 688 denuo
780 647 825 687 ex·
879 631 916 688 ab
937 632 1060 689 eruditis
1084 631 1159 688 inter
1179 631 1281 705 spuria
1304 631 1482 703 rejiciantur.
1505 630 1706 691 Vetustissimi

87 756 94 783 ‚
130 715 291 774 Ecclesiam
320 718 497 790 exagitavit;
526 722 577 776 sed
601 720 688 776 etiam
717 719 825 793 duplex
878 720 1002 793 catalogi
1016 720 1189 777 Pontilleum
1205 724 1306 777 auctor
1316 721 1522 791 tantumdicit,
1537 719 1621 777 illum
1637 737 1705 779 oum

87 819 145 862 na:
161 806 440 878 primumaNovato
454 809 674 881 Carthaginensi
688 808 824 867 etNova·
882 830 896 863 ι
924 810 1018 882 gloria
1044 810 1251 867 dormitionem
1278 832 1292 859 a
1316 809 1523 867 Centumcellis
1546 812 1704 885 accepisse.

103 896 233 950 Romano
258 896 446 968 presbyteris,
475 900 636 954 Romanam
663 898 822 971 presertim
880 898 1108 956 Undenonnulli
1131 900 1347 966 existimarunt,
1373 915 1440 955 eum
1460 898 1586 956 naturali
1607 900 1705 973 potius

87 981 165 1047 siam,
179 982 303 1040 alterum
320 984 357 1039 ab
379 986 480 1041 eodem
495 985 613 1058 quidem
632 986 737 1043 Novato
753 986 823 1043 olim
878 1004 967 1061 quam
982 988 1110 1045 violente
1133 994 1227 1044 morte
1251 988 1421 1045 defunctum
1446 1004 1521 1058 esse,
1544 1005 1596 1063 per
1609 987 1705 1048 exsilii

87 1078 153 1141 tore,
170 1073 221 1130 sed
248 1075 322 1130 duce
345 1074 535 1145 Felicissimo,
552 1082 581 1132 et
596 1078 765 1133 Novatianie
777 1094 822 1133 er·
876 1082 986 1145 tamen,
1003 1094 1036 1133 ao
1052 1078 1124 1134 sorte
1134 1079 1220 1134 otiam
1235 1078 1359 1134 carceris
1374 1093 1521 1133 erumnas
1534 1077 1704 1151 accelerate,

86 1178 111 1218 ιι
124 1160 212 1234 plane
230 1164 409 1235 oppositum,
435 1165 591 1221 Ecclesiam
617 1166 667 1222 Dei
683 1166 711 1221 in
727 1166 824 1222 Africa
877 1167 1001 1239 ideoque
1015 1168 1051 1224 eb
1066 1167 1188 1224 ecclesia
1209 1172 1242 1223 ut
1265 1172 1422 1239 martyrem
1448 1166 1705 1225 meritocoli.lle·

87 1250 184 1329 rbavit.
200 1250 237 1309 Ut
252 1252 329 1308 enim
351 1254 502 1311 Novatiani
525 1253 688 1311 detestabili
714 1255 824 1311 severi·
877 1261 1044 1313 rumtamen
1060 1274 1116 1313 uon
1133 1257 1241 1313 desunt
1254 1255 1422 1312 testimonia
1436 1254 1546 1328 grevia,
1561 1272 1625 1329 que
1642 1272 1705 1315 am·

87 1354 185 1396 mnam
201 1356 283 1413 spem
298 1342 389 1398 venio
409 1342 501 1416 lapsis
524 1344 643 1416 penitus
658 1345 822 1417 negandam
876 1345 996 1419 biguam
1012 1344 1094 1403 illam
1110 1346 1252 1420 phrasim,
1272 1361 1366 1402 «cum
1391 1342 1484 1419 gloria
1498 1344 1704 1404 dormitionem
1796 1408 1799 1413 ,

87 1427 216 1495 edebant,
233 1430 273 1485 ita
287 1429 341 1498 illi,
358 1431 520 1488 damnabili
542 1433 651 1506 pariter
665 1432 821 1490 conniven—
877 1436 998 1508 aecepit‚
1014 1458 1028 1487 a
1046 1436 1082 1492 ds
1103 1435 1243 1510 martyrio
1265 1452 1317 1508 per
1339 1450 1512 1506 supremum
1525 1432 1705 1507 supplicium

88 1516 184 1591 primo
200 1518 299 1574 statim
316 1519 529 1591 persecutionis
540 1520 597 1589 die,
611 1537 678 1577 cum
695 1521 823 1578 recentia
876 1527 1080 1581 consummato
1109 1523 1309 1597 accipiendam
1337 1522 1473 1579 suadeat.
1497 1521 1647 1594 Imprimis
1673 1522 1703 1579 S.

88 1606 222 1662 nentium
240 1607 369 1664 iocinore
389 1610 541 1679 ferverent,
559 1615 587 1666 et
602 1610 756 1667 sacrificiis
772 1627 821 1669 ue·
876 1612 1038 1686 Cyprianus
1053 1614 1083 1669 iu
1098 1611 1228 1687 Epistola
1244 1630 1310 1669 criu
1325 1612 1361 1669 ed
1376 1612 1407 1671 S.
1429 1611 1564 1679 Lucium,
1577 1610 1704 1669 Cornelii

98 1699 821 1769 noatantumdiabolialtarie‚sedadbucmanus
876 1719 1085 1774 successorem,
1101 1702 1186 1759 illum
1209 1703 1318 1758 beatum
1339 1704 1492 1775 martyrem
1513 1700 1620 1757 diserto
1652 1717 1703 1773 ap·

87 1804 226 1861 apsoruua
248 1795 335 1861 atque
353 1808 403 1847 ora
429 1792 586 1861 sumerent,
603 1791 820 1849 communicare
835 1826 860 1893 B
876 1791 974 1868 pellat.
989 1793 1069 1851 Idem
1084 1792 1154 1849 lacit
1175 1790 1305 1866 Epistola
1327 1807 1382 1848 avar
1405 1791 1442 1846 ed
1464 1789 1493 1847 S.
1520 1789 1702 1863 Stephanum

87 1874 176 1949 apsis,
191 1881 220 1933 et
235 1879 411 1951 peonitentia
427 1881 545 1953 agoada
567 1880 747 1938 intercedere
760 1896 820 1937 noa
875 1882 985 1955 pariter
1007 1882 1135 1956 Papam:
1152 1904 1167 1933 «
1192 1880 1358 1939 Servandus
1378 1882 1433 1945 est,
1457 1878 1606 1951 inquiens,
1621 1882 1704 1935 ιιιιι·

87 1970 179 2035 erunt,
198 1971 272 2025 toste
287 1968 439 2042 Cypriane,
466 1969 590 2043 epistola
614 1988 648 2027 av
663 1970 699 2027 ad
714 1970 820 2028 Corae·
875 1987 1026 2029 caesorum
1041 1976 1220 2039 nostrorum,
1237 1970 1388 2026 beatorum
1400 1973 1562 2041 martyrum
1576 1964 1703 2024 Cornelii

95 2053 301 2124 Felicissimae,
321 2073 388 2114 cum
413 2074 444 2115 se
460 2061 497 2115 ab
517 2060 661 2117 Africanis
676 2060 821 2133 episcopis
874 2066 903 2118 et
917 2060 997 2118 Lucii
1013 2062 1105 2117 bonor
1118 2060 1298 2133 gloriosus...
1316 2058 1359 2115 llli
1385 2058 1475 2123 enim,
1499 2054 1577 2129 pleni
1592 2054 1702 2129 Spiritu

87 2142 162 2200 icilio
184 2150 368 2220 congregatis
390 2148 563 2204 damnatum
589 2149 708 2216 videret,
726 2153 758 2204 ut
767 2148 821 2220 jus
874 2150 924 2205 llei
939 2154 969 2206 et
982 2149 1012 2207 in
1028 2150 1154 2221 glorioso
1170 2148 1309 2221 martyrio
1319 2146 1482 2213 constituti,
1494 2145 1620 2201 dandam
1636 2160 1702 2202 esse

91 2232 210 2289 unionis
233 2251 291 2306 quo
313 2236 468 2304 exciderat,
491 2237 521 2293 in
547 2237 674 2294 Ecclesia
689 2238 821 2293 Romana
874 2238 966 2311 lapsis
992 2255 1093 2312 paoem
1121 2240 1309 2295 censuerunt.
1335 2239 1481 2292 Consonat
1501 2232 1646 2291 Eusebius
1669 2231 1701 2290 iu

87 2327 194 2391 eretur,
222 2323 345 2380 Romam
372 2326 526 2398 navigavit,
550 2332 581 2383 et
603 2327 704 2383 lucum
726 2327 820 2384 lacere
875 2329 1007 2385 Chronico
1021 2328 1139 2384 dicans:
1155 2349 1170 2377 «
1185 2328 1322 2383 Romana
1338 2324 1472 2381 Ecclesia
1485 2322 1700 2397 episcopatum,

87 2410 241 2467 »Cornelio
256 2412 389 2471 Pontilioi
411 2416 536 2470 Maximo
558 2420 681 2472 conatus
695 2419 749 2471 est.
763 2415 819 2472 Sed
874 2422 939 2490 post
954 2417 1073 2473 Fabiani
1087 2415 1245 2490 gloriosam
1271 2420 1406 2479 mortem,
1429 2431 1465 2469 ιι
1488 2411 1617 2485 suscepit
1630 2411 1700 2469 uns

87 2499 217 2567 obtinuit,
240 2501 296 2557 nisi
314 2520 373 2558 suaa
397 2504 595 2560 damnationis
619 2504 820 2560 confirmatio·
874 2505 969 2561 nelias
983 2506 1070 2561 annis
1084 2506 1200 2562 duobus
1214 2522 1222 2571 3
1238 2505 1288 2578 qari
1304 2508 1332 2559 et
1346 2504 1408 2574 ipse
1425 2501 1565 2575 martyrio
1578 2517 1699 2558 corona·

100 2592 133 2644 ut
161 2605 196 2644 cx
224 2607 312 2663 supra
341 2589 460 2647 laudata
486 2596 601 2650 constet
627 2593 657 2651 S.
683 2591 819 2666 Cypriani
873 2597 922 2651 tus
937 2599 992 2651 eat.
1008 2616 1023 2645 a
1047 2595 1076 2650 S.
1101 2594 1245 2651 Peoianus
1268 2591 1298 2649 in
1315 2590 1443 2665 llpistola
1458 2608 1479 2646 ιι
1503 2591 1538 2647 ad
1563 2591 1701 2664 sympro-

87 2674 126 2732 lu·
873 2683 1006 2755 cinnum,
1021 2684 1051 2739 S.
1067 2682 1232 2739 Cornelium
1249 2681 1378 2738 occisum
1391 2681 1492 2745 lesisse,
1504 2696 1562 2736 non
1577 2680 1702 2737 obscure

94 2764 159 2838 Ipso
176 2770 386 2839 persecutionis
409 2773 525 2826 exordio
545 2772 613 2826 anni
634 2774 697 2840 252,
714 2776 818 2827 Corne·
874 2774 1014 2829 insinuat.
1031 2773 1134 2829 adbuc
1148 2772 1257 2828 clarius
1271 2770 1401 2843 loquitur
1415 2770 1443 2825 S.
1464 2770 1655 2843 llieronymua
1669 2768 1701 2825 iu

87 2870 215 2911 ‚omanus
237 2857 367 2913 Pontifex
390 2858 601 2915 Centumcellas
625 2858 729 2931 (Civita
747 2858 818 2915 Veo·
873 2861 939 2917 Vita
953 2867 980 2917 S.
998 2861 1077 2917 Pauli
1101 2861 1245 2929 eremita,
1261 2866 1332 2915 tom.
1349 2858 1385 2914 lv
1408 2858 1494 2931 0pp.,
1510 2857 1579 2913 edit.
1596 2856 1701 2928 Paris,

87 2959 102 2997 ι
115 2942 197 3001 Gallo
207 2945 381 3018 imperatore
394 2948 540 3021 relegatus
551 2953 605 3019 est,
622 2949 707 3021 cujus
722 2948 751 3003 in
762 2948 820 3003 fide
873 2954 948 3025 part.
963 2950 991 3022 2,
1007 2949 1062 3006 col.
1075 2950 1128 3018 69;
1145 2972 1160 3000 ι
1175 2947 1323 3004 cornelius
1339 2948 1448 3015 Roma,
1462 2944 1700 3020 CyprianusCar·

87 3032 188 3088 latiam
199 3034 361 3108 Cyprianus
372 3037 504 3111 epistolis
515 3038 577 3093 suis
587 3054 676 3110 quara
694 3036 820 3093 maxime
874 3038 994 3112 tbagine
1009 3038 1084 3095 ielici
1100 3054 1202 3095 cruore
1217 3038 1389 3110 martyrium
1403 3036 1595 3109 pertulerunt.
1613 3056 1627 3085 n
1638 3033 1701 3091 Nou

91 3121 180 3178 cudat
194 3125 250 3195 (8):
275 3150 288 3175 ιι
306 3126 510 3198 Cognovimus,
528 3128 615 3183 irater
635 3126 819 3193 charissime,
875 3130 999 3186 obscure
1012 3128 1099 3185 etiam
1121 3126 1249 3197 loquitur
1272 3127 1397 3199 Prosper
1419 3126 1448 3181 in
1470 3124 1611 3182 Chronico
1625 3123 1702 3181 inte-

87 3209 126 3264 iei
142 3228 175 3267 ao
198 3213 314 3269 virtutis
337 3219 440 3271 vestrae
454 3214 624 3271 testimonie
637 3214 775 3289 gloriose,
791 3219 820 3271 et
835 3188 857 3255 G
875 3235 927 3293 gro
942 3218 1060 3275 diceas:
1078 3239 1092 3266 o
1109 3217 1245 3273 Romane
1261 3214 1394 3272 Ecclesia
1409 3214 1622 3287 episcopatum,
1637 3216 1704 3285 post

87 3297 186 3357 taionis
201 3310 302 3358 vestrae
314 3304 453 3360 honorem
465 3304 507 3360 sic
519 3304 698 3361 exsultanter
712 3304 821 3377 accepi·
874 3305 993 3362 Fabiani
1008 3304 1166 3378 gloriosam
1193 3308 1328 3375 mortem,
1344 3320 1380 3358 ιι
1403 3300 1527 3373 suscipit
1551 3298 1703 3355 Cornelius

87 3392 120 3443 ut
134 3388 164 3444 in
181 3392 341 3449 meritisne
362 3393 501 3449 laudibus
516 3393 620 3450 vestris
635 3411 688 3450 nos
703 3410 820 3468 quoque
875 3396 961 3452 annis
976 3396 1102 3464 duobus,
1118 3392 1169 3467 qui
1184 3398 1251 3465 post
1271 3392 1421 3449 biennium
1445 3391 1547 3447 eedem
1563 3386 1703 3461 martyrio

87 3474 150 3550 ipes
160 3484 189 3535 ot
201 3481 296 3536 socios
306 3488 528 3555 computemus;
541 3505 555 3534 n
567 3486 668 3555 etpost
678 3483 818 3556 plurime:
874 3488 1039 3541 coronetur.
1056 3504 1069 3537 ι

89 3580 124 3621 us
139 3566 198 3623 illic
211 3570 345 3643 Episcopi
356 3571 546 3643 precedentis
557 3572 672 3644 publice
686 3588 820 3643 compro·
910 3574 943 3629 V.
959 3572 1167 3644 Episcopatum
1178 3570 1309 3627 tenuisse
1318 3570 1425 3626 dicitur
1439 3566 1590 3625 Cornelius
1600 3566 1638 3623 ab
1647 3566 1703 3622 Cu·

87 3664 130 3723 ot,
152 3660 290 3716 adunatio
315 3661 466 3734 sequentis
491 3662 682 3719 fraternitatis
703 3666 821 3719 ostensa
874 3662 955 3720 sebio
970 3662 1089 3735 quidem
1101 3661 1158 3731 ιιι)
1168 3683 1182 3709 α
1195 3660 1281 3715 annis
1296 3659 1411 3715 circiter
1421 3658 1526 3725 tribus,
1543 3678 1558 3707 a
1570 3656 1601 3713 ιιι
1613 3656 1702 3714 Chre·

91 3764 139 3804 um
156 3750 230 3822 apud
258 3766 308 3805 vos
332 3767 409 3806 unus
433 3749 551 3807 enimus
566 3755 595 3806 et
618 3768 677 3806 una
695 3768 749 3808 vox
764 3757 819 3822 est,
874 3752 939 3810 nico
954 3757 1064 3821 ιιιιιιιι,
1079 3750 1125 3806 cui
1148 3750 1340 3822 llieronymus
1363 3745 1491 3805 concinit
1514 3746 1572 3819 (ll)
1588 3770 1599 3795 ι
1616 3745 1702 3804 ιιιίι

87 3842 121 3898 ιιι
135 3839 233 3897 omnis
248 3842 379 3895 Romane
395 3840 528 3896 contessa
555 3846 609 3897 est.
626 3839 747 3908 Claruit,
762 3841 820 3898 ιιι·
874 3842 1034 3909 duobus3o
1047 3836 1702 3907 inlibroPontilicali,‹1ennistribus,dicbue

87 3929 245 3993 berissimi,
268 3928 351 3994 fides,
368 3945 454 4000 quam
470 3928 505 3984 de
527 3930 610 3985 vobis
626 3930 729 3985 beatus
743 3932 820 4002 Apo·
875 3933 995 3999 decem;
1012 3952 1026 3981 n
1042 3930 1071 3985 in
1087 3928 1245 4000 exemplari
1259 3927 1436 3996 Corbeiensi,
1452 3931 1485 3982 ut
1502 3926 1532 3981 in
1548 3924 1703 3981 bucheria-

96 4018 274 4093 predicavit.
288 4040 299 4070 ·
314 4017 378 4073 Haeo
389 4017 505 4090 aliaque
521 4016 648 4090 plurima
660 4018 821 4091 Cyprianus
875 4037 913 4076 no
927 4018 1058 4092 catalogo
1070 4041 1083 4067 a
1098 4018 1184 4074 aunis
1195 4017 1309 4073 duobus
1325 4016 1478 4071 mensibus
1492 4014 1588 4069 tribus
1598 4012 1702 4069 diebus

90 4108 227 4175 caelium,
251 4107 301 4179 qui
326 4106 420 4161 exsilii
445 4107 584 4163 erumnis
611 4106 820 4182 laboribusque
875 4111 995 4177 deccm;
1012 4130 1026 4157 a
1042 4108 1073 4163 in
1088 4106 1267 4178 Fossatensi‚
1284 4122 1362 4161 nunc
1382 4103 1559 4170 Colbertino,
1576 4117 1628 4159 neo
1643 4117 1700 4157 noa

87 4204 157 4263 etue,
173 4196 258 4270 paulo
269 4199 336 4268 post
347 4196 394 4251 die
405 4196 519 4252 decima
531 4201 636 4268 quarta
646 4197 821 4269 septembris
876 4199 953 4272 apud
970 4197 1141 4255 Bollandum
1158 4213 1192 4252 ex
1206 4195 1309 4252 Codice
1325 4194 1393 4249 olim
1409 4194 1567 4249 Succorum
1583 4190 1703 4265 reginae,

87 4307 107 4344 r
129 4287 237 4343 ibidem
262 4285 416 4341 occubuit:
443 4307 456 4334 o
474 4286 539 4341 Post
563 4285 627 4353 boc,
645 4286 686 4342 ait
700 4286 820 4343 Pontifi·
875 4305 954 4344 nunc
968 4286 1118 4357 Vaticano,
1136 4307 1147 4335 ι
1165 4301 1241 4341 anno
1255 4280 1625 4355 uno,mcnsibusduobus,
1642 4278 1703 4335 die·

87 4375 238 4443 Damasi·
268 4373 482 4429 Centumcellas
509 4372 659 4447 expulsus,
689 4374 729 4429 ibi
753 4391 821 4431 cum
876 4377 932 4434 bue
946 4376 1052 4447 tribus,
1070 4398 1085 4427 a
1099 4374 1301 4449 pontificatum
1322 4372 1451 4446 gessisse
1471 4369 1587 4426 dicitur.
1605 4373 1638 4425 ιι
1652 4383 1703 4425 ns-

99 4466 304 4523 dormitionem
320 4466 440 4537 aceepit.
465 4487 476 4517 ι
498 4463 580 4521 Diam
609 4464 820 4522 obituslliero-
875 4466 1020 4522 minatum
1033 4465 1249 4521 Bucherianum
1272 4462 1449 4534 catalogum,
1466 4459 1494 4515 in
1520 4458 1702 4532 quoCorne·

87 4554 216 4626 edocet,
246 4554 318 4609 dum
350 4553 424 4609 081
453 4553 489 4609 de
519 4552 662 4627 Cypriane
695 4554 736 4611 ait
762 4555 949 4628 (Pltnlium
966 4554 1079 4612 sedisse
1099 4552 1225 4627 legimus
1240 4574 1254 4602 a
1280 4552 1474 4619 annosduos,
1500 4551 1702 4619 mensestrse,

87 4662 132 4703 tus
161 4652 205 4702 est
229 4646 283 4701 sub
308 4642 461 4700 Valeriano
488 4647 517 4699 et
539 4642 670 4699 Gallieno
685 4660 821 4715 persecu·
876 4646 939 4701 dies
954 4644 1064 4711 decern,
1090 4659 1107 4698 s
1131 4641 1304 4698 consulibus
1330 4639 1413 4696 Decio
1440 4638 1485 4711 lv,
1508 4642 1538 4693 et
1562 4637 1647 4695 Decio
1666 4638 1702 4708 11,

96 4740 210 4803 octava,
224 4734 325 4790 eodem
341 4733 397 4800 dia,
414 4750 472 4805 quo
483 4736 578 4787 llomae
594 4731 755 4800 Cornelius,
770 4733 821 4789 sed
876 4730 1060 4807 usqueGello
1071 4730 1276 4797 etllolusiano,
1287 4751 1302 4781 a
1312 4728 1486 4785 mendosum
1498 4726 1705 4786 Csszesseob·

87 4825 169 4881 edem
184 4839 280 4879 anno:
298 4846 313 4871 a
330 4837 434 4893 nempe
455 4821 567 4877 decimo
584 4837 684 4878 octavo
698 4822 757 4879 kal.
773 4837 820 4878 oo·
876 4827 982 4879 servat.
997 4820 1143 4877 Antonius
1158 4820 1355 4893 paginarum
1370 4819 1399 4873 ia
1415 4818 1502 4874 annis
1517 4817 1705 4890 pontificatus

88 4955 94 4981 ,
111 4929 169 4984 qua
183 4911 229 4969 die
251 4910 426 4984 cyprianum
447 4914 561 4966 constat
583 4910 723 4984 martyrio
737 4926 822 4968 coro·
875 4910 1014 4978 Cornelii,
1028 4913 1091 4966 tum
1108 4912 1138 4966 in
1153 4909 1306 4965 Deciorum
1329 4906 1530 4963 consulatibus
1545 4905 1702 4979 designan-

87 5019 94 5056 ι
112 5002 214 5070 luisse,
230 5005 258 5056 et
273 4999 425 5070 utriusque
437 4998 578 5053 momoria
592 5000 766 5057 celebratur.
876 5000 932 5058 dis.
948 4998 1052 5055 Nullus
1066 4998 1145 5054 enim
1166 5003 1210 5055 est
1225 5003 1274 5054 eut
1299 4995 1374 5052 Decii
1390 4994 1481 5068 patris
1506 4998 1639 5063 quartus,
1653 4994 1704 5048 aut

91 5090 152 5155 Ouo
170 5094 266 5146 autem
283 5089 387 5144 mortis
399 5104 502 5160 genere
513 5092 564 5142 aut
580 5087 724 5160 supplicio
739 5106 822 5146 saac—
875 5090 954 5147 Decii
970 5088 1020 5145 dlii
1037 5089 1185 5145 secundus
1199 5084 1380 5144 consulatus.
1393 5082 1509 5139 Gallum
1533 5087 1629 5138 eutem
1646 5081 1703 5137 Vo-

87 5179 183 5235 rntitox
199 5178 314 5243 obierit,
330 5176 416 5249 plane
430 5177 645 5248 incompertum
660 5182 724 5235 est:
752 5195 821 5236 nam
875 5178 1023 5235 lusianum
1041 5176 1124 5235 uacio
1138 5180 1270 5250 Augusto
1285 5175 1413 5233 secundo
1429 5188 1480 5229 seu
1493 5171 1590 5242 tertio,
1606 5174 1635 5228 et
1647 5170 1702 5229 De·

87 5381 150 5431 ltrat
165 5376 193 5432 id
215 5392 308 5459 genus
332 5377 544 5430 tormentorum
570 5374 654 5445 quasi
670 5373 819 5502 flagellum
921 5378 949 5449 8)
964 5374 1101 5501 Cpprian.
1117 5374 1208 5447 Epist.
1224 5389 1278 5429 ava.

88 5446 205 5518 nicolis,
236 5463 264 5502 ιιι
295 5444 419 5518 quaru'm
447 5446 668 5503 summitatibus
696 5448 820 5575 gendes
921 5448 949 5515 9)
978 5452 1146 5519 lieronym.
1173 5445 1206 5500 de
1241 5443 1344 5515 Script.
1373 5442 1473 5498 emta.
1503 5441 1534 5496 ia
1563 5438 1688 5515 catalog.

87 5536 136 5577 ree
151 5524 236 5576 erant
249 5519 395 5590 impacto.
416 5517 508 5573 Boron
525 5518 560 5573 ad
574 5518 695 5591 llartyro
707 5536 750 5589 og.
765 5524 818 5575 lto-
874 5535 908 5575 ca
931 5562 937 5573 .
953 5519 998 5573 aa.

98 5590 147 5648 dia
171 5591 189 5646 a
205 5590 294 5663 lunii.
311 5589 461 5648 Gallonius
475 5589 508 5646 de
534 5591 684 5661 llauyrum
707 5592 820 5650 Crucis·
923 5592 967 5661 10)
982 5587 1088 5647 lluseb.
1104 5588 1139 5645 ll.
1156 5586 1187 5644 it.
1203 5587 1254 5644 lib.
1269 5601 1320 5671 ιιι,
1334 5602 1399 5659 oap.
1414 5585 1442 5641 2.

95 5678 163 5736 pag.
178 5662 242 5719 204.
923 5660 966 5733 lt)
983 5661 1163 5737 lttcronym„
1177 5657 1211 5718 dc
1225 5656 1280 5719 ur.
1296 5660 1412 5729 eiluein,
1426 5674 1492 5730 cap.
1507 5660 1556 5719 db.
