3892 6104
135 284 214 350 raes
606 285 638 353 e.
663 291 793 354 rouro
815 291 975 356 nraoour
996 289 1091 356 vira
1112 292 1145 357 e.
1169 288 1368 359 carellus.
1763 281 1839 352 ttae

136 416 187 475 ille
202 434 290 491 quem
308 423 377 476 ente
391 435 501 477 annum
518 421 649 494 dignatio
665 423 763 480 divina
777 423 961 497 predixerat,
976 431 1004 499 Α
1018 425 1180 499 spiritalem
1196 443 1254 485 uon
1270 431 1378 484 temere
1402 421 1570 495 dicendam,
1583 418 1765 481 senteutiam
1779 419 1841 496 epi-

136 523 204 564 vere
215 506 363 566 crastinus
379 524 444 565 esse
457 509 591 567 debebat.
1015 531 1104 588 scopo
1118 515 1169 572 tali
1184 521 1212 573 at
1227 516 1278 573 teli
1293 519 1366 574 teate
1381 515 1558 588 condignam
1570 532 1578 584 ;
1592 512 1773 570 sententiam
1782 512 1843 587 glo-

1016 603 1169 671 riosam,in
1184 622 1243 679 qua
1257 606 1354 663 dictus
1369 608 1414 662 eat
1428 608 1514 662 aecta
1527 603 1651 677 signifer
1664 600 1842 660 etinimicus

312 743 346 754 ..
445 650 561 753 (iAPUT
579 651 649 709 XVI·
716 745 721 756 .
808 745 812 756 .
1017 693 1149 763 deorum,
1164 699 1194 751 at
1207 695 1258 767 qui
1273 694 1336 752 suis
1350 695 1468 752 iuturus
1481 696 1560 751 esset
1574 693 1637 766 ipae
1651 693 1840 762 documento,

228 741 361 799 P⁰⁵md¹⁶
375 741 411 797 “d
424 741 549 797 tubum
561 743 734 814 mmm
749 742 871 801 dmm·
1016 784 1136 856 siquod
1151 784 1294 858 sanguine
1308 786 1374 857 ejus
1387 783 1530 857 inciperet
1548 781 1707 856 disciplina
1721 782 1841 838 sanciri.

174 866 273 924 illuxit
287 866 413 938 denique
429 866 491 921 dies
506 865 645 934 alius,ille
670 867 814 940 signatus,
831 867 880 925 ille
896 885 961 941 pro·
1016 871 1095 930 Nihil
1117 872 1172 929 hac
1193 874 1338 931 sententia
1359 871 1485 947 plenius,
1506 871 1579 928 nihil
1602 870 1713 928 varius.
1738 869 1842 929 Omnia

141 955 315 1024 missus,ille
330 955 447 1011 divinus
457 972 559 1028 ;quem
575 956 599 1012 si
616 959 757 1028 tyrannus
773 957 836 1030 ipse
846 957 962 1014 dillerre
1017 961 1125 1035 quippe
1139 977 1203 1034 que
1216 963 1294 1020 dicta
1308 968 1388 1029 sunt,
1404 959 1472 1018 licet
1486 978 1503 1018 a
1516 959 1621 1034 gentili
1636 959 1729 1026 dicta,
1746 959 1844 1016 divine

139 1044 291 1116 voluisset,
306 1060 460 1118 uunquam
476 1061 597 1117 prorsus
610 1044 716 1102 valeret
733 1063 739 1101 :
757 1046 819 1103 dies
831 1047 867 1103 de
891 1063 961 1104 con·
1017 1054 1097 1106 eunt·
1114 1050 1171 1107 Nec
1194 1052 1302 1108 mirum
1318 1051 1419 1124 utique
1432 1065 1501 1107 cum
1525 1049 1640 1106 soleant
1653 1049 1692 1105 de
1707 1047 1844 1122 passione

140 1134 265 1192 seientia
290 1133 380 1189 futuri
401 1133 539 1206 martyris
565 1132 650 1189 laetus
668 1152 676 1203 ;
696 1137 725 1190 et
746 1134 889 1193 discussis
913 1153 963 1208 per
1017 1139 1171 1211 pontillcee
1186 1138 1360 1214 prophetare
1375 1139 1442 1212 (30).
1468 1137 1595 1213 Siguiter
1610 1136 1709 1194 iuerat
1722 1136 1782 1210 (31)
1796 1136 1845 1208 qai

139 1229 234 1281 totum
246 1223 349 1280 mundi
360 1223 505 1280 ambitum
517 1223 737 1293 nubibue,claro
753 1225 961 1283 solerediatue.
1017 1228 1053 1285 de
1067 1228 1185 1286 iarando
1209 1229 1294 1302 signo
1316 1226 1424 1286 Christi
1448 1228 1571 1284 docebat
1587 1244 1595 1284 ε
1611 1225 1755 1284 inimicus
1780 1227 1847 1283 deo·

141 1314 285 1388 Egressus
308 1316 354 1370 est
368 1313 489 1369 domum
514 1311 666 1385 principis,
681 1314 731 1371 sad
747 1314 855 1372 Christi
869 1318 899 1371 at
913 1315 962 1373 liei
1017 1332 1094 1384 rum,
1110 1317 1161 1390 qui
1177 1316 1255 1374 idola
1269 1317 1448 1375 destruenda
1467 1316 1651 1373 mandabat:
1667 1315 1847 1373 documento

142 1402 321 1475 princeps,et
335 1400 502 1474 agminibus
518 1400 718 1458 multitudinis
730 1402 822 1460 mista
837 1403 962 1460 exomni
1017 1408 1114 1463 autem
1131 1405 1193 1463 auis
1208 1405 1274 1473 luit,
1290 1406 1340 1480 qui
1359 1405 1462 1463 multis
1478 1405 1540 1480 pari
1555 1420 1664 1478 genere
1687 1404 1846 1476 secuturis,

142 1495 225 1565 parte
248 1488 374 1547 vallatus
389 1493 443 1546 cat.
458 1489 504 1546 Sic
518 1494 616 1547 eutem
641 1492 792 1549 comitatui
807 1493 872 1564 ejus
895 1492 963 1548 intl-
1017 1494 1098 1568 prior
1120 1496 1151 1551 in
1170 1494 1318 1568 provincia
1346 1495 1479 1569 martyrii
1506 1492 1655 1566 primitias
1685 1492 1846 1551 dedicavit.

143 1579 223 1636 nitus
237 1579 341 1635 1433
363 1578 508 1635 exercitus
522 1578 698 1651 adherebat,
714 1581 800 1652 quasi
814 1581 849 1636 ad
873 1597 964 1655 expu-
1017 1583 1129 1642 sanciri
1152 1583 1241 1642 stiam
1255 1583 1345 1658 oepit
1366 1584 1432 1656 siue
1446 1583 1589 1656 sanguine
1607 1580 1779 1654 disciplina,
1796 1583 1848 1638 sed

141 1668 289 1742 gnandam
304 1672 428 1725 mortem
441 1684 531 1724 manu
545 1668 622 1725 iacta
634 1669 895 1727 veniretur.liundi
910 1688 964 1728 au·
1018 1677 1200 1746 martyrum3
1216 1672 1278 1746 qui,
1294 1673 1444 1730 doctorem
1464 1671 1560 1728 lm
1576 1684 1668 1728 suum
1679 1669 1848 1729 imitatione

140 1763 200 1815 tem
216 1757 351 1814 interluit
363 1757 507 1814 transitus
517 1756 694 1815 stadiissene
706 1775 774 1816 vcro
788 1762 817 1815 ct
831 1759 915 1832 quasi
927 1760 962 1816 de
979 1806 1004 1871 B
1017 1760 1117 1836 glorie
1132 1760 1295 1822 consimilis
1308 1760 1508 1835 emulati,ipsi
1523 1775 1640 1833 quoque
1655 1758 1848 1834 disciplinam

140 1847 288 1904 industria
312 1847 432 1919 lactum,
448 1850 481 1903 ut
502 1845 643 1904 stlocum
659 1849 848 1921 congruentis
871 1853 964 1907 certa·
1019 1850 1145 1924 exempli
1159 1851 1205 1909 sul
1221 1850 1338 1924 proprio
1353 1865 1456 1907 cruore
1470 1852 1641 1907 sanxerunt.

139 1935 229 1994 minis
244 1935 412 2008 preteriret,
429 1936 480 2009 qui
494 1937 531 1993 ad
546 1953 683 1994 combam
693 1937 815 2010 iustitie
830 1955 965 1996 coneum·
1313 1947 1429 2004 CAPUT
1447 1945 1547 2004 xv111,

141 2028 222 2081 mato
252 2040 344 2098 agone
372 2025 518 2082 currebat.
548 2025 615 2092 Sed,
645 2026 695 2083 ubi
724 2027 761 2084 ad
796 2027 965 2100 pretorium
1304 2027 1401 2101 Capite
1412 2027 1550 2100 plectitur.

140 2117 262 2170 ventum
278 2119 333 2182 est,
350 2114 481 2171 nondum
496 2115 671 2186 precedente
685 2115 966 2189 proconsulc,secre·
1055 2122 1090 2174 ut
1104 2133 1172 2175 cum
1187 2117 1278 2174 exiret
1292 2115 1420 2190 pretorii
1432 2114 1587 2189 lores,ibat
1600 2131 1703 2172 comes
1718 2114 1849 2172 militum

142 2203 199 2260 tior
215 2201 297 2258 locus
312 2203 398 2259 datus
413 2208 467 2259 eet.
484 2202 545 2259 Illic
560 2219 626 2260 cum
643 2208 710 2277 poet
725 2204 779 2259 iter
794 2203 913 2277 longum
925 2203 967 2260 ui·
1020 2207 1109 2264 turba
1125 2225 1131 2264 :
1148 2209 1176 2263 st
1191 2223 1227 2263 ue
1243 2206 1315 2279 quid
1330 2206 1361 2262 iu
1377 2205 1514 2279 passione
1525 2205 1848 2274 deesset,centuriones

144 2293 203 2348 mio
219 2292 326 2348 sudore
350 2292 517 2349 madidatus
539 2294 653 2349 sederet
667 2292 769 2366 (sedile
791 2297 889 2350 autem
904 2298 966 2350 orat
983 2332 990 2347 .
1019 2301 1048 2353 et
1063 2295 1173 2354 tribuni
1188 2292 1267 2351 latus
1285 2297 1428 2352 texerant.
1446 2297 1511 2366 lpse
1525 2295 1623 2350 autem
1638 2290 1725 2350 loeus
1751 2308 1847 2365 acqua·

142 2381 263 2438 fortuito
277 2379 366 2436 linteo
381 2384 490 2436 tectum
499 2380 567 2452 (27),
584 2385 617 2436 ut
631 2386 660 2437 st
674 2382 729 2438 sub
744 2381 804 2437 ictu
821 2381 965 2453 passionis
1019 2383 1056 2442 lia
1070 2386 1081 2420 ⁸
1095 2387 1149 2455 eet,
1166 2383 1216 2440 ubi
1239 2383 1300 2457 pati
1324 2380 1457 2455 contigit,
1472 2385 1506 2438 ut
1527 2381 1686 2439 arboribus
1705 2397 1744 2439 ex
1767 2381 1846 2438 omni

143 2470 330 2542 episcopatus
344 2469 454 2524 honoro
469 2469 635 2541 frueretur),
652 2469 771 2543 quidam
792 2487 826 2526 ex
840 2475 964 2528 tessera·
1018 2477 1102 2547 parte
1115 2471 1246 2529 densatis
1261 2471 1389 2529 sublime
1411 2469 1611 2545 spectaculum
1632 2471 1776 2544 praebeat.
1790 2470 1845 2527 Sed

142 2559 194 2615 riis
217 2558 274 2630 (28)
302 2558 450 2631 quondam
474 2557 661 2616 Christianus
685 2575 732 2616 res
756 2576 825 2616 auae
849 2559 964 2627 obtulit,
1019 2579 1072 2637 par
1085 2561 1290 2619 enormitatem
1306 2559 1393 2634 spatii
1404 2558 1545 2635 longioris
1558 2557 1621 2617 visu
1638 2559 1787 2635 denegato
1798 2575 1849 2632 per

142 2648 228 2721 quasi
241 2648 329 2705 vellet
350 2647 400 2704 ille
413 2647 597 2705 vestimentis
612 2648 675 2705 suis
697 2649 828 2707 humidis
842 2650 966 2708 sicciora
1019 2652 1172 2709 confusam
1197 2649 1286 2707 nimia
1301 2649 1431 2720 turham,
1445 2665 1576 2722 personae
1599 2647 1734 2706 lavantes
1755 2648 1786 2706 in
1801 2665 1847 2704 ra-

142 2742 256 2794 mutars
271 2754 278 2792 ι
296 2736 346 2810 qui
370 2736 505 2794 videlicet
519 2737 593 2793 nihil
609 2737 688 2794 aliud
711 2738 740 2796 in
756 2739 843 2796 rebus
855 2739 964 2797 oblatis
1019 2756 1084 2797 mos
1099 2740 1237 2797 arborum
1258 2742 1421 2813 repserant,
1437 2754 1474 2796 na
1484 2737 1529 2795 vel
1543 2737 1599 2795 hoo
1611 2735 1658 2794 illi
1680 2742 1847 2813 negaretur,

142 2827 392 2899 ambiebat,qusm
407 2826 432 2882 si
449 2826 660 2898 proficiscentis
673 2828 709 2884 ad
723 2832 813 2885 Οουιιι
829 2828 965 2901 martyria
1020 2834 1053 2886 ut
1067 2829 1104 2887 ad
1129 2827 1256 2886 Zeechei
1271 2827 1347 2900 (huc.
1371 2843 1429 2896 ιιι,
1446 2828 1474 2900 l)
1489 2825 1721 2884 similitudinem
1739 2828 1798 2900 (32)
1813 2827 1848 2883 de

141 2916 264 2972 sudores
274 2917 337 2988 jam
354 2915 532 2988 sanguineos
546 2916 710 2988 possideret
721 2916 848 2988 (29).)οιιί
859 2915 909 2973 ille
919 2932 964 2974 re·
1019 2918 1174 2975 arboribus
1197 2916 1356 2974 videretur.
1380 2916 1448 2987 Sed,
1459 2917 1524 2989 jam
1545 2913 1647 2990 ligatis
1663 2932 1717 2988 per
1744 2932 1848 2972 manus

142 3004 272 3078 spondit,
289 3008 318 3060 et
340 3003 415 3060 dixit
430 3021 436 3061 :
454 3026 468 3055 a
484 3003 612 3061 Medeles
635 3004 811 3063 edbibsmus
827 3005 964 3078 querelis,
1019 3023 1089 3064 suae
1104 3003 1325 3077 oculis,moram
1338 3003 1484 3062 carnificis
1494 3019 1597 3078 urgere
1610 3005 1848 3077 tentabat,cujus

142 3110 207 3166 quae
231 3093 317 3150 hodie
342 3093 466 3150 forsitan
491 3110 549 3150 non
568 3100 664 3150 erunt.
682 3094 828 3164 allisum,
845 3095 870 3150 si
894 3111 964 3152 eon·
1018 3111 1128 3153 munus
1143 3097 1190 3151 est
1203 3095 1313 3152 lerrum
1325 3110 1333 3162 ;
1345 3097 1374 3150 et
1387 3093 1503 3151 labente
1516 3093 1637 3149 dextera
1651 3093 1789 3167 gladium
1804 3093 1848 3150 vix

140 3182 262 3254 tempsit
281 3181 407 3239 laborem
422 3199 551 3256 corpore,
568 3184 619 3255 qui
634 3186 757 3240 mortem
783 3188 881 3241 mente
895 3200 964 3241 con·
979 3170 1002 3240 C
1019 3182 1214 3242 trementibus
1230 3183 1330 3257 digitis
1344 3181 1498 3254 circuibat,
1514 3181 1606 3238 donec
1621 3181 1659 3238 ad
1674 3186 1847 3256 perpetrau-

141 3271 398 3343 tempseratlouid
414 3269 626 3345 plumiSubito
635 3271 802 3345 proconsuli
813 3272 967 3330 nuntiatus
1021 3274 1089 3331 dam
1104 3272 1224 3346 pretiosi
1236 3271 1291 3329 viri
1306 3274 1442 3342 mortem,
1458 3269 1678 3328 clarificationis
1693 3269 1770 3328 hora
1785 3289 1844 3329 ma·

142 3366 196 3416 est.
223 3360 408 3432 Producitur,
434 3361 617 3428 admovetur,
632 3361 830 3435 interrogatur
855 3361 891 3418 da
913 3379 967 3420 suo
1019 3367 1097 3430 tura,
1112 3360 1293 3419 centurionis
1307 3375 1429 3417 manum
1453 3374 1593 3417 concesso
1607 3359 1738 3434 desuper
1750 3361 1845 3435 vigore

143 3448 261 3505 nominc
277 3467 284 3518 ;
301 3465 333 3506 ee
348 3465 412 3507 esse
427 3449 589 3522 respondit.
606 3449 908 3507 lithacteuusverba.
1020 3452 1178 3518 firmatam,
1208 3448 1360 3525 permissis
1386 3448 1507 3505 undem
1533 3447 1649 3506 viribus
1684 3450 1844 3524 expediret.

455 3594 463 3615 ,
1020 3541 1175 3598 Ohaatum
1191 3538 1327 3596 Ecclesia
1338 3536 1546 3611 populum,qui
1560 3537 1701 3612 episcopo
1717 3538 1846 3607 saculi,

443 3590 557 3649 (APUT
575 3591 662 3693 xm·
1020 3634 1049 3688 et
1062 3628 1155 3687 oculis
1170 3627 1279 3702 pariter
1292 3631 1322 3685 et
1336 3627 1483 3698 sensibus,
1497 3631 1536 3694 et,
1549 3627 1629 3700 quod
1643 3632 1691 3684 eat
1707 3627 1847 3702 amplius,

435 3681 503 3736 Lam
530 3683 673 3738 'mmm'
1021 3718 1166 3793 publicata
1180 3732 1249 3775 voce
1272 3732 1446 3789 compassus
1461 3718 1525 3786 ast;
1543 3720 1581 3786 et,
1603 3716 1770 3790 sicutipse
1791 3721 1847 3774 tra·

180 3804 263 3878 Legit
289 3805 388 3876 itaque
410 3804 446 3860 de
472 3803 572 3860 tabula
591 3804 654 3876 jam
679 3795 855 3863 sententiam
875 3808 967 3880 judex
1020 3812 1117 3866 etanta
1131 3822 1248 3880 semper
1262 3805 1406 3877 audierat,
1421 3806 1480 3862 Deo
1492 3804 1593 3877 ludios
1608 3810 1772 3864 coronatus
1786 3805 1847 3863 esti

143 3911 231 3966 quem
256 3909 350 3965 nuper
372 3893 402 3949 in
426 3893 538 3950 visione
563 3910 622 3950 non
646 3893 775 3967 legeret;
790 3898 966 3954 sententiam
1020 3895 1159 3966 Quemvis
1173 3895 1252 3953 enim
1268 3910 1325 3953 nou
1341 3893 1468 3968 potuerit
1481 3893 1597 3952 evenire
1613 3895 1693 3968 quod
1710 3895 1849 3969 optabant

853 4021 947 4080 Varia
965 4021 1115 4081 lectiones.

180 4090 230 4148 ’ln
246 4088 349 4161 equali
365 4089 424 4146 Gal.

864 4163 1019 4222 variorum
1039 4167 1124 4222 uota.

144 4259 215 4317 viris
241 4260 373 4332 quicum
397 4257 560 4332 virginibus
581 4259 770 4328 dormierant,
786 4261 828 4318 ait
845 4279 851 4318 :
868 4264 1010 4332 Dictaei)
1059 4261 1116 4335 (29)
1131 4260 1296 4319 Possideret.
1322 4259 1370 4317 Sic
1384 4258 1498 4333 aliquas
1520 4261 1685 4332 martyrum
1711 4259 1848 4335 reliquias

143 4336 280 4404 praecepto
309 4342 465 4395 teneamus,
494 4348 544 4387 nec
568 4332 708 4402 potiamur
733 4349 830 4389 errore
864 4336 970 4404 fratrer
1025 4333 1156 4390 certatim
1173 4348 1275 4405 rapere
1287 4331 1452 4405 gestiebant
1464 4330 1636 4389 Christiani.
1651 4331 1740 4388 Face„

145 4413 267 4468 nostros,
281 4406 307 4458 et
320 4419 370 4474 pro
383 4403 499 4459 arbitrio
513 4407 539 4459 et
553 4408 634 4458 mictu
647 4420 696 4460 roo
709 4406 810 4461 sivero·
826 4404 966 4461 Boumsn.
1059 4405 1116 4478 (30)
1143 4406 1321 4476 Prophetare.
1348 4401 1459 4460 Alludit
1485 4402 1521 4459 ad
1551 4401 1708 4475 Caipham,
1737 4403 1788 4477 qui
1816 4404 1850 4459 de

181 4475 236 4546 (27)
257 4475 353 4531 linteo
375 4477 486 4530 tectam
509 4473 627 4548 ¹Lintais
654 4476 857 4548 episcoporum
885 4477 969 4534 sedes
1022 4475 1130 4534 Christi
1156 4480 1249 4533 morte
1270 4473 1387 4533 nescius
1410 4473 1606 4548 prophetavit,
1630 4474 1718 4531 ioan.
1743 4491 1782 4544 ιι,
1804 4476 1849 4530 59.

145 4544 287 4617 cooperiri
312 4544 455 4612 solebant,
471 4549 503 4600 ut
518 4562 553 4600 aa
567 4545 691 4603 Paciano
707 4552 797 4618 putat,
813 4548 863 4619 qui
882 4548 968 4619 epist.
1649 4543 1797 4604 limam.

144 4621 172 4682 2,
187 4617 222 4672 ad
249 4617 493 4689 sympronianurn
519 4617 677 4674 Novatiauo
705 4619 870 4690 exprobrat,
890 4621 967 4692 quod
1058 4619 1115 4690 (31)
1131 4617 1255 4691 Srpniser
1268 4621 1368 4690 mersi.
1384 4614 1447 4673 Non
1462 4615 1548 4672 modo
1563 4615 1593 4672 in
1613 4614 1785 4675 Christiana
1799 4618 1852 4674 mi·

144 4696 322 4744 oorrsacrcnte
336 4688 414 4744 catto
430 4689 572 4744 linteatum
583 4689 672 4745 sedem
686 4690 869 4761 acceperitld
880 4690 968 4747 etiarm
1023 4688 1088 4746 litia
1110 4691 1332 4762 antesignanus,
1349 4687 1398 4744 sed
1413 4687 1499 4745 ducis
1521 4687 1568 4743 sui
1583 4688 1723 4759 symbolo
1738 4695 1767 4747 et
1781 4689 1851 4746 cha·

143 4759 765 4831 vidcturinnuererlugustinusepiet.23,ad
777 4761 968 4817 Maximinum
1023 4767 1134 4818 rectore
1162 4762 1190 4817 in
1219 4775 1340 4833 corpore
1366 4762 1485 4815 notatus
1525 4758 1560 4814 sd
1589 4760 1700 4817 veteris
1741 4760 1851 4817 militia

144 4833 313 4902 episcopum
331 4830 626 4895 Donatistam,uhiait
641 4847 691 4887 nec
705 4832 813 4887 absidas
827 4833 967 4902 predatus,
1023 4848 1146 4888 morem.
1163 4832 1228 4887 vid.
1244 4831 1332 4887 Galat.
1356 4845 1395 4896 v1,
1413 4830 1457 4885 (7.
1474 4802 1561 4886 fferre
1586 4845 1720 4901 crucem,
1736 4831 1850 4890 Domini

146 4919 194 4957 nco
207 4902 354 4958 curtedroa
377 4903 492 4972 velatos,
509 4903 646 4974 cuiquam
672 4902 701 4957 in
726 4903 833 4959 Christi
854 4905 968 4976 judicio
1023 4903 1172 4970 vexillum,
1187 4902 1284 4959 verbis
1308 4901 1525 4966 annuntiatam,
1542 4900 1684 4973 passione
1699 4903 1790 4962 altius
1804 4920 1852 4960 er·

145 4974 326 5046 prolaturae.
344 4974 486 5029 ltumaar.
1023 4975 1100 5042 tulit,
1116 4982 1144 5031 et
1157 4973 1272 5030 felicius
1287 4971 1473 5046 predicabat.
1491 4972 1576 5028 Facu.

180 5043 968 5116 (28)Tesseraritr.l¹eeserarii,quitessaraspermilitum
1058 5048 1114 5116 (32)
1129 5046 1168 5101 Ad
1180 5045 1304 5102 Zaoettaei
1315 5043 1543 5100 similitudinem.
1559 5043 1666 5100 Nescio
1692 5062 1794 5103 annon
1807 5046 1852 5102 hic

145 5120 335 5173 contubernia
351 5115 545 5184 nuntiant,vel
561 5117 598 5173 ab
613 5117 967 5189 excubitoribusaxigunt.
1022 5115 1094 5173 levis
1109 5115 1299 5172 hallucinatio
1315 5115 1416 5171 Pontia
1431 5119 1484 5171 aut
1497 5117 1738 5174 amanuensibus
1746 5117 1852 5174 accide-

144 5187 186 5243 lie
212 5188 258 5244 his
282 5187 430 5270 Vegetius,
456 5187 509 5242 lib.
526 5187 645 5243 urielis
669 5189 800 5255 militari,
823 5204 848 5246 c.
864 5190 893 5256 7,
917 5189 968 5244 ubi
1023 5188 1071 5251 rit,
1089 5203 1157 5243 voce
1180 5187 1303 5244 Zuocbaei
1317 5202 1369 5270 pro
1384 5185 1489 5243 Christi
1507 5186 1618 5313 scripta
1634 5203 1642 5243 :
1659 5189 1850 5246 manifestum

144 5263 257 5315 tessera
281 5261 389 5315 dicitur
411 5262 579 5330 pareceptum
601 5259 690 5326 ducis,
725 5275 759 5314 uc
775 5257 816 5315 vel
831 5259 866 5314 ad
889 5275 966 5331 opas,
1022 5258 1101 5315 enim
1117 5263 1162 5315 est
1176 5259 1223 5316 hic
1238 5258 1327 5314 alludi
1343 5258 1379 5314 ad
1397 5258 1459 5313 Lac.
1475 5274 1534 5326 ιιι,
1551 5273 1569 5314 u
1593 5257 1601 5312 i
1618 5260 1788 5333 Zacchaeus,
1799 5261 1853 5316 ad-

143 5330 235 5384 velud
260 5331 368 5386 bellum
382 5338 504 5386 movetur
526 5333 678 5385 exercitae.
703 5278 842 5386 ἆυιιιιιιτ.
859 5362 893 5371 -
910 5331 967 5386 les·
1022 5335 1159 5386 vastante
1182 5330 1305 5386 Christo.
1322 5344 1501 5402 praecarrem
1523 5328 1647 5410 meandri
1661 5331 1696 5386 irs
1721 5333 1849 5388 oricum

142 5403 266 5455 sororiis.
285 5402 419 5474 Vagati,
436 5420 468 5464 11,
484 5419 548 5473 cap.
564 5403 591 5471 7,
607 5403 678 5457 dicit
689 5418 763 5471 esse,
775 5405 823 5473 pai
837 5407 968 5457 tesseram
1020 5418 1202 5474 sycomorum,
1215 5409 1245 5457 ut
1259 5402 1363 5457 videret
1376 5417 1449 5458 eum.
1464 5398 1536 5456 Nem
1587 5416 1631 5456 sic
1644 5404 1676 5458 S.
1686 5401 1850 5477 opprimas

141 5484 193 5593 [ἔον
206 5473 384 5528 contubernio
398 5475 520 5529 enititum
535 5482 582 5529 aut
595 5476 826 5545 praeioriapomrm
846 5475 966 5529 nuntiat.
1021 5475 1058 5529 ab
1073 5473 1139 5528 aliis
1156 5474 1206 5545 qui
1222 5473 1251 5528 in
1266 5474 1386 5529 arbores
1400 5487 1526 5529 coueoeu
1547 5473 1642 5540 orauit
1659 5472 1746 5532 risus
1759 5475 1850 5532 iuiese

167 5538 234 5620 scit.
249 5539 300 5595 lib.
316 5560 385 5608 ινιι,
401 5546 529 5617 appellat
543 5546 681 5601 Barbium
706 5544 873 5612 Proculum,
888 5548 967 5602 tasse
1023 5543 1072 5602 hic
1087 5544 1203 5602 dicitur.
1220 5545 1359 5602 Βοιιιιιυ.

142 5625 256 5668 ramum
268 5615 476 5684 speculatorem.
492 5617 575 5690 Faue.
