3892 6104
126 310 202 371 leil
656 307 709 369 DE
731 303 1028 371 deaestimant!
1049 302 1301 369 BAP'l'lelA'l'E
1751 308 1821 373 itia

122 440 305 513 Augustinus
319 458 325 497 ι
339 462 354 491 ι
365 440 584 511 Verumtamen,
598 442 694 514 inquit
705 442 755 498 lib.
772 458 802 498 ιιι
813 442 846 496 de
863 446 947 514 Bopt.
963 444 990 508 Α
1005 440 1261 498 consuetudinem.
1288 444 1377 496 Porro
1400 440 1544 512 Cypriane
1566 440 1761 511 objiciebatur
1776 458 1825 500 noa

123 546 188 603 cap.
201 530 229 599 5,
244 545 308 602 qun
322 528 427 585 soleret
442 546 508 586 esse
523 528 656 587 Ecclesia
680 530 863 587 consuetudo
878 528 952 587 satis
1005 533 1120 585 tantum
1136 548 1199 601 quai
1217 536 1285 585 tunc
1302 531 1442 601 temporis
1455 530 1582 603 vigebat,
1597 529 1650 586 sed
1665 529 1756 585 etiam
1767 546 1827 603 pre

122 618 202 674 idem
218 619 381 691 Cyprianus
392 619 530 688 ostendit,
546 620 597 691 qui
615 620 656 676 ait
670 620 700 675 in
723 620 899 692 preteritum
915 619 952 675 de
1006 618 1102 685 terita,
1118 622 1148 673 et
1162 617 1283 691 antiqua
1297 618 1431 675 matesis
1452 618 1649 687 consuetudo,
1663 623 1698 674 ut
1712 622 1827 691 patetei

124 706 600 765 heresiadllcclesiamvanientes
613 708 952 781 einehaptiamoadmia·
1005 705 1134 762 textibus
1150 704 1258 773 allatis,
1282 722 1316 763 ac
1340 723 1374 762 ex
1398 706 1435 763 iia
1457 706 1593 779 Cypriani
1612 707 1712 763 verbis
1736 708 1773 763 ad
1787 712 1827 767 la·

124 812 186 853 sos.
210 818 223 847 a
236 796 272 851 Et
281 793 334 852 lib.
349 813 376 863 v,
388 813 451 869 cap.
468 796 500 852 17
513 814 519 851 :
536 818 550 849 a
561 798 701 872 cypriano
711 798 805 855 visum
816 796 953 854 nataliter
1005 794 1103 851 baian.
1120 794 1275 851 scribentis
1287 811 1294 850 :
1307 818 1321 845 «
1333 796 1388 851 Sed
1400 796 1472 852 dicit
1485 796 1591 867 aliquia
1602 812 1610 851 ι
1622 796 1699 863 ouid
1711 798 1827 870 ergata

124 884 328 959 suscipiendos
344 886 380 940 ab
400 884 545 943 haereticis
568 890 728 955 venientes,
755 903 844 959 quam
860 886 905 942 vel
920 885 950 941 ia
1004 884 1039 939 de
1054 884 1091 939 iis
1107 883 1156 955 qui
1173 884 1201 938 in
1214 884 1393 957 preteritum
1405 885 1441 940 de
1455 884 1559 941 haeresi
1575 886 1614 941 ad
1627 884 1828 943 Ecclesiamre-

123 976 302 1047 praeteritum
319 974 558 1048 suscipiebantur
580 976 657 1033 sicut
679 976 742 1049 ipse
756 979 890 1046 testatur,
906 974 950 1031 vel
1005 972 1118 1029 aientes
1133 972 1197 1029 sine
1209 973 1357 1045 baptismo
1371 972 1493 1030 admissi
1504 974 1602 1031 ιιιιιιι
1617 994 1634 1025 ι
1648 1004 1685 1015 -
1703 992 1716 1023 ι
1732 978 1828 1032 Potens

121 1078 200 1119 nunc
215 1062 427 1135 suscipiuntur.
446 1086 460 1113 ι
475 1067 508 1119 ut
519 1080 583 1137 cap.
598 1066 650 1121 19:
666 1088 680 1115 a
697 1066 732 1121 Et
750 1064 813 1121 idac
828 1064 853 1121 ιι
867 1067 951 1119 cetus
1005 1065 1049 1117 est
1062 1060 1204 1118 Dominus
1228 1060 1430 1119 misericordia
1444 1078 1499 1117 aua
1521 1060 1742 1135 indulgentiam
1758 1062 1829 1133 dara,

7 1182 21 1233 '.
118 1152 179 1207 hec
204 1156 267 1207 erat
294 1153 486 1219 consuetudo,
514 1158 547 1208 ut
570 1153 606 1209 ab
636 1152 780 1209 hereticis
802 1152 951 1210 venientes
1004 1154 1033 1207 et
1046 1166 1096 1206 eoa
1112 1149 1162 1222 qui
1177 1150 1214 1206 ad
1227 1149 1385 1208 Ecclesiam
1397 1150 1572 1223 simpliciter
1586 1150 1716 1209 admissi
1731 1156 1830 1209 suntet

118 1239 149 1296 ln
167 1241 269 1297 eodem
285 1240 394 1297 Christi
415 1242 564 1314 baptismo
578 1258 664 1314 quem
687 1242 756 1299 loris
780 1244 951 1314 acceperant
1004 1240 1034 1295 in
1049 1237 1177 1297 Ecclesia
1187 1239 1380 1308 dormierunt,
1391 1240 1428 1297 ab
1438 1238 1574 1297 Ecclesia
1588 1257 1650 1297 sue
1661 1240 1829 1298 muneribus

122 1330 352 1402 susciperentur,
364 1330 439 1401 quod
453 1345 506 1386 nec
518 1330 574 1402 ipsi
589 1332 639 1403 qui
655 1336 756 1388 contra
767 1331 951 1388 disserebant
1005 1344 1063 1385 non
1076 1344 1221 1401 separare.
1239 1328 1301 1385 Nou
1323 1333 1423 1385 tamea
1439 1329 1510 1401 quia
1530 1328 1696 1403 aliquando
1710 1334 1831 1387 erratum

121 1419 296 1492 (Cyprianus
312 1423 341 1474 et
355 1418 416 1491 alii)
432 1435 537 1492 negare
548 1422 715 1493 potuerunt.
734 1444 744 1471 ι
762 1420 840 1477 litia
857 1419 949 1492 Epist.
1005 1422 1061 1484 eat,
1075 1416 1141 1473 ideo
1154 1433 1271 1490 semper
1285 1418 1445 1474 errandum
1459 1424 1516 1475 eat.
1537 1439 1553 1469 n

122 1508 168 1579 93,
184 1506 219 1563 ad
237 1510 408 1565 l'incentiam
421 1509 602 1580 llopatietam,
624 1525 689 1582 cap.
718 1510 800 1565 loz·
826 1508 856 1565 Si
871 1508 949 1566 enim
1039 1506 1080 1561 Er
1104 1506 1213 1578 quibus
1236 1507 1374 1564 omnibus
1396 1512 1513 1563 constat
1535 1506 1566 1566 8.
1591 1507 1773 1581 cyprianum
1784 1524 1829 1582 ap·

120 1598 311 1653 Sacramenta
321 1613 388 1652 cuin
400 1598 601 1670 peccatoribus
611 1598 951 1668 communicando,sieut
1004 1594 1098 1667 prime
1125 1594 1239 1654 novisse
1263 1596 1504 1653 consuetudinem
1531 1597 1691 1654 haereticos
1714 1614 1770 1655 nou
1789 1615 1828 1655 re-

118 1684 241 1759 putatis,
257 1684 344 1758 periit
367 1685 506 1757 Ecclesia,
532 1703 596 1759 qua
611 1687 706 1743 suerat
729 1686 759 1744 in
773 1689 842 1744 orbe
857 1691 949 1743 terra·
1003 1684 1170 1757 baptizandi
1199 1690 1262 1742 tuin
1287 1685 1361 1755 suis,
1386 1691 1449 1742 tum
1473 1686 1630 1759 preteritis
1653 1687 1829 1761 temporibus

117 1790 184 1830 rum
194 1776 258 1848 jam
275 1774 357 1846 prius
378 1778 441 1831 tote
464 1776 599 1850 perierat,
615 1792 694 1843 cum,
718 1776 796 1833 sieut
809 1776 880 1833 dicit
894 1775 947 1848 Gy·
1004 1773 1094 1831 tuisse
1108 1773 1351 1831 consuetudinem
1368 1774 1513 1843 Ecclesia,
1528 1775 1611 1831 haud
1636 1774 1788 1849 ignorasse
1799 1777 1827 1834 8.

117 1864 250 1935 priscus,
259 1864 288 1919 ιιι
301 1880 366 1920 eam
376 1864 595 1937 sinebaptismo
606 1866 848 1935 admittebantur,
860 1882 893 1923 ac
905 1867 947 1923 sic
1002 1867 1189 1920 Doctorema
1210 1861 1356 1935 Stephano
1383 1862 1470 1921 llom.
1498 1863 1639 1937 pontifice
1664 1870 1694 1920 et
1718 1864 1826 1939 alonge

117 1969 171 2010 nec
186 1952 249 2026 ipse
259 1952 557 2026 Cyprianushabehat
567 1954 597 2010 ιιι
611 1971 669 2027 qua
679 1954 806 2012 llcclcaia
816 1969 945 2012 nascere·
1001 1954 1104 2024 majori
1120 1954 1326 2026 episcoporum
1341 1958 1423 2025 parte
1448 1958 1519 2010 tunc
1534 1954 1679 2026 temporis
1692 1970 1757 2011 eam
1772 1972 1826 2012 ser·

118 2046 178 2099 tur.
199 2064 214 2093 ι
1000 2043 1071 2106 vari,
1088 2058 1121 2098 ae
1135 2041 1309 2113 antiquitus,
1322 2042 1349 2097 id
1366 2048 1489 2100 calente
1503 2044 1703 2117 aprippinum
1714 2044 1751 2100 ab
1770 2060 1827 2101 om·

154 2132 305 2203 Praeterea,
321 2135 355 2186 ut
371 2147 461 2204 supra
475 2132 613 2201 vidiniua,
629 2132 790 2205 Cyprianus
806 2150 946 2206 agnosce·
1001 2132 1091 2189 nibus
1104 2131 1251 2205 episcopis
1267 2136 1412 2188 servatam
1428 2131 1528 2189 luisse.

116 2220 175 2289 bat,
190 2224 219 2278 et
234 2220 428 2277 condiebatur
443 2237 507 2293 quas
522 2221 578 2295 ipsi
594 2222 795 2294 opponebatur
809 2221 945 2279 Ecclesia

465 2578 696 2701 BINAE
751 2576 1474 2703 DISSERTATIONES

716 2786 799 2883 on
838 2785 1223 2885 cruciniano

304 2968 419 3027 Auctore
431 2970 462 3027 F.
477 2968 645 3026 Marcellino
659 2967 894 3097 llotlicnlutrlllctt
911 2968 942 3025 0.
958 2966 986 3053 8
998 2968 1195 3097 hl'lgttricticrie
1209 2967 1399 3038 clamantia,
1414 2964 1462 3025 88.
1479 2966 1635 3040 Theclcpiae

854 3056 869 3097 e
895 3056 943 3099 cre
960 3056 995 3113 pa
1016 3056 1025 3096 ι
1067 3056 1092 3096 c.

428 3308 629 3366 Pausania.
997 3310 1032 3363 ut
1055 3306 1152 3381 potius
1180 3306 1209 3362 in
1236 3305 1310 3362 meis
1338 3305 1486 3377 prioribus
1514 3304 1718 3379 opinionibus.
1742 3306 1823 3363 etiam

151 3398 255 3457 issa
293 3398 461 3471 Postquam,
499 3415 576 3454 anno
616 3400 694 3467 1788,
729 3399 765 3455 de
793 3396 980 3487 cathedrisc
998 3394 1058 3453 illia
1085 3396 1163 3452 circa
1199 3395 1337 3467 cepham,
1370 3392 1447 3451 circa
1471 3393 1587 3466 jeJunia
1620 3397 1651 3450 et
1678 3394 1824 3451 abstinen-

114 3486 193 3544 Petri
208 3486 340 3543 Romana
359 3492 387 3544 et
414 3486 600 3557 Antiocheae,
626 3504 659 3544 ac
683 3486 787 3560 primia
807 3488 839 3545 S.
867 3487 944 3544 Petri
998 3486 1054 3541 tius
1069 3485 1098 3541 in
1118 3484 1182 3541 dies
1205 3498 1321 3556 semper
1344 3482 1439 3555 magis
1464 3488 1493 3539 et
1514 3482 1612 3554 magis
1636 3482 1824 3540 confirmatus

116 3575 337 3633 successoribus
362 3576 447 3633 hines
469 3576 685 3649 publicaveram
711 3576 942 3649 dissertationes,
996 3574 1122 3642 tuerim3
1139 3574 1198 3629 imo
1213 3589 1280 3630 cum
1296 3572 1387 3628 libros
1411 3571 1593 3643 antiquiores
1618 3572 1746 3629 ulterius
1764 3588 1823 3645 per-

114 3683 173 3722 non
202 3664 312 3721 cessavi
341 3669 471 3721 veterum
501 3666 552 3723 88.
583 3666 702 3722 Petrum
733 3671 762 3722 et
790 3665 942 3721 historico·
996 3662 1145 3730 voluerim,
1162 3678 1240 3718 nunc
1255 3665 1359 3733 pretor
1371 3660 1540 3738 opinionem
1554 3676 1655 3718 meam
1669 3666 1701 3719 et
1715 3678 1825 3735 exspec-

115 3770 180 3811 rum
199 3770 287 3827 opera
310 3754 390 3810 boris
416 3754 572 3827 intercisis,
599 3772 671 3828 quaa
692 3755 808 3828 negotia
823 3754 943 3827 permit·
996 3752 1148 3815 tationem,
1163 3768 1197 3809 eo
1211 3750 1313 3807 deveni
1329 3754 1362 3807 ut
1375 3749 1478 3809 naa
1491 3748 1638 3806 nonnulla
1660 3768 1753 3824 opera
1765 3766 1823 3823 qua

115 3844 217 3901 iebant
245 3842 352 3899 liberas
380 3842 551 3917 diligentius
579 3844 752 3918 persolvere,
781 3861 815 3900 ac
845 3845 944 3901 critice
997 3840 1127 3914 antiquie
1142 3840 1310 3898 auctoribus
1324 3840 1521 3910 ascribuntur,
1541 3856 1576 3895 ex
1598 3839 1738 3914 pluribus
1752 3840 1822 3897 iudi·

117 3936 146 3989 et
175 3932 315 3989 attentius
338 3934 499 4005 expendere
523 3938 551 3990 et
580 3932 703 3990 ulterius
731 3933 879 4005 inquirere
905 3950 943 3990 ιιι
997 3930 1051 3987 ciis
1065 3928 1249 4002 cognoverim
1278 3945 1343 3985 essa
1370 3928 1529 4001 respective
1556 3928 1762 4001 supposititia,
1781 3925 1821 3984 cel

115 4021 215 4079 tarsen
240 4038 293 4094 ego
322 4020 386 4095 ipse
410 4026 511 4079 contre
538 4026 680 4079 assertam
710 4038 805 4079 meam
830 4021 942 4094 opinio·
997 4016 1171 4087 mutilu,vel
1188 4016 1371 4091 interpolata,
1395 4022 1424 4074 et
1445 4016 1564 4089 quidem
1589 4016 1664 4074 talia
1680 4032 1822 4091 operae:

114 4127 199 4169 nem:
230 4133 244 4161 «
272 4112 349 4183 quod
385 4110 489 4167 Petrus
525 4128 678 4184 nunquam
704 4112 813 4168 sederit
841 4111 942 4167 antio·

114 4200 190 4257 chiae
202 4200 251 4271 (2),
268 4221 283 4249 u
308 4197 419 4272 aliquid
444 4197 531 4256 solidi
553 4200 687 4273 detegere
706 4200 863 4273 potuerim,
889 4217 942 4272 pa·

115 4288 249 4360 ratua,si
279 4288 464 4359 erravisaem,
493 4290 607 4361 primus
632 4288 747 4363 publiea
776 4306 871 4346 meam
894 4304 943 4346 re·

114 4394 218 4435 vocare
233 4377 422 4435 senteutiam.

150 4468 187 4523 nt
210 4472 325 4523 tantum
351 4466 434 4524 abeat
458 4473 490 4524 ut
515 4466 676 4541 quidquam
700 4467 779 4540 quod
803 4468 877 4525 meis
893 4483 942 4525 aa·

116 4554 294 4613 sartionibus
309 4556 464 4614 adversum
486 4562 573 4629 esset,
589 4557 752 4629 usquehuc
772 4556 940 4631 detexerim,

150 4697 189 4769 (1)
205 4697 292 4753 Binas
317 4698 540 4757 Dissertationee
565 4698 733 4757 Monosterii
757 4699 941 4772 westphalo-

998 4109 1106 4181 quibus
1120 4108 1300 4181 gravissimas
1321 4110 1350 4163 et
1369 4106 1600 4164 intricatissimae
1624 4104 1821 4163 controversia

997 4196 1079 4254 luero
1101 4201 1192 4253 enatae
1215 4212 1273 4252 nou
1298 4196 1397 4253 minua
1419 4196 1450 4251 in
1475 4193 1627 4267 theologia
1649 4195 1820 4269 dogmatice,

997 4303 1086 4360 quam
1110 4285 1231 4342 historia
1260 4288 1289 4343 et
1317 4283 1505 4357 chronologia
1531 4284 1749 4353 ecclesiastiea,
1776 4299 1822 4341 nec

996 4392 1054 4432 non
1078 4375 1240 4447 patrologie
1262 4374 1415 4447 signantes
1437 4376 1564 4446 quatuor
1589 4374 1758 4447 primorum
1777 4390 1823 4431 aa·

996 4465 1139 4523 culorum.
1154 4463 1217 4520 Non
1232 4480 1354 4537 possum
1378 4479 1436 4519 non
1451 4478 1534 4520 meas
1557 4462 1590 4521 in
1605 4480 1638 4521 re
1662 4468 1727 4521 ιιιι
1739 4463 1820 4521 ardus

996 4552 1187 4627 cogitationes
1203 4551 1311 4624 publici
1321 4552 1400 4624 juris
1414 4551 1518 4609 tacere.

1030 4715 1048 4754 a
1063 4696 1324 4770 praesumptoribus
1337 4698 1421 4767 atque
1429 4694 1622 4753 mendacibus
1634 4696 1730 4755 tuisse
1738 4694 1816 4753 confi·

113 4785 179 4827 rum
192 4768 263 4825 179⁰
272 4770 302 4827 in
313 4772 342 4825 ιθ
352 4771 495 4827 ediditvir
506 4771 689 4828 clarissimus
702 4772 733 4828 ι’.
753 4771 941 4829 Marcellinus
996 4775 1087 4827 ctum.
1103 4790 1118 4818 u

113 4838 308 4899 lllollieabahr
322 4842 433 4898 ordinis
447 4844 474 4898 S.
504 4844 649 4900 l'renciaci
670 4842 825 4899 strictioris
841 4844 940 4899 obser·
1031 4841 1142 4911 Scopas
1157 4837 1313 4895 clarissimi
1327 4836 1457 4893 auctoris
1468 4840 1514 4893 est
1528 4837 1558 4893 in
1573 4839 1674 4912 prima
1688 4839 1814 4897 disserta·

113 4912 284 4969 vantiaeES.
313 4913 475 4985 Theologiea
500 4913 589 4971 lector
608 4914 764 4985 jubilatus,
787 4916 940 4987 provincia
995 4914 1167 4994 tiona,post
1190 4911 1292 4967 inanes
1319 4908 1574 4991 Christiani-Lippi
1605 4916 1634 4967 et
1660 4908 1814 4985 liapmundi

112 4984 281 5041 SaxoniaeS.
293 4984 940 5058 Crucisministersctiialisquaruinsequena
995 4984 1118 5039 llisaorii
1135 4986 1269 5047 conatus,
1288 4982 1385 5037 denuo
1398 4979 1565 5037 verosimile
1577 4982 1746 5040 redderes.
1763 4982 1814 5037 ιιι·

112 5056 240 5112 titulus:
269 5058 348 5115 ilina
372 5058 597 5119 dissertationes:
621 5062 644 5124 ι,
668 5058 706 5113 lle
729 5057 757 5111 S.
779 5060 941 5115 Firniitinnl
996 5055 1107 5111 miliani
1132 5055 1282 5125 Epistolani
1305 5052 1339 5109 ad
1367 5052 1536 5123 cuprionem
1559 5054 1756 5124 (probabilius
1777 5055 1814 5107 eet

114 5130 295 5185 cesariensis
322 5132 350 5183 in
376 5129 546 5201 Cappadocia
567 5130 686 5201 episcopi
706 5130 827 5200 Epistola
847 5132 884 5185 ad
909 5128 938 5187 S.
994 5144 1074 5184 error
1102 5126 1274 5198 typographi
1303 5125 1455 5195 Epieiotom
1478 5124 1515 5178 ad
1537 5122 1723 5197 Stephanum,
1750 5126 1811 5181 bane

112 5198 294 5273 Stephanum,
310 5202 427 5271 aliisque
447 5204 506 5271 ejas
529 5202 676 5273 operiam
690 5200 725 5265 ll,
750 5202 788 5256 lle
801 5218 873 5257 ovino
887 5216 939 5273 qao
994 5199 1072 5255 anim
1088 5202 1151 5253 tots
1165 5197 1324 5267 antiquitas
1340 5194 1465 5278 ignorat)
1482 5193 1562 5277 haud
1573 5198 1736 5269 genuinam
1748 5210 1811 5261 ease,

112 5278 240 5327 iiiortnaa
251 5272 337 5343 suerit
352 5274 544 5341 Fir-initiamus,
559 5290 606 5328 ιιι
627 5273 736 5328 Paulae
750 5274 940 5329 Sonicautcnue
994 5271 1044 5326 sed
1061 5287 1078 5325 a
1094 5269 1245 5324 Donatista
1253 5268 1431 5349 Atreuepdem
1440 5274 1629 5338 suppositam
1641 5268 1810 5333 aaecutonel

112 5343 144 5397 in
157 5343 259 5411 anaiade
274 5344 443 5401 Aiitiocneno
456 5347 543 5415 suerat
554 5346 762 5401 contemnatis.
994 5342 1113 5414 quidem
1129 5344 1194 5413 post
1207 5342 1364 5412 Augustini
1380 5343 1524 5409 tempora.
1540 5338 1683 5399 Larissa.

149 5414 245 5471 Titulo
261 5416 414 5487 subJuniiit
427 5418 457 5471 in
473 5418 579 5489 pagina
593 5416 694 5482 altera,
723 5432 757 5471 eii
771 5414 894 5488 epistola
905 5416 940 5471 92
1029 5414 1067 5485 (2)
1083 5410 1209 5468 Omnino
1233 5427 1322 5483 peaes
1336 5408 1417 5466 hunc
1443 5416 1596 5467 auctorem
1624 5412 1666 5468 sit
1689 5428 1724 5469 ca
1735 5422 1805 5487 quain

992 5483 1233 5557 prolileturdeS.
1245 5480 1740 5557 Petrianthiochenoepiacopatuo
1760 5481 1804 5535 icio

113 5486 152 5539 ait
170 5486 288 5541 Vincunt.
305 5490 419 5557 Rapui..
434 5490 494 5544 boe
509 5490 541 5544 S.
561 5487 716 5615 Auffiumni
733 5488 831 5544 verbe.

150 5576 165 5605 ι
177 5557 360 5627 Quamquam
372 5576 429 5615 non
440 5560 598 5631 desintqui
632 5576 665 5616 oc
675 5560 851 5632 cyprianum
859 5574 940 5632 pior-
993 5556 1040 5612 cui
1054 5556 1221 5611 adhaerendi
1236 5570 1289 5610 neo
1311 5552 1425 5610 ceteris
1447 5552 1646 5627 scriptoribus
1660 5555 1744 5613 calbo
1754 5552 1802 5617 ieie,

113 5642 166 5688 sua
181 5643 239 5683 non
254 5631 382 5687 sensisse
396 5632 584 5707 conmudaut,
600 5632 652 5695 aed
671 5632 727 5691 sub
741 5631 806 5707 ejus
820 5629 939 5692 nomine
992 5644 1046 5685 nec
1060 5626 1156 5697 nobis,
1170 5626 1289 5685 enimus
1303 5630 1361 5686 est.
1380 5624 1451 5683 Euo.
