3892 6104
154 302 236 367 {52³
916 296 1116 361 Mortem
1788 304 1868 369 itm

153 440 250 493 trsma
257 432 347 493 etiam
354 434 486 509 epistole
495 435 584 493 verba
594 438 765 495 consuetam
774 434 855 491 illam
861 430 977 507 cypria·
992 431 1021 501 A
1035 434 1080 489 est
1093 434 1240 493 matorum
1254 438 1399 509 omnium,
1424 436 1489 497 iens
1513 436 1656 507 cladium,
1670 436 1866 499 semiunciam

154 522 186 583 ni
199 522 376 582 modestiam
390 527 420 581 et
433 524 581 598 singulare
601 525 762 583 concordias
775 522 907 581 studium
935 537 980 579 re·
1035 521 1222 595 delictorum,
1238 528 1360 585 materie
1374 527 1539 602 culparum.
1554 528 1627 587 lude
1640 527 1745 585 odium
1761 531 1866 603 surgit,

155 616 351 689 praesentant:
362 636 376 665 a
392 614 547 687 Rescripsi,
561 614 667 689 inquit,
684 614 726 671 fili
746 613 929 684 obesissime,
945 611 980 669 ed
1035 612 1428 689 animositasindeproccdit.
1435 617 1596 675 Avaritiam
1604 616 1867 677 selusinflammeb

56 762 62 771 ,
156 700 269 761 littores
283 706 350 759 tuus
364 707 507 776 quantum
519 720 609 777 parva
618 708 719 761 nostra
734 702 919 761 mediocritas
933 717 982 758 vo·
1038 699 1108 758 dum
1120 702 1187 775 quis
1202 720 1256 759 suo
1272 721 1329 761 non
1345 711 1516 779 potestesse
1527 711 1697 777 contentus,
1711 705 1870 765 videusal-

156 790 223 860 luit,
239 796 269 849 et
290 792 416 861 ostendi,
442 792 513 865 quid
540 810 594 849 nos
609 796 753 865 quantum
769 794 798 848 iu
814 792 899 848 nobis
926 794 983 861 est,
1037 792 1132 847 terum
1149 791 1293 849 ditiorem.
1323 794 1523 851 Ambitionem
1546 794 1626 851 selus
1649 796 1772 861 excitat,
1796 798 1867 853 dum

158 881 451 949 sentiamus,nemini
464 882 696 953 proscribentee,
707 880 985 955 quominusststuet
1037 880 1131 937 cernit
1145 880 1211 953 quis
1224 880 1314 939 elium
1329 884 1359 939 in
1370 882 1533 941 honoribus
1548 884 1693 941 altiorem.
1705 884 1869 941 Zeloexra·

158 970 237 1043 quod
252 974 337 1043 putat
350 970 554 1044 unusquisque
568 971 753 1045 propositus,
768 974 852 1029 ectus
871 969 918 1027 sui
937 986 983 1025 ra·
1037 974 1123 1025 cento
1137 986 1243 1027 sensus
1258 976 1386 1043 nostros,
1402 976 1491 1045 atque
1504 972 1534 1029 in
1550 972 1681 1030 ditionen
1694 990 1781 1030 suam
1790 991 1869 1031 men·

158 1058 269 1117 tionem
283 1050 407 1118 Domino
422 1060 632 1118 redditurus.»
1038 1056 1077 1113 tis
1092 1074 1200 1115 arcena
1213 1061 1362 1133 redigente
1379 1061 1428 1117 Dei
1443 1062 1532 1119 timor
1550 1062 1716 1135 spernitur,
1732 1063 1867 1136 magiste-

1039 1146 1115 1203 rium
1129 1146 1235 1205 christi
1252 1149 1421 1224 negligitur.
1430 1150 1536 1223 judicii
1548 1150 1612 1208 dies
1622 1167 1682 1207 non
1694 1152 1870 1226 providetur.

268 1300 277 1317 ⁷
367 1210 466 1251 ΑΜΒ
483 1210 671 1251 mmmm
689 1210 779 1250 ‘W'
1039 1234 1125 1291 lnllat
1139 1237 1287 1309 superbia,
1303 1239 1456 1295 exacerbet
1477 1238 1596 1296 sevitia.
1612 1238 1740 1313 pertidia
1763 1257 1871 1313 preva-

232 1298 409 1357 OEPRIANO
428 1300 594 1357 EPISCOPO
613 1300 912 1357 GARTHAGINENSI·
1039 1324 1346 1398 ricatur,imputientia
1358 1328 1497 1401 concutit,
1505 1328 1798 1398 iuritdiscordia,ira
1813 1330 1871 1387 ier·

199 1418 219 1471 l.
231 1414 356 1489 Signant
368 1414 448 1473 bunc
461 1434 573 1473 annum
588 1417 725 1475 consules
735 1416 774 1473 M.
783 1415 985 1473 Valeriuslla-
1039 1414 1140 1483 vescit,
1157 1430 1209 1470 nec
1223 1431 1255 1472 se
1274 1416 1337 1487 jum
1354 1423 1449 1490 potest
1472 1417 1608 1475 cohibere
1621 1418 1667 1475 vel
1694 1434 1808 1492 regere,
1823 1423 1874 1493 qui

160 1504 270 1575 ximus,
284 1508 361 1573 Man,
375 1504 486 1562 Acilius
504 1505 641 1563 Glabrio:
666 1522 724 1580 quo
749 1522 826 1563 anno
844 1504 986 1576 Aspasius
1041 1502 1135 1559 iectus
1150 1508 1195 1560 est
1213 1504 1367 1578 potestatis
1388 1504 1500 1563 aliene.
1524 1506 1596 1563 Hinc
1612 1506 1776 1564 Dominicss
1796 1508 1875 1582 pecie

162 1594 305 1652 Paternus
319 1595 476 1668 proconsul
488 1596 591 1653 Africus
604 1595 777 1669 designatus
798 1599 852 1652 est.
878 1594 986 1652 Eodem
1039 1591 1190 1650 vinculum
1205 1594 1363 1667 rumpitur,
1374 1593 1443 1652 binc
1458 1595 1585 1652 charitas
1596 1595 1875 1667 iraternsviolstur,

163 1684 419 1757 annoltistus,qui
433 1684 870 1758 instepbanilocumsullectus
883 1683 986 1751 iuerat,
1041 1678 1110 1739 binc
1129 1682 1312 1739 adulteratur
1334 1684 1452 1755 veritas,
1468 1685 1568 1741 unitas
1594 1684 1756 1757 scinditur,
1772 1685 1875 1743 adhe·

164 1788 233 1832 oum
247 1773 410 1848 ipseetiam
424 1772 538 1831 litteras
555 1776 591 1831 de
604 1774 742 1850 baptismi
766 1773 989 1831 controversias
1005 1803 1029 1870 B
1043 1786 1123 1828 reses
1138 1776 1227 1845 etque
1242 1774 1278 1829 ad
1293 1772 1454 1831 schismata
1468 1774 1629 1847 prosilitur,
1646 1774 1721 1830 dum
1735 1776 1877 1831 obtrecta-

166 1862 303 1937 Dionyaio
318 1862 454 1937 episcopo
469 1864 666 1922 Alexandrino
684 1862 845 1937 accepisset
860 1862 990 1937 (Euseb,
1044 1861 1546 1937 tursucerdotibus,dumepiscopis
1556 1862 1802 1935 invidetur,dum
1813 1864 1876 1937 quis

166 1952 248 2021 lus.
262 1951 314 2009 lib.
344 1968 395 2022 ιιι,
410 1967 473 2026 cap.
496 1954 536 2027 5),
561 1951 684 2011 dissidio
710 1953 837 2025 denique
864 1952 990 2020 sublato,
1045 1954 1097 2007 aut
1108 1950 1306 2023 requiturnon
1322 1967 1353 2007 se
1367 1952 1465 2024 potius
1474 1952 1656 2023 ordinatum,
1670 1956 1723 2008 aut
1736 1951 1875 2027 dedigna-

165 2040 296 2099 ericam
311 2040 496 2100 etOrieutem
505 2059 627 2115 pecasse
639 2042 993 2116 videturdictuspropter·
1045 2045 1095 2097 tur
1121 2038 1246 2095 alterum
1263 2039 1337 2096 ferre
1364 2040 1563 2114 prepositum.
1582 2064 1596 2092 a
1620 2041 1691 2097 llaec
1705 2042 1877 2114 Cyprianus,

166 2146 203 2189 en
221 2147 239 2188 a
257 2130 362 2187 Pontio
390 2132 512 2188 diacono
540 2132 582 2203 (in
614 2134 675 2188 Vile
694 2131 789 2203 cypr„
815 2148 844 2187 n.
866 2132 910 2202 tl)
938 2130 993 2185 lto·
1047 2134 1188 2199 recentes,
1204 2128 1316 2201 opinor,
1331 2129 1497 2186 animorum
1512 2130 1692 2187 acerbitates
1707 2130 1874 2203 designans,

165 2236 220 2277 uus
232 2224 260 2277 et
274 2220 404 2291 pociacus
416 2220 552 2288 securior,
570 2221 621 2293 qui
644 2224 743 2277 temen
757 2218 898 2292 Stephani
926 2234 993 2274 sen·
1047 2234 1120 2290 quas
1134 2221 1164 2274 et
1178 2218 1287 2276 invitus
1301 2224 1462 2291 aspexerat,
1473 2221 1503 2276 et
1516 2218 1651 2277 sublatas
1675 2220 1808 2277 maxime
1833 2220 1876 2277 le·

166 2308 289 2365 tentiam
304 2309 552 2377 saccudeiendit,
565 2306 832 2379 eamqueEcclesiue
842 2308 993 2375 universas,
1048 2308 1176 2365 tabatur.

167 2402 201 2455 ut
215 2414 269 2471 par
282 2402 354 2468 erat,
371 2413 558 2455 communem
588 2397 665 2454 lecit.
682 2397 820 2453 llamdem
844 2396 875 2453 in
899 2396 996 2453 Airice
1085 2395 1131 2453 lll.
1150 2396 1308 2463 luterhaec,
1320 2396 1618 2470 ceciliusepiscopus
1630 2396 1876 2471 Bittensium,qui

167 2486 257 2545 etiam
273 2502 346 2543 novo
361 2488 478 2543 decreto
493 2489 639 2558 receptum
655 2491 683 2543 et
698 2486 901 2543 contlrmatem
917 2485 994 2542 indi·
1049 2501 1126 2542 anno
1155 2485 1304 2557 superiore
1323 2485 1446 2543 concilio
1472 2486 1660 2555 interfuerat,
1676 2488 1712 2542 ad
1729 2487 1874 2543 ecclesium

167 2591 234 2634 cere
248 2574 442 2650 Hieronymus
457 2575 573 2632 videtur
587 2592 655 2632 cum
671 2575 712 2631 sit
725 2576 811 2648 (neat.
826 2574 888 2631 ndu
915 2576 994 2631 Luct-
1049 2590 1133 2630 suam
1149 2590 1293 2646 reversus,
1309 2575 1476 2648 opinionem
1494 2576 1671 2647 quemdam,
1687 2593 1754 2649 quae
1776 2576 1812 2631 ub
1829 2580 1874 2633 Ea·

166 2664 235 2741 ser„
249 2682 279 2721 n.
294 2666 361 2739 uu:
377 2668 534 2721 «conatus
549 2668 594 2721 est
613 2665 715 2722 beatus
737 2664 899 2738 cyprianus
927 2680 996 2721 con·
1049 2662 1161 2720 cretitis
1175 2668 1239 2720 orta
1252 2662 1342 2719 videri
1355 2664 1450 2737 possit
1472 2663 1533 2720 vini
1549 2663 1719 2729 abstemiis,
1740 2662 1873 2738 paulatim

167 2754 253 2811 tritos
267 2754 349 2811 lacus
365 2754 474 2828 lugere,
496 2770 547 2810 nec
561 2752 659 2810 bibere
684 2754 719 2809 de
738 2768 814 2824 aqua
835 2752 946 2822 eliene;
967 2756 996 2808 ot
1050 2752 1556 2825 disseminatuminvenerat,aquam
1565 2768 1673 2828 nempe
1683 2753 1713 2810 in
1722 2753 1875 2821 Sacrificio,

168 2843 277 2901 idcirco
288 2842 488 2901 hereticorum
501 2842 649 2915 baptisma
659 2841 817 2914 reprobans
829 2841 995 2914 adStephe·
1050 2860 1108 2900 non
1122 2842 1224 2898 vinum
1244 2841 1340 2897 ollerri
1355 2858 1388 2899 ac
1403 2842 1565 2899 consecrari
1594 2848 1744 2915 oportere.
1760 2844 1874 2899 Tantum

168 2950 238 2991 num
253 2936 325 2989 tuno
339 2933 476 2990 Romans
492 2932 573 2989 urbis
588 2930 758 3003 episcopum
774 2947 863 3003 super
889 2930 944 2988 hac
965 2946 996 2985 re
1049 2931 1099 2989 ille
1114 2930 1270 2987 novitatem
1287 2935 1448 3000 aversatus,
1458 2946 1525 2987 cum
1534 2930 1637 2987 tollere
1653 2930 1779 2989 omnino
1790 2932 1875 3004 vellet,

167 3022 337 3080 Africanam
352 3023 497 3094 synodum
513 3020 631 3078 direxit:
648 3021 699 3077 scd
715 3024 839 3077 conatus
860 3021 925 3093 ejus
936 3021 995 3076 lru·
1050 3019 1164 3077 ielicius
1178 3035 1240 3075 rem
1257 3036 1460 3076 successuram
1475 3022 1520 3077 est
1533 3020 1710 3087 arbritatus,
1729 3022 1756 3077 si
1771 3020 1878 3094 Cypria·

169 3116 231 3169 stra
245 3110 316 3167 ruit:
328 3110 455 3182 denique
468 3109 510 3165 illi
526 3110 583 3183 ipsi
597 3108 737 3182 episcopi,
753 3109 804 3181 qui
817 3109 997 3182 rebaptizen-
1012 3156 1034 3225 c
1051 3126 1123 3165 num
1145 3108 1354 3180 consuluisset,
1383 3108 1651 3180 auctoritatemque
1676 3110 1744 3180 ejus
1759 3110 1876 3184 interpo-

169 3200 223 3257 dce
237 3198 387 3257 hereticos
403 3215 469 3255 oum
482 3216 516 3255 eo
531 3198 749 3269 statuerant,ad
765 3198 917 3270 antiquam
928 3216 997 3254 con·
1052 3214 1121 3254 nere
1137 3201 1244 3271 posset.
1261 3198 1361 3269 ltaque
1376 3196 1520 3253 accuratis
1532 3196 1568 3252 ad
1584 3214 1654 3253 eum
1664 3197 1774 3255 litteris
1784 3200 1877 3256 detoto

170 3288 355 3347 suetudinem
384 3287 506 3345 revoluti
522 3304 630 3345 novum
658 3287 781 3343 emisere
806 3288 967 3343 decretum.
984 3309 999 3337 a
1052 3286 1169 3360 negotio
1184 3287 1296 3354 missis,
1312 3286 1429 3359 longum
1441 3302 1458 3341 a
1471 3285 1616 3359 Cyprieno
1631 3287 1791 3359 epistolam
1806 3304 1877 3345 eece·

170 3378 279 3435 llodem
302 3382 438 3454 spectent
459 3377 604 3435 vincentii
637 3376 796 3433 Lirinensis
823 3375 911 3433 verbe
934 3378 973 3451 (2)
990 3392 997 3433 :
1053 3376 1105 3450 pit,
1122 3392 1186 3449 que
1201 3374 1332 3448 opinioni
1346 3372 1387 3430 illi
1404 3373 1491 3431 linem
1506 3374 1667 3434 allerretet
1681 3392 1787 3435 omncs
1801 3376 1879 3451 plens

171 3468 274 3534 «Quid
290 3472 439 3542 postremo
453 3466 547 3540 ipsius
568 3464 697 3523 Africani
727 3464 843 3522 concilii
859 3466 919 3523 sive
947 3467 1000 3522 de·
1053 3464 1089 3521 ed
1114 3470 1239 3521 veterem
1262 3464 1506 3521 consuetudinem
1521 3470 1684 3521 revocaret.
1716 3466 1881 3523 inscribitur

172 3556 244 3615 oreti
258 3572 323 3629 quas
337 3555 439 3611 vires?
456 3556 584 3611 donante
598 3558 656 3610 Deo
670 3552 775 3610 nulls:
792 3555 843 3611 sed
864 3555 1001 3611 universe
1052 3570 1087 3610 eu
1101 3551 1225 3625 epistole
1239 3552 1336 3625 (epist.
1351 3552 1397 3625 63)
1422 3574 1437 3603 a
1453 3553 1489 3611 de
1518 3553 1716 3611 Secramento
1747 3554 1879 3613 Dominici

172 3648 314 3718 tunquam
326 3644 451 3714 somnia,
465 3647 607 3716 tanquam
618 3641 734 3715 fabula,
744 3646 885 3716 tanquam
901 3660 1001 3717 supcr-
1053 3642 1168 3710 Culicis,
1186 3664 1201 3693 a
1217 3642 1247 3698 in
1263 3658 1322 3715 qua
1335 3642 1497 3715 typrienus
1512 3640 1586 3698 illud
1602 3642 1738 3701 maxime
1749 3644 1879 3713 ostendit,

175 3734 245 3805 ilua,
272 3732 392 3804 ebolita,
418 3732 578 3806 antiquata,
601 3731 713 3789 oelcata
734 3736 815 3789 sunt.
835 3732 897 3789 Nisi
922 3733 998 3805 quod
1055 3732 1090 3789 ab
1108 3730 1172 3805 ipso
1188 3730 1311 3788 Domino
1330 3734 1429 3788 nostro
1444 3730 1614 3787 institutum
1640 3736 1732 3804 alque
1757 3730 1880 3807 prascri-

174 3826 259 3881 tanta
280 3838 328 3879 res
341 3822 507 3895 Augustino
533 3822 632 3895 ignota
648 3820 713 3891 luit,
730 3820 780 3893 qui
795 3822 831 3878 de
858 3822 1000 3895 cypriano
1054 3826 1117 3879 tum
1133 3836 1208 3893 esse,
1237 3826 1270 3877 ut
1283 3821 1368 3895 panis
1383 3826 1412 3877 et
1425 3820 1527 3877 vinum
1550 3818 1581 3877 in
1596 3820 1750 3879 sacrificio
1774 3822 1878 3880 odorre-

176 3912 277 3972 mlt
302 3911 345 3970 sio
371 3912 491 3984 scripsit
516 3911 575 3983 (3)ss
608 3910 762 3967 ‹Proteos›
781 3910 876 3967 etuni
899 3926 1001 3968 verum
1055 3916 1117 3967 tur:
1143 3911 1393 3984 quemadmodum
1422 3911 1525 3967 1466
1551 3909 1656 3967 multis
1679 3928 1798 3985 quoque
1816 3909 1880 3967 divi·

173 4000 281 4059 dicenti
295 4004 325 4058 et
338 3998 552 4058 demonstreutl
568 4006 667 4073 posset
681 3998 818 4056 facillime
837 4000 1001 4057 consentire
1055 4016 1160 4056 narum
1176 3998 1349 4055 Litterarum
1364 3999 1510 4055 vaticiniis
1534 3999 1632 4055 lucrat
1647 3999 1878 4071 praenuntiatum.

172 4094 234 4150 tam
248 4094 350 4149 sancte
364 4090 472 4159 anima,
489 4094 551 4147 tem
566 4094 684 4161 pecata:
701 4094 730 4144 et
745 4089 866 4145 iortessc
891 4090 1000 4146 luctum
1055 4090 1090 4146 nt
1106 4088 1285 4145 miscendam
1297 4094 1395 4145 tamen
1408 4105 1515 4161 aquam
1528 4088 1625 4153 docet,
1638 4088 1669 4143 in
1680 4088 1877 4163 quapopulum

172 4186 232 4241 ast:
244 4182 294 4238 sod
310 4180 470 4247 nescimus,
486 4200 500 4231 s
517 4179 564 4236 cui
586 4182 683 4235 tamen
698 4178 796 4251 ipsum
813 4178 947 4252 cypriani
959 4179 1001 4235 si·
1056 4178 1214 4249 significari
1231 4180 1348 4235 conset:
1366 4200 1381 4229 a
1396 4177 1480 4246 Nom,
1492 4175 1571 4249 quia,
1583 4176 1698 4250 iuquit,
1716 4194 1772 4235 nos
1790 4192 1878 4236 omnes

173 4270 297 4329 lentium
312 4286 459 4344 opponere
474 4268 552 4340 licet,
570 4267 643 4323 nihil
657 4271 759 4340 postea
781 4268 817 4324 de
841 4268 1002 4341 questione
1055 4266 1188 4339 portabat
1215 4267 1359 4333 Christus,
1375 4266 1425 4338 qui
1445 4270 1475 4323 et
1488 4268 1608 4339 peccate
1622 4270 1732 4324 nostre
1748 4266 1878 4342 portabat,

173 4359 225 4416 ills
237 4358 473 4434 interloquentis,
492 4362 543 4414 aut
571 4355 710 4429 epistolas
730 4358 1001 4427 commemorantia,
1054 4357 1188 4413 videmus
1200 4355 1230 4412 in
1245 4372 1322 4429 aqua
1332 4354 1473 4429 populum
1484 4353 1621 4427 intelligi,
1637 4355 1668 4411 in
1683 4355 1877 4413 vinoveroos

174 4465 248 4523 quas
263 4466 381 4507 summo
396 4448 494 4505 studio
510 4446 687 4522 perscriptus
706 4450 773 4503 ante
788 4446 964 4519 vulgaverat.
1054 4445 1135 4503 teudi
1150 4446 1323 4519 sanguinem
1348 4444 1465 4501 Christi.
1489 4444 1612 4509 Quando
1638 4448 1744 4501 nutem
1760 4445 1789 4502 in
1803 4443 1880 4502 calice

212 4544 247 4595 ll.
263 4539 299 4595 et
313 4539 369 4596 alio
385 4556 456 4595 sene
471 4536 652 4609 diligentiam
668 4552 753 4593 suam
768 4536 929 4609 Cyprianus
949 4552 1001 4593 cu·
1017 4530 1040 4597 D
1055 4535 1121 4592 vino
1134 4552 1210 4608 aqua
1223 4533 1373 4606 misectur,
1392 4533 1507 4590 Christo
1529 4530 1660 4606 populus
1686 4534 1846 4603 adunetur,
1858 4536 1881 4587 et

175 4644 297 4700 remque
306 4633 495 4696 converterat,
512 4630 545 4683 ut
559 4641 665 4697 nempe
679 4624 747 4682 cleri
762 4624 922 4698 populique
951 4625 998 4681 sui
1053 4624 1234 4683 credentium
1248 4624 1330 4696 plebs
1344 4622 1381 4692 el,
1396 4623 1427 4678 in
1437 4637 1523 4695 quem
1536 4621 1675 4689 credidit,
1692 4622 1881 4697 copulaturet

174 4716 301 4789 animos,
316 4717 341 4773 si
356 4717 424 4791 quis
438 4717 511 4773 sorte
525 4716 555 4772 iu
569 4713 619 4770 ille
629 4713 813 4771 dissensione
829 4712 910 4771 labes
924 4713 997 4769 invi·
1052 4713 1251 4785 conjungitur.
1269 4734 1284 4763 a
1301 4710 1405 4783 liejicit
1417 4708 1624 4768 dilllcultatem
1642 4726 1763 4779 corum,
1778 4710 1827 4784 qui
1839 4725 1879 4766 vs·

173 4808 228 4865 dle
238 4804 503 4880 sliquainieoieset,
514 4803 550 4861 ad
560 4808 684 4859 veterem
694 4802 940 4875 conjunctionem,
954 4820 999 4859 rc·
1053 4804 1201 4873 rebantur,
1217 4822 1228 4851 ι
1244 4816 1280 4858 ne
1290 4817 1342 4873 per
1358 4814 1491 4873 saporem
1503 4798 1565 4854 vini
1588 4799 1767 4858 redolerent
1777 4798 1882 4875 sangui-

172 4900 292 4953 voontos
311 4893 452 4953 excoleret
470 4909 504 4951 ac
518 4892 714 4949 confirmaret.
737 4893 932 4958 Quamobrem
961 4891 998 4947 li·
1054 4908 1120 4949 nem
1132 4890 1250 4949 Christi.
1267 4912 1281 4941 a
1298 4889 1423 4947 Litteras
1437 4888 1473 4945 ad
1483 4886 1611 4960 collegas
1622 4888 1718 4945 scribi
1732 4888 1880 4947 vulttvlil

173 4982 284 5041 bellum
299 4983 383 5041 illum
400 4981 630 5057 pulcherrimum
646 4979 838 5050 elucubravit,
855 4997 942 5052 quem
966 4981 999 5037 de
1051 4982 1161 5054 ubique
1177 4981 1222 5037 lex
1235 4977 1409 5054 Evangelica
1422 4980 1452 5034 et
1465 4974 1586 5034 traditio
1605 4976 1767 5037 Dominica
1794 4990 1881 5037 sems-

171 5073 236 5131 zeto
249 5078 276 5129 et
295 5074 391 5130 liuore
401 5068 687 5143 inscripsit,maloin
703 5066 806 5139 primis
818 5068 997 5139 complexus,
1051 5074 1109 5139 tur,
1126 5071 1155 5125 ct
1170 5067 1206 5123 ub
1220 5083 1265 5138 eo,
1280 5066 1355 5139 quod
1372 5064 1505 5120 Christus
1521 5066 1550 5119 et
1564 5062 1669 5120 docuit
1683 5072 1714 5121 et
1735 5064 1813 5135 iecit,
1830 5079 1878 5120 non

175 5179 240 5234 que
255 5178 290 5220 ex
304 5160 415 5218 invidia
430 5162 460 5216 in
476 5157 727 5215 homiuumvitam
743 5161 862 5226 temque
877 5158 997 5214 cxicnte
1051 5156 1214 5215 recedatur.
1225 5178 1239 5207 a
1252 5154 1412 5228 llpistolam
1422 5152 1548 5224 denique
1558 5152 1877 5213 concluditbisverbis:

172 5255 337 5309 manarent.
370 5250 470 5306 «Lete
494 5250 614 5322 petet»
640 5245 736 5303 aiebat
755 5245 798 5315 (ele
819 5244 876 5301 Zel.
901 5253 926 5301 rt
946 5246 995 5303 tiu.
1053 5246 1226 5319 «Religioni
1242 5244 1332 5317 igitur
1346 5246 1451 5301 nostre
1467 5240 1645 5315 congruitet
1659 5242 1764 5301 timori
1778 5248 1805 5301 et
1827 5228 1878 5313 ipsi

171 5356 201 5413 p.
215 5340 290 5413 597),
304 5359 316 5388 ι
331 5338 384 5395 zeli
398 5337 551 5411 multiplex
564 5340 593 5393 et
603 5334 727 5391 lecunda
738 5333 892 5408 pernicies.
906 5333 998 5393 lledix
1051 5337 1123 5405 loco,
1141 5340 1228 5407 atquo
1243 5334 1339 5391 olllcio
1355 5330 1511 5411 sacerdotii
1526 5332 1634 5402 nostri,
1657 5330 1755 5391 freter
1777 5332 1878 5391 cheris-

208 5498 291 5569 (s)1n
320 5499 529 5555 Commonitn.
555 5500 598 5554 10.
623 5497 695 5570 Voy.
725 5496 832 5552 Beden.
862 5494 914 5551 lib.
933 5498 994 5553 l'ur.
1086 5494 1125 5563 (3)
1152 5500 1190 5549 lle
1214 5494 1357 5564 baptismo,
1381 5496 1481 5548 corrtro
1509 5492 1606 5547 boant.
1636 5490 1692 5547 lib.
1724 5510 1756 5561 ιι,
1782 5488 1876 5548 e.l.l'

171 5572 455 5699 33318.)ιὲυαῖἰῆΞέ
471 5570 500 5625 in
516 5568 600 5626 illud.
623 5572 723 5641 Apost.
755 5568 944 5640 Unusquisque
965 5570 996 5623 tu
1050 5566 1191 5639 epistilia,
1203 5560 1605 5635 numerumnunerum
1616 5563 1709 5639 lAuq.
1720 5580 1749 5639 p.
1767 5560 1875 5635 1188)).
