3900 6112
87 39 466 113 efficiamur-mn·-
503 48 511 73 ·.
589 39 606 49 ··
631 86 635 93 1

87 105 142 159 ...μ’
155 100 219 159 .--:-'''
240 98 302 145 ..m
321 100 349 145 Γ.
387 98 427 127 ¹¹·

109 158 119 183 -“
150 168 161 183 ο
177 156 193 163 ““
246 155 279 177 0⁴
314 182 324 195 Ι

728 308 734 315 .
778 204 782 211 ’
855 240 1117 311 stssanmrtu

1778 250 1841 317 uto

129 372 243 449 inquit,
262 378 456 449 posteaquam
480 386 568 433 mane
595 392 611 433 e
638 381 731 435 strato
758 382 959 449 surrexerunt,
974 378 1246 449 AetSaltnasium,
1260 378 1442 453 disceptatio.
1467 378 1549 439 Prior
1571 382 1719 440 enimvero
1741 386 1842 441 censet

129 462 228 521 ulem
240 470 428 533 nascentur,
444 461 498 540 οὐχ
524 460 616 540 dloutp
635 464 719 538 ἠμῖς
741 465 792 535 τὴν
821 470 904 541 χεῖρα
917 464 963 521 κύ·

130 570 240 621 σαντες,
271 550 413 629 ἡγούμεθα
440 549 536 623 lucullei
564 554 646 627 ἡμῶν
675 552 743 608 altat
777 554 828 623 τὴν
864 553 961 630 adyti.

133 662 148 693 s
165 642 231 701 Neu
244 643 496 717 quemadmodum
512 659 566 699 nos
589 643 758 701 deosculata
785 660 875 701 mena
900 661 963 717 per·

131 732 242 791 tectam
257 732 454 805 precationem
468 748 534 789 esse
547 731 761 790 arbitremum
778 732 911 805 (Lucian.
930 732 964 789 de

132 819 520 893 Sucriftc.‚pag.1863idem
531 820 681 893 deSoltot.,
706 837 773 894 pag.
790 822 868 891 505.)
885 821 961 886 Quo-

132 910 215 968 circa
228 908 388 984 Apulecius
402 909 557 967 AEmilieno
573 909 646 967 illud
665 909 735 967 vitio
750 909 847 981 vertit,
863 911 960 983 quod:

134 1020 150 1049 u
165 997 198 1057 Si
217 999 321 1057 sunum
340 998 459 1073 aliquod
486 1004 648 1073 pretereat,
676 999 758 1057 aclas
780 999 869 1057 habet
892 1000 961 1056 ado·

131 1088 219 1146 randi
235 1088 330 1161 gretie
344 1105 465 1146 manum
479 1087 570 1146 labris
584 1089 773 1146 admovere.»
799 1087 961 1162 (Apuleius,

130 1178 247 1252 Apotop.
262 1196 283 1248 1,
300 1194 368 1253 pag,
382 1178 457 1247 ste.)

170 1268 233 1333 Ouo
248 1270 347 1321 autem
362 1266 449 1322 modo
478 1281 599 1321 manum
624 1264 668 1322 ori
692 1266 890 1334 admoverent,
913 1264 962 1322 ills

132 1353 205 1411 alibi
219 1355 262 1412 sic
277 1353 422 1427 explieat:
448 1376 462 1405 a
479 1353 564 1410 Multi
588 1351 695 1410 civium
720 1362 748 1410 et
771 1355 889 1411 advene
917 1370 962 1411 co·

132 1444 223 1517 piusi,
238 1458 314 1516 quos
336 1442 434 1499 eximii
450 1441 610 1515 spectaculi
626 1459 727 1499 rumor
739 1443 872 1500 studiosa
886 1442 962 1500 cele·

1017 466 1060 523 sio
1075 483 1137 524 esse
1152 466 1343 541 intelligenda
1363 470 1452 528 citata
1466 487 1484 528 a
1499 470 1585 528 nobie
1599 470 1680 529 illius
1694 470 1793 544 verba,
1807 478 1842 531 ut

1016 554 1148 612 (lucilius
1159 558 1545 631 manumversusSerepidis
1555 558 1747 617 simulacrum
1757 560 1840 634 priua

1016 644 1188 713 extenderit,
1203 661 1328 718 eumque
1341 646 1455 715 deindo,
1472 652 1612 721 unquam
1627 664 1663 705 ex
1689 648 1840 707 aimuleori

1017 734 1634 808 inntectuexpiatam,osculetusutcontra
1643 752 1710 795 vero
1725 736 1841 797 Selme-

1017 820 1080 878 sius
1109 823 1259 880 contendit
1285 821 1390 881 iisdem
1419 824 1539 881 Minucii
1561 825 1658 883 verbis
1680 824 1842 900 signitloati

1017 908 1164 967 (lucilium
1180 912 1254 968 081
1271 928 1325 985 pro
1339 910 1492 983 gentilium
1517 928 1599 971 more
1621 919 1708 972 antoe
1724 913 1842 973 oscula·

1016 1001 1081 1055 tum
1091 1014 1156 1055 csse
1165 1015 1286 1057 menum
1296 1017 1393 1074 suam,
1404 1018 1438 1059 ec
1448 1017 1513 1059 eam
1524 1008 1627 1076 postea
1635 1018 1738 1063 venua
1747 1004 1843 1065 simo·

1017 1086 1142 1154 lacrum,
1157 1090 1233 1161 quod
1250 1089 1399 1160 adorabat,
1424 1090 1596 1164 porrexisse.
1621 1091 1723 1150 Plures
1744 1098 1843 1151 auum

1016 1174 1047 1233 in
1068 1177 1158 1250 Lipsii
1177 1177 1322 1236 inclinent
1348 1181 1524 1238 sententiam
1553 1185 1582 1239 et
1607 1180 1842 1253 explicationem.

1016 1265 1090 1331 Quid
1107 1282 1184 1336 vero,
1200 1267 1225 1323 si
1240 1267 1355 1324 dicatur
1369 1268 1416 1324 bis
1438 1269 1557 1326 Minucii
1580 1270 1678 1327 verbis
1700 1270 1843 1329 declarati

1016 1352 1164 1410 caecilium
1179 1360 1209 1411 et
1223 1372 1343 1412 manum
1360 1358 1524 1415 admovisse
1538 1358 1579 1415 ori
1596 1374 1661 1430 suo,
1677 1363 1707 1416 et
1728 1358 1844 1433 Serapi·

1016 1442 1063 1499 dis
1092 1443 1251 1501 simulacro
1279 1446 1397 1502 dedisse
1420 1446 1579 1503 osculum?
1602 1447 1741 1505 Solebaut
1762 1446 1843 1506 enlm

132 1533 242 1589 britate
251 1532 456 1605 congregabat,
469 1532 624 1589 inaccessae
636 1531 827 1589 formositatis
837 1532 963 1589 admira·
1015 1532 1149 1604 gentiles,
1168 1533 1258 1589 utica
1275 1531 1363 1605 paulo
1385 1540 1471 1591 antea
1493 1534 1582 1592 citato
1607 1534 1745 1593 Cicerone
1766 1534 1843 1595 viot-

130 1621 214 1679 tione
224 1621 346 1694 stupidi,
360 1626 389 1677 et
403 1621 590 1677 admoventes
601 1620 701 1678 oribus
718 1620 781 1679 suis
800 1622 961 1691 dexteram,
1018 1634 1094 1687 mus,
1111 1620 1232 1677 deorum
1246 1638 1368 1677 suarum
1383 1622 1542 1680 simulacre
1556 1622 1693 1681 oseulari.
1704 1622 1843 1699 Expende

131 1710 370 1786 primoredigito
386 1710 560 1767 inereotum
589 1709 723 1782 pollicem
749 1710 905 1778 residente,
929 1713 963 1766 nt
1016 1712 1113 1764 tamen
1130 1708 1257 1783 singula,
1273 1717 1302 1766 et
1331 1710 1361 1766 ia
1390 1726 1466 1781 eam,
1496 1727 1586 1785 quam
1614 1712 1843 1787 probabiliorum

129 1800 235 1874 ipsum
251 1816 370 1873 prorsus
385 1800 471 1855 deam
484 1799 625 1855 Venerem
645 1798 790 1871 religiosis
815 1798 961 1855 adoratio·
976 1767 1175 1867 Bjudicabis,
1187 1798 1275 1854 abeas
1286 1799 1473 1869 sententiam,
1484 1816 1601 1874 pernes
1611 1798 1841 1875 semperlicebit.

131 1889 224 1947 nibus
233 1886 539 1960 venerarentur(ldem
550 1886 602 1943 lib.
615 1904 643 1943 ιι
653 1887 961 1960 lletomorptt.,p.ti‘l).u
1017 1884 1535 1959 Debooporrosimulacreadoraudi
1556 1906 1636 1947 more
1655 1890 1749 1947 multa
1764 1888 1843 1949 bris·

131 1978 249 2037 Plinius
267 1982 382 2034 autem:
405 2001 418 2026 α
435 1977 465 2033 Ιιι
496 1976 655 2043 adorando,
682 1977 732 2043 eit,
755 1977 902 2033 desieram
927 1978 962 2033 ed
1018 1975 1313 2048 eonius,adquemts
1328 1978 1532 2051 patius,quem
1545 1977 1628 2051 plura
1642 1978 1672 2035 ia
1687 1995 1748 2037 rem
1769 1976 1843 2035 satis

132 2067 271 2125 osculum
299 2067 463 2133 referimus,
487 2070 640 2137 totumque
663 2082 770 2138 corpus
793 2066 966 2140 circumagi·
1018 2064 1165 2136 cognitam
1184 2066 1368 2139 congerenda
1395 2081 1470 2133 esse,
1499 2066 1675 2124 mittendum
1703 2067 1844 2125 duximus

133 2173 216 2225 mua,
231 2156 309 2228 quod
325 2156 354 2211 in
370 2154 470 2211 luvam
486 2156 588 2211 iecisse
603 2153 701 2211 Gallie
721 2153 888 2227 religiosius
902 2171 964 2212 ere·
1018 2152 1158 2225 (brisson.
1175 2150 1226 2209 lib.
1240 2170 1257 2209 ιι
1271 2156 1360 2211 Form.
1377 2170 1443 2228 pag.
1460 2155 1513 2210 848
1527 2164 1553 2212 et
1567 2156 1664 2229 sequ).

132 2248 251 2303 duat.»
280 2244 376 2317 (Ptin,
408 2245 458 2301 lib.
487 2260 576 2299 xxvia
605 2244 703 2299 Notum
732 2244 815 2311 ilat,
848 2260 911 2316 cap.
936 2244 964 2310 2,
1055 2240 1178 2297 Demum
1208 2258 1260 2314 pra
1288 2246 1367 2299 certo
1394 2244 1515 2316 quidam
1542 2249 1657 2318 ponuat
1678 2247 1846 2303 notatuma

134 2352 205 2409 pag.
234 2336 311 2406 eet.)
344 2334 538 2405 Hieronymus
579 2333 668 2389 etiem
710 2332 739 2389 in
782 2334 844 2390 beo
885 2333 964 2391 Ossa
1019 2328 1149 2386 Minucio
1177 2330 1326 2404 Serapidis
1347 2330 1540 2388 simulacrum
1565 2332 1654 2390 tuisse
1676 2332 1843 2402 terminale,

134 2425 245 2481 rerba:
275 2445 291 2475 a
307 2421 459 2480 immolate
497 2422 630 2479 homines
666 2420 774 2479 vitulos
811 2422 964 2479 adorantes
1019 2418 1080 2475 sive
1094 2418 1728 2493 prodoa'l'erminopasitum.Nonneautem
1741 2436 1845 2480 eorum

134 2514 209 2587 (cap.
228 2529 293 2582 ant,
313 2514 353 2583 2),
368 2535 383 2562 n
396 2511 533 2583 scripsit:
552 2511 628 2567 «Pro
639 2527 672 2568 eo
683 2511 761 2584 quod
776 2512 862 2582 juxta
880 2512 964 2584 Sym·
1018 2507 1117 2580 opinio
1142 2506 1188 2564 his
1218 2508 1386 2565 confirmari
1424 2514 1521 2582 potest
1555 2509 1665 2568 Tibulli
1694 2511 1865 2583 versibust,

136 2603 275 2662 macbum
304 2606 334 2659 et
361 2600 591 2658 ‘theodotionem
631 2600 773 2657 vertimus
808 2600 965 2667 odorantes,
1064 2624 1132 2673 Nym
1146 2636 1269 2683 „nem
1283 2637 1331 2674 „u
1345 2624 1521 2688 ,yypffihabey
1534 2624 1698 2676 dammi„
1711 2626 1792 2693 ,m

137 2692 239 2767 tquila
266 2693 476 2763 interpretatus
501 2695 546 2746 est
581 2686 805 2764 καταφιλοῦντες,
843 2690 872 2746 id
909 2695 963 2759 est,
1143 2687 1284 2737 suavatas
1295 2688 1322 2737 in
1337 2687 1417 2737 trivio
1429 2687 1525 2738 florida
1537 2693 1610 2739 serta
1624 2688 1701 2753 lapis.

141 2780 351 2841 deosculantes.
368 2780 421 2846 Qui
434 2778 512 2835 enim
527 2778 661 2848 adorant,
678 2777 773 2834 solent
801 2778 963 2836 deosculari
1471 2750 1589 2812 {mulla
1603 2751 1622 2801 l·
1637 2766 1654 2811 ¹·
1669 2750 1754 2817 fletu
1767 2750 1797 2815 Ιι)

143 2886 258 2930 uanum
287 2885 384 2939 suam,
410 2868 487 2940 qued
511 2866 564 2923 lob
588 2867 691 2923 iecisse
716 2871 812 2940 negat,
842 2869 962 2924 dicens:
1018 2865 1236 2931 Verumtamen,
1260 2865 1457 2933 utintenmur,
1474 2866 1843 2941 nobishiiaciIeaonpsr-

144 2960 239 3018 sinidi
253 2960 381 3018 solem...
397 2958 422 3014 si
446 2957 691 3023 osculetussnm,
721 2972 843 3012 manum
867 2973 963 3014 meam
1018 2953 1429 3011 suadebantillodtamccrta
1449 2971 1536 3027 posse
1555 2956 1844 3015 exauctorisaostri

146 3050 344 3124 apponensori
370 3062 446 3113 meo,
476 3052 505 3102 et
529 3045 583 3101 boc
610 3044 681 3101 mihi
711 3044 748 3101 ad
776 3044 963 3117 iniquitatem
1018 3040 1843 3118 verbisoolligilbienimilleheudobscuresignifloetboo

141 3146 298 3215 mltum*
312 3160 324 3191 ¹
339 3137 415 3211 (J0bl
429 3152 492 3208 cap.
504 3151 580 3202 ¹¹¹1·
603 3135 657 3202 273
679 3133 860 3207 Hieronym,
884 3134 935 3191 lib.
951 3153 960 3191 ι
976 3120 998 3188 G
1017 3130 1309 3190 simulacrumnonin
1329 3132 1472 3204 egris,sed
1487 3131 1564 3188 cirea
1575 3133 1703 3190 mediam
1716 3132 1845 3193 ooliooa·

133 3231 199 3289 edu.
210 3231 327 3303 Rastia..
346 3243 411 3299 pag.
422 3224 498 3297 stt.)
517 3222 579 3279 Alie
599 3223 644 3279 his
659 3221 745 3295 plane
757 3221 866 3278 similia
881 3224 959 3296 apud
1014 3219 1487 3292 tumluisseurbisOstiepartem,
1509 3238 1573 3294 qua
1587 3219 1671 3279 littus
1687 3222 1779 3282 meris
1798 3240 1843 3283 rs·
1921 3278 1926 3283 ,

128 3330 205 3379 eum
230 3320 303 3378 ulios
327 3334 415 3373 sacre
443 3312 601 3385 Scripturas
628 3312 800 3385 interpretes
829 3311 963 3370 incitata
1017 3308 1843 3385 spiciebat.Quamvisergoibitriviumfuisset,Minucius

116 3400 202 3466 ³0bi
215 3408 304 3466 V⁰¹b⁸
317 3406 413 3478 legere
425 3402 543 3476 Ρθῑθΐῑθ·
1017 3407 1116 3457 tamea
1128 3398 1198 3454 illud
1211 3414 1266 3452 non
1275 3396 1469 3465 Termini,sed
1480 3397 1629 3472 Serapidis
1647 3398 1841 3458 simulacrum

171 3499 223 3556 ilis
238 3513 324 3571 porro
344 3494 384 3551 ita
399 3490 569 3559 observatis,
592 3488 801 3562 inquirendum
825 3495 870 3547 est
894 3491 962 3562 quis
1016 3487 1191 3546 nominatim
1206 3485 1372 3559 appellavit.
1387 3487 1424 3543 At
1438 3486 1474 3542 de
1488 3486 1536 3543 his
1550 3486 1675 3545 aliorum
1690 3491 1753 3546 esto
1763 3488 1844 3562 iudi.

97 3578 177 3643 ·it
189 3586 318 3646 auctoris
333 3583 425 3641 nostri
439 3597 555 3652 sensus,
571 3580 607 3637 de
618 3596 674 3653 quo
690 3595 748 3636 noa
773 3579 897 3635 minima
916 3582 962 3635 est
1015 3576 1311 3635 eiamlledeoautem
1323 3574 1460 3631 Termino
1476 3575 1551 3632 alius
1566 3575 1663 3634 adhue
1677 3576 1782 3651 agsnffl
1795 3576 1840 3636 ιο.

88 3662 432 3737 intercelebresduos
444 3669 538 3727 etatis
548 3667 959 3741 nostruscriptores,bipsium
1015 3664 1412 3736 cusuobisdabitnrwt‘ttert.
1424 3662 1454 3719 in
1465 3666 1604 3735 bristout,
1619 3680 1645 3721 c.
1660 3666 1707 3737 32,
1717 3668 1773 3724 ort,
1796 3664 1838 3741 2),

872 3856 1002 3921 caput*
1023 3856 1119 3919 xxll.

87 3971 333 4077 fflupsaditar
347 3987 473 4053 rainucii
490 3989 724 4064 argumentum,
742 3998 805 4061 quo
822 3998 863 4075 ex
886 3980 982 4042 saeris
1003 3979 1092 4075 ipsis,
1112 3998 1183 4060 quae
1207 3978 1324 4074 ethnici
1337 3976 1370 4039 ia
1394 3978 1524 4073 deorum
1540 3996 1669 4041 suoram
1684 3978 1838 4043 bonorem

472 4064 684 4137 celebrabant,
703 4068 859 4143 mysteriis
873 4066 969 4141 atque
985 4061 1070 4123 testis
1083 4060 1154 4122 rllos
1169 4077 1233 4122 noa
1243 4065 1376 4122 existere
1390 4066 1506 4138 arguit.

369 4243 565 4304 ARTlCULUS
583 4241 730 4299 PlilltlUS.
1017 4240 1126 4308 rarent,
1143 4253 1216 4310 quos
1232 4237 1304 4310 ipsis
1333 4234 1504 4292 bominibus
1527 4234 1694 4291 miseriores
1715 4232 1842 4309 siugulis

87 4318 177 4399 be
190 4340 369 4399 ltidittocris
382 4341 408 4393 et
431 4333 580 4418 mysteriis,
603 4332 701 4403 quibus
724 4330 779 4386 iilo
799 4328 893 4456 {tium
915 4335 965 4384 out
1017 4327 1103 4385 anais
1127 4326 1382 4399 repraesentabant,
1407 4324 1614 4397 tingebaatque
1636 4323 1731 4381 exitus
1758 4338 1841 4397 suos,

175 4414 305 4469 'emittm
318 4426 401 4467 ”tum
426 4405 566 4479 perditum
589 4419 652 4459 tum
674 4406 798 4473 09710691)
818 4402 862 4457 ‘¹²0
886 4414 963 4472 Μ·
1018 4416 1087 4481 ieta,
1103 4432 1136 4472 eo
1151 4414 1254 4472 lunera
1271 4416 1371 4487 lugere
1384 4417 1415 4470 et
1428 4411 1607 4468 lamentari?
1619 4410 1774 4471 Miraberis
1786 4411 1843 4471 tor·

174 4494 297 4613 mul?
303 4474 850 4622 'lgm'’azznfflfflzffn‘rzbfinlgfflz
854 4488 964 4600 ‹1ss¹¹ssss
1018 4504 1106 4569 sitan,
1122 4520 1155 4560 ac
1169 4503 1215 4559 vix
1230 4503 1359 4570 tandem,
1375 4505 1405 4558 et
1432 4516 1468 4557 ne
1485 4499 1534 4557 via
1555 4498 1675 4573 quidem
1697 4498 1751 4557 tibi
1773 4516 1843 4573 per·

175 4644 268 4685 menos
291 4624 519 4683 eunomianorum
540 4634 650 4691 pompa,
675 4626 700 4673 ct
724 4632 809 4689 qaam
841 4614 964 4670 vatiaum
1018 4592 1135 4651 suaderi
1150 4592 1230 4648 aines
1258 4594 1371 4648 tantam
1398 4587 1564 4662 gentilium,
1588 4604 1715 4689 quorum
1737 4588 1843 4647 saltem

175 4710 267 4757 matre
295 4696 447 4771 peutilium
473 4692 537 4749 deos
564 4697 761 4759 oryumeutum
790 4686 852 4743 iude
878 4685 965 4741 dedu·
979 4678 1003 4745 Ι)
1018 4681 1180 4739 multorum
1197 4695 1281 4736 meas
1299 4694 1371 4735 sana
1386 4694 1450 4735 esse
1464 4677 1599 4745 debebat,
1618 4675 1709 4734 tarsae
1723 4676 1844 4734 demea·

176 4782 262 4829 cctur.
1018 4769 1100 4842 tiam,
1129 4774 1162 4825 al
1190 4784 1224 4825 ee
1251 4768 1327 4824 serio
1354 4767 1505 4823 crederent
1532 4781 1596 4839 que
1624 4766 1701 4823 m
1728 4765 1758 4822 ia
1789 4764 1845 4823 heo

178 4876 313 4943 Quamvis
327 4873 472 4931 celebrata
493 4870 529 4927 ab
553 4866 678 4925 ethnicis
697 4867 818 4922 deorum
843 4880 965 4921 snorum
1020 4859 1228 4932 mysteriorum
1257 4855 1450 4912 celebratione
1474 4854 1510 4911 de
1536 4854 1594 4911 diis
1621 4853 1685 4911 suis
1708 4851 1845 4911 exhibete

146 4962 215 5023 tua
226 4972 258 5024 et
271 4963 412 5039 mysteria
425 4960 613 5017 manifestam
628 4954 775 5026 ,omnibus
798 4954 891 5011 lacere
915 4953 966 5008 de·
1020 4949 1162 5007 solebant.
1178 4947 1389 5003 Verumtamen
1405 4942 1551 5001 Minucius
1566 4935 1846 5001 aoaterilludvarlls

148 5047 278 5112 buisseat
290 5068 388 5110 veram
404 5049 520 5105 iliorum
534 5044 715 5103 divinitatem
728 5060 735 5112 ;
752 5059 787 5099 ex
807 5042 843 5098 iis
868 5046 966 5097 temen
1021 5036 1163 5109 exemplis
1177 5033 1395 5093 evidentissime
1409 5030 1548 5090 ostendit.

156 5130 968 5216 ipsisitiaueinsdsmonstratiliampenitustalsamesse
1056 5126 1099 5183 Ab
1115 5124 1201 5182 isidis
1216 5127 1317 5181 autam
1346 5122 1439 5179 sacris
1466 5119 1509 5178 sio
1534 5117 1584 5176 ille
1611 5116 1732 5189 incipit:
1763 5110 1847 5171 «isla

155 5229 427 5292 eteommeatitiam.
443 5249 458 5279 ιι
473 5225 639 5295 considere,
655 5222 761 5294 inquit,
783 5236 867 5277 sacra
891 5218 966 5292 ipsa,
1021 5215 1169 5291 perditum
1184 5212 1280 5269 tilium
1307 5226 1375 5268 oum
1399 5206 1602 5282 Cynocephalo
1625 5220 1680 5262 suo
1703 5209 1734 5262 et
1758 5199 1849 5259 salute

152 5324 245 5399 etipsa
260 5319 408 5395 mysteria,
438 5315 568 5373 invenies
591 5312 687 5369 exitus
706 5310 817 5381 tristes,
842 5308 912 5377 lata,
940 5311 969 5364 et
1023 5301 1228 5365 sacerdotibus
1252 5299 1344 5372 luget,
1359 5296 1482 5371 plangit,
1497 5293 1638 5367 inquirit;
1654 5290 1778 5393 stisiael
1794 5289 1850 5345 rni-

150 5410 255 5475 ltuera.
269 5416 299 5469 et
309 5409 417 5480 lactus,
432 5410 519 5477 atque
535 5404 671 5477 planctus
694 5398 870 5456 miserorum
897 5398 968 5453 deo·
1022 5394 1081 5455 seri
1095 5394 1211 5451 cudunt
1224 5392 1353 5462 pectore,
1368 5389 1397 5443 et
1411 5383 1541 5441 dolorem
1554 5378 1764 5481 infelicissima
1783 5392 1850 5436 ma·

148 5520 219 5563 mm.
230 5526 245 5555 n
257 5504 321 5570 Qua
330 5514 399 5572 ergo
413 5496 541 5553 cecitate
555 5491 680 5565 perculsi
701 5492 819 5545 luerunt
838 5484 969 5546 infelices
1021 5484 1078 5544 tris
1092 5480 1257 5540 imitantur.
1273 5474 1341 5535 Mox
1352 5473 1471 5531 iateato
1483 5469 1593 5547 gaudet
1607 5468 1674 5543 leta,
1703 5462 1852 5527 exsultant

87 5654 89 5681 ;
148 5592 262 5669 abnui,
278 5594 371 5651 ateos
385 5602 438 5664 pro
451 5584 510 5644 diis
522 5582 676 5655 bahemat,
692 5578 830 5654 colerent,
854 5579 885 5639 et
898 5576 969 5639 ado·
1021 5570 1198 5641 sacerdotes.
1223 5558 1443 5651 cynocephalus
1466 5560 1601 5627 lassator
1622 5556 1775 5641 glorium.
1792 5552 1853 5619 litt

87 5700 89 5705 ⁵
284 5720 423 5791 terena.
444 5716 500 5787 lit.
1669 5684 1711 5763 at
