3900 6112
27 316 63 329 ”
150 340 210 404 rsa
818 334 850 399 s.
874 336 1059 400 conuenu
1080 336 1194 401 esen
1801 332 1868 397 rsa

151 469 276 527 tirmiter
289 473 318 526 et
331 468 455 543 probata
467 468 500 536 ¹¹,
517 469 680 525 seeundum
693 470 770 541 quod
786 470 891 525 diune
920 474 976 525 tra·
992 475 1016 537 A
1032 469 1136 527 etitare
1149 470 1268 527 interim
1283 472 1414 545 gestiunt
1428 486 1493 543 que
1508 470 1631 543 probare
1647 486 1704 526 non
1727 471 1865 543 possunt,

151 558 314 615 ditioniset
328 555 531 615 ecclesiasticae
546 557 742 614 iustitutionis
756 560 899 615 sanctitas
927 576 977 631 pa·
1030 565 1060 615 et
1085 577 1152 615 cum
1180 560 1379 617 inuocantium
1407 562 1558 617 destruere
1587 566 1673 633 atque
1697 572 1868 632 expugnare

153 648 224 705 riter
238 665 271 703 ac
285 648 391 704 veritas
406 646 549 721 exigebat,
566 646 679 703 litteras
694 651 808 703 nostras
824 650 860 703 ad
876 654 905 704 te
935 648 979 704 di·
1034 664 1092 703 nou
1107 649 1232 717 valeant,
1254 651 1326 705 satis
1350 650 1459 707 habent
1479 652 1557 707 larua
1583 648 1716 705 mendaci
1742 651 1772 704 et
1790 646 1867 704 laiso

153 737 293 795 reximus.
310 737 366 794 Sed
383 741 412 793 et
428 753 477 807 per
497 736 675 809 provinciam
692 741 823 793 nostram
839 738 896 809 (t8)
918 737 980 792 hare
1034 752 1151 794 rumore
1177 738 1308 795 maculas
1336 740 1506 813 inspergere
1530 740 1552 777 ¹⁸
1581 740 1647 811 (24).
1677 738 1762 795 Certe
1784 736 1865 809 quod

154 827 256 883 endem
271 824 391 900 collegia
404 824 529 898 singulis
543 824 574 881 in
589 826 723 881 notitiam
741 826 929 899 perferentes,
943 827 980 881 ab
1035 828 1200 899 prepositis
1215 834 1243 885 et
1258 829 1459 885 sacerdotibus
1480 830 1625 901 congruit,
1654 828 1752 884 danda
1775 842 1867 899 opera

123 918 128 927 '
153 912 201 971 bis
216 931 333 987 quoque
357 916 462 971 iratres
490 917 606 970 nostros
634 930 701 970 eum
729 914 835 971 litteris
857 914 982 986 dirigen·
1035 917 1302 985 est,uttalia,eum
1316 935 1333 972 a
1348 918 1525 989 quibusdam
1539 917 1720 989 scribuntur,
1743 931 1797 990 per
1813 932 1868 973 nos

155 1004 210 1061 dos
226 1005 251 1041 ¹¹
266 1019 330 1060 esea
345 1004 400 1077 (19)
416 1002 630 1059 mandavimus.
1035 1011 1222 1077 respuantur.
1239 1007 1293 1063 Ubi
1309 1006 1387 1062 enim
1403 1008 1458 1064 erit
1472 1008 1547 1080 quod
1563 1006 1707 1063 discimus
1722 1022 1757 1062 ac
1785 1005 1870 1062 doce·

87 1106 90 1111 ·
193 1092 229 1150 11.
242 1096 416 1166 Quanquam
432 1109 516 1149 mens
533 1097 644 1157 nostra,
659 1097 688 1148 et
714 1092 897 1165 propositum
918 1093 981 1163 ,jam
1037 1109 1105 1150 mus
1120 1097 1259 1168 seriptum
1271 1112 1346 1153 esse.
1360 1098 1476 1153 Cerillae
1490 1098 1616 1168 lippeam
1629 1096 1871 1167 luamamale,el

9 1194 13 1201 '
64 1210 69 1217 ·
158 1184 235 1245 1θῦ
251 1190 320 1240 tune
337 1182 517 1238 l'ratribuset
531 1181 608 1253 plebi
620 1182 686 1237 istic
702 1182 843 1238 universe
855 1183 878 1217 ²³
889 1181 982 1237 maui-
1038 1184 1116 1240 labia
1128 1195 1175 1240 lucr
1189 1187 1385 1258 nelopuaulur
1400 1187 1534 1243 insidiose
1549 1187 1573 1224 ⁸⁶
1587 1186 1673 1258 (Psoi.
1688 1202 1789 1251 mu,
1805 1183 1872 1251 ⁴3t3

157 1278 298 1335 testatum
312 1274 371 1345 (20)
384 1272 495 1339 inisset,
510 1269 892 1343 quandolitterisnuperab
908 1275 984 1326 utra·
1038 1270 1108 1329 item
1134 1274 1277 1333 alibi:0s
1307 1277 1383 1331 700
1412 1279 1491 1331 lnam
1513 1275 1664 1331 abundauit
1690 1272 1817 1344 malitia,
1845 1278 1874 1329 et

157 1382 215 1439 que
226 1368 307 1439 parte
318 1360 474 1431 susceptis,
486 1363 552 1415 tuas
560 1359 672 1415 litteras
682 1358 817 1431 legimus,
829 1366 858 1416 et
877 1359 986 1430 episco·
1040 1362 1137 1432 linpua
1152 1368 1199 1419 lua
1215 1365 1444 1435 complectebatur
1468 1366 1594 1425 insidias.
1619 1364 1715 1419 sedens
1737 1363 1873 1419 adversm

161 1458 251 1529 patus
266 1452 308 1508 tui
320 1448 532 1507 ordinationem
542 1448 725 1521 singulorum
738 1449 859 1505 auribus
872 1448 986 1504 intima·
1040 1454 1158 1522 tratrem
1171 1459 1251 1508 laum
1266 1454 1434 1520 detrahebas,
1455 1463 1481 1510 et
1507 1455 1634 1510 aduersus
1659 1454 1749 1525 filium
1771 1454 1872 1509 matris

160 1544 279 1601 vimus:
307 1538 426 1595 honoris
454 1536 540 1593 etiam
570 1538 736 1593 communis
767 1554 920 1610 memores,
958 1536 989 1595 ei
1042 1542 1477 1614 meponelusscsnaalamdu.
1502 1560 1577 1615 xcix,
1604 1542 1670 1613 20i3
1692 1544 1764 1598 item
1790 1540 1869 1614 quod
1905 1572 1912 1579 ·

160 1631 312 1707 gravitatis
326 1626 514 1685 sacerdotalis
529 1643 562 1681 ac
577 1627 743 1682 sanctitutis
760 1631 924 1699 respectum
945 1634 987 1683 te·
1042 1629 1200 1701 Apostolus
1215 1631 1304 1686 dicit:
1320 1632 1413 1687 Omnis
1438 1647 1525 1687 sermo
1546 1632 1634 1687 malus
1651 1631 1684 1687 de
1713 1648 1762 1686 are
1783 1638 1871 1687 uestro

160 1725 320 1786 nontamen
333 1734 396 1790 quin
412 1733 446 1772 ex
461 1716 575 1772 diuerso
591 1716 620 1770 in
636 1714 740 1771 libram
763 1718 798 1773 ad
816 1733 869 1773 nos
891 1721 988 1774 trans·
1042 1735 1096 1774 aen
1110 1720 1236 1790 procedat
1250 1722 1282 1787 ²⁷,
1298 1722 1345 1776 sed
1355 1721 1440 1777 beares
1451 1722 1473 1755 '⁸
1498 1720 1533 1775 ad
1558 1721 1775 1792 aedificationem
1794 1720 1870 1791 fidei,

160 1811 286 1869 missum
321 1807 378 1877 (21)
415 1807 553 1877 congesta
594 1806 711 1861 luerunt
752 1806 988 1863 acerbationibus
1043 1809 1143 1863 ut'del
1174 1811 1294 1877 praciam
1321 1810 1498 1865 audientibus
1527 1809 1610 1882 (pr.
1634 1826 1670 1876 ιν,
1695 1810 1752 1881 29).
1787 1812 1872 1865 Porro

160 1898 338 1959 criminosis.
369 1895 556 1967 respuimus;
579 1895 798 1950 considerantes
827 1895 935 1966 pariter
961 1908 991 1958 et
1045 1896 1105 1954 bec
1122 1898 1182 1951 deri
1198 1897 1303 1953 deluere
1317 1897 1512 1963 ostendimus,
1530 1899 1553 1954 si
1570 1899 1688 1970 quaudo
1703 1896 1776 1955 talia
1805 1914 1874 1971 quo-

160 1989 357 2063 ponderantes
367 1984 445 2056 quod
457 1983 486 2038 in
498 1988 579 2037 tauto
592 1983 714 2039 lratrum
725 1982 991 2056 religiosoquecun-
1046 1987 1182 2041 rumdam
1205 1987 1388 2043 calumniosa
1411 1987 1574 2043 temeritate
1598 1986 1765 2059 conscripta
1793 1991 1871 2051 sunt,

42 2146 48 2155 ⁸
159 2081 248 2134 ventu
264 2072 486 2130 considentibus
500 2071 550 2127 Dei
576 2072 778 2128 sacerdotibus
793 2078 822 2129 et
837 2072 922 2129 altari
944 2091 991 2146 po·
1046 2074 1112 2147 legi,
1129 2076 1205 2147 apud
1218 2093 1271 2131 nos
1288 2093 1345 2132 uon
1362 2076 1500 2148 patimur.
1519 2078 1552 2132 ut
1566 2076 1674 2132 idcireo
1690 2076 1782 2132 irater
1804 2075 1873 2131 ebn-

161 2166 217 2225 sito
227 2165 284 2237 (22)
300 2178 352 2219 nec
367 2160 424 2233 legi
437 2162 573 2227 debeant,
590 2175 643 2215 nec
658 2161 762 2216 audiri.
791 2162 888 2233 Neque
912 2164 991 2219 enim
1046 2162 1172 2233 rissime,
1189 2180 1255 2219 curn
1272 2165 1307 2219 ud
1322 2165 1451 2220 metatis
1465 2165 1619 2221 adversum
1635 2168 1663 2220 to
1679 2165 1736 2235 (25)
1752 2168 1783 2221 et
1798 2180 1875 2221 com-

161 2251 515 2325 ieoilepromendasunt,
532 2248 739 2305 etincuuteac
766 2256 874 2307 temere
899 2253 991 2325 publi·
1045 2253 1208 2325 presbytcri
1238 2259 1335 2310 tecum
1358 2253 1539 2310 considentis
1564 2254 1674 2325 scripta
1706 2254 1871 2319 venissent;

161 2345 266 2409 canda,
282 2358 346 2413 quas
361 2337 542 2394 discordioso
561 2338 585 2372 ²⁸
610 2336 685 2411 stylo
714 2339 773 2408 (23)
800 2341 990 2399 audientibus
1044 2341 1121 2398 clero
1136 2348 1165 2398 ct
1180 2342 1257 2414 plebi
1272 2342 1328 2414 legi
1346 2342 1460 2416 praecipi
1477 2342 1873 2415 quaereligiosamsimpliei·

161 2429 334 2491 scandalum
359 2432 493 2484 moveant
515 2430 545 2482 et
572 2426 675 2483 iratres
704 2425 789 2501 longe
816 2428 927 2501 positos
956 2447 989 2486 aa
1043 2432 1303 2500 tatemsonabant,
1320 2431 1457 2489 necuilis
1474 2432 1697 2489 maledictorum
1721 2436 1752 2487 et
1775 2431 1872 2487 conri-

160 2524 243 2577 trans
255 2514 785 2588 mareconstitutosineertaopinione
796 2519 987 2575 confundant.
1043 2520 1154 2577 ciorum
1171 2520 1324 2576 latratibus
1340 2523 1567 2594 perstrepebant.

160 2703 191 2758 et
205 2698 308 2755 divine
325 2696 398 2768 legis
413 2712 446 2751 ac
471 2694 636 2751 sanctitatis
660 2694 859 2763 immemores,
881 2698 925 2753 vei
945 2700 989 2771 ja·
1043 2716 1121 2766 rum,
1134 2700 1185 2771 qui
1198 2698 1258 2754 illio
1269 2698 1445 2754 ordinationi
1456 2699 1685 2765 tuaeadiuernnt,
1695 2698 1873 2755 desideravi-

870 2816 974 2876 Variae
994 2816 1155 2877 lectiones.

198 2914 221 2949 ¹¹
238 2909 806 2980 Probataquibuscognitissccuudum
824 2912 882 2967 l'er.
923 2912 1225 2987 ²³ltodigendosltod.
1242 2913 1432 2968 Montibus.
1454 2912 1478 2967 Ν
1492 2914 1521 2968 C.
1539 2912 1564 2967 l.
1586 2915 1658 2968 Foss.
1688 2914 1758 2967 Vict.
1787 2912 1868 2969 ilicis.

163 2982 393 3041 ”Manifestum
415 2981 498 3038 Carb.
526 2981 591 3036 bed.
608 2982 634 3036 3.
672 2983 749 3039 “lta
771 2986 844 3037 radas
872 2982 956 3039 codex
979 2984 1053 3041 Colb.
1072 2985 1265 3049 diremisset
1292 2984 1377 3039 codex
1404 2986 1473 3039 Fun.
1504 2982 1696 3039 Discordiosis
1724 2986 1755 3039 et
1782 2982 1869 3039 inau-

53 3082 56 3091 ·
130 3108 136 3125 ,
162 3055 406 3179 ᾱίοηῑίὴυε,(ονίι
453 3051 670 3109 adiscordiusis
681 3057 710 3109 et
720 3052 979 3111 inoboedientibus
989 3072 1039 3111 ceu
1048 3054 1296 3111 inobedientibus.
1308 3056 1338 3111 ln
1349 3054 1472 3127 uulpalis
1482 3060 1584 3111 autern.
1596 3054 1783 3110 Discordieso
1794 3056 1869 3139 stylo

161 3127 273 3209 scripta
288 3142 323 3181 au
349 3123 417 3180 ieuti
443 3142 488 3179 us.
505 3124 573 3189 Quae
588 3124 770 3180 discordioso
784 3124 860 3197 stylo
875 3126 1058 3183 scandalum.
1074 3128 1140 3182 lind.
1156 3129 1181 3188 i,
1195 3128 1222 3180 2.
1240 3128 1263 3181 d'
1278 3130 1310 3183 C.
1327 3129 1388 3182 bin.
1406 3127 1484 3184 ebor.
1502 3128 1567 3182 litu.
1596 3128 1668 3183 Foss.
1694 3126 1775 3183 dicu.
1801 3128 1867 3183 l'sct.

160 3198 185 3236 ¹⁸
198 3198 364 3325 impingere
377 3195 437 3252 ced.
455 3197 569 3251 bauran.
622 3196 1039 3268 i‘Loquanlurdolusutam
1061 3200 1147 3255 labor.
1173 3198 1240 3254 ΝΟ.
1265 3198 1414 3253 i.ltod.l.
1466 3200 1565 3255 ²'Neu
1594 3202 1676 3255 exeat
1700 3198 1766 3255 tiu.
1788 3204 1815 3257 ll
1834 3200 1867 3256 G.

161 3270 185 3309 ⁸⁸
199 3270 236 3327 Se
273 3269 298 3324 si
315 3267 382 3341 quis
397 3268 492 3323 bouus
505 3270 583 3323 Lam.
599 3268 677 3325 Ebor
690 3267 771 3326 ded
787 3267 854 3325 uod.
866 3268 887 3323 l.

871 3366 1039 3430 variorum
1054 3373 1149 3430 notae.

197 3464 256 3539 (te)
271 3464 450 3521 Prouinciam
466 3467 598 3519 nostram.
614 3462 693 3519 tnlra
721 3464 813 3536 Epist.
838 3482 902 3535 xcv,
922 3481 988 3538 pag.
1005 3467 1028 3536 G
1046 3470 1096 3537 est,
1109 3482 1159 3522 uec
1176 3468 1320 3538 qaisquam
1331 3476 1423 3537 nepae,
1435 3483 1484 3523 nos
1501 3468 1683 3522 Orientalium
1708 3466 1820 3522 litteras
1835 3467 1875 3521 in-

160 3538 216 3595 29:
247 3536 299 3593 Sed
326 3537 455 3607 quoniam
474 3534 559 3590 latius
578 3537 639 3603 lusa
659 3539 700 3591 cst
718 3543 816 3591 nostra
834 3538 988 3607 prroivincia.
1046 3540 1166 3601 limasse,
1179 3555 1292 3593 auersas
1305 3556 1454 3608 secessus,
1471 3538 1701 3607 lepisseceurilio.
1715 3537 1770 3595 llic
1783 3541 1875 3594 emtus

164 3608 331 3667 ilabelerdm
342 3606 506 3663 Numidiam
520 3614 546 3663 el
568 3607 766 3663 Musiritaniam
783 3608 838 3664 sibi
856 3610 993 3666 colroereu-
1046 3610 1074 3664 iu
1092 3610 1234 3680 superiori
1249 3610 1373 3681 epistola
1389 3627 1417 3665 u.
1436 3613 1460 3680 1,
1476 3612 1770 3680 stationuueupatur.
1800 3608 1874 3665 Gou-

164 3679 381 3750 les.Hiuoergo
410 3676 589 3749 collegerunt
617 3678 702 3749 Angli
733 3695 784 3750 per
812 3680 991 3750 provinciam
1046 3698 1143 3737 maur.

165 3749 233 3809 istie
248 3747 369 3823 intelligi
384 3748 523 3813 At'rioaru,
539 3749 707 3805 Numidiam
722 3756 752 3805 et
771 3750 991 3821 Mauritaniam,
1083 3754 1139 3824 (23)
1154 3750 1324 3807 Discordiam
1351 3751 1432 3822 slplo.
1463 3750 1621 3807 Sallustius
1648 3750 1678 3804 in
1705 3748 1874 3819 iugurtha:

166 3839 230 3897 qua
245 3820 307 3877 sedi
320 3820 553 3893 Carthaginiensi
573 3822 710 3890 subiecta
726 3827 817 3876 erant.
834 3822 918 3878 Certa
935 3826 990 3877 ltu·
1048 3824 1115 3880 Num
1131 3824 1237 3891 culpus,
1255 3833 1284 3879 ut
1304 3824 1466 3894 plerarupue
1483 3826 1560 3891 suriel,
1586 3832 1612 3877 et
1635 3822 1760 3877 risaeime
1781 3822 1876 3878 abusui·

166 3892 420 3964 reliusepiseopus
435 3892 674 3963 Carthaginensis
689 3892 729 3948 sit
744 3894 773 3949 in
790 3894 889 3949 codiee
904 3911 993 3950 nauo-
1046 3897 1157 3957 dierum.
1173 3896 1284 3966 inperio
1308 3896 1415 3960 mobili,
1438 3894 1596 3951 seditiosum
1620 3896 1701 3963 alque
1723 3894 1876 3949 discordio-

166 3981 237 4023 num
254 3962 382 4020 eeclesia.
398 3962 548 4027 dirieanae,
569 3981 632 4036 cap.
650 3981 693 4029 nv,
709 3968 927 4021 secunetorum
944 3966 994 4021 tto-
1046 3984 1117 4023 sarrs.
1133 3966 1270 4021 Sidonius
1287 3965 1337 4020 lib.
1361 3983 1398 4029 vr,
1426 3967 1512 4037 epist.
1527 3967 1561 4019 ‘22
1586 3964 1700 4021 damam
1724 3964 1876 4021 discordie

165 4036 322 4095 etesiarum
334 4034 561 4091 sollicitudinem
577 4035 730 4091 sustinere.
743 4036 823 4092 llanc
834 4054 919 4109 porro
936 4040 992 4092 An·
1050 4056 1106 4093 sam
1118 4056 1124 4103 ;
1137 4042 1166 4093 at
1177 4037 1227 4092 lib.
1240 4054 1278 4105 rx,
1291 4038 1375 4108 epist.
1389 4038 1406 4091 3
1418 4054 1425 4093 :
1435 4054 1485 4108 per
1495 4037 1661 4092 conditiones
1680 4034 1873 4093 discordiosas.

167 4108 282 4235 piorum
306 4106 575 4178 interpretationem
606 4108 744 4177 adjuvare
773 4124 858 4180 posse
880 4109 994 4164 videtur
1084 4110 1140 4181 (et)
1156 4110 1325 4179 lnsperperc.
1346 4109 1440 4165 Codex
1452 4108 1582 4165 Lemouii
1605 4108 1772 4179 impiupere.
1788 4108 1877 4177 Quare

178 4179 253 4237 ectio
268 4178 377 4234 codicis
393 4178 546 4234 flamensis
566 4178 659 4233 suncti
672 4178 744 4234 Dion
766 4178 813 4245 sii,
830 4180 860 4234 in
875 4196 931 4251 quo
956 4180 994 4236 le·
1048 4180 1119 4253 qaod
1127 4182 1283 4251 prepositis
1293 4181 1397 4237 Rauuz.

188 4251 247 4307 'tur
258 4251 417 4323 prouincias
431 4253 547 4306 uestras.
570 4249 724 4306 Salvianus
747 4196 765 4305 i

167 4268 265 4381 Quas
279 4322 389 4393 Asrise.
407 4325 508 4377 ltsuuz.
1048 4323 1227 4379 considentes.
1250 4326 1351 4390 Oxou,
1381 4324 1413 4379 de
1428 4328 1454 4379 te
1481 4331 1506 4378 et
1533 4321 1763 4394 rorrapresbyteris
1790 4328 1874 4375 ueram

204 4394 261 4467 (19)
277 4392 437 4465 diripendas
450 4408 516 4447 esse.
533 4390 642 4464 Supple
664 4391 700 4447 ad
727 4400 762 4461 le,
791 4396 824 4448 ut
854 4394 993 4449 nimirum
1048 4395 1260 4451 considentibus.
1275 4394 1550 4467 Mugisplneetcum
1565 4394 1674 4450 nostris
1689 4408 1764 4449 urse.
1778 4392 1875 4447 aduer-

168 4464 405 4524 communionem
420 4463 513 4537 ipsius
529 4464 652 4536 prebere
666 4480 700 4519 nc
713 4468 810 4520 tenere
824 4482 855 4519 se
877 4466 995 4538 profite-
1048 4482 1109 4521 sum
1127 4471 1152 4522 te
1167 4471 1192 4521 et
1202 4470 1413 4537 conrpresbnleri
1439 4475 1527 4522 lecum
1550 4465 1724 4531 consulentis,
1750 4463 1806 4519 hoe
1835 4466 1876 4517 est
1892 4460 1942 4513 :5

169 4540 283 4604 rentur,
299 4536 418 4592 utinlra
432 4536 517 4608 epist.
534 4552 562 4590 1v
577 4535 746 4608 explicatur.
763 4536 922 4593 Cousrssr.
1051 4538 1214 4601 Navatiaui,
1253 4538 1281 4592 ui
1299 4527 1375 4593 sedis
1391 4537 1539 4605 Romanae,
1555 4537 1583 4591 in
1601 4552 1660 4608 qua
1674 4535 1806 4607 legitime
1829 4548 1875 4589 se·
1890 4556 1949 4569 -

205 4607 262 4680 (20)
279 4608 494 4679 manifestatum.
518 4606 629 4663 tsitterm
658 4608 812 4680 utriusque
861 4610 933 4665 artis
956 4624 995 4664 ea
1050 4609 1138 4665 debut
1152 4554 1311 4675 Comedus,
1327 4625 1391 4665 sese
1406 4608 1559 4680 presulem
1573 4607 1738 4679 jactitabat.
1754 4606 1790 4661 ut
1811 4620 1876 4660 uero
1905 4623 1936 4646 ι·

169 4676 366 4751 intelligentie
382 4684 453 4736 sunt
467 4695 530 4750 qum
546 4696 611 4735 curu
623 4678 759 4748 Cornelii,
771 4684 834 4735 tum
842 4625 996 4735 iteratiuni
1051 4681 1159 4751 scripta
1173 4680 1269 4749 illapsi
1282 4697 1316 4735 es
1326 4680 1476 4752 superiore
1487 4678 1611 4751 epistola
1621 4678 1726 4750 liquet,
1737 4678 1937 4733 ausaausa

170 4749 383 4807 ordinationem
399 4750 614 4823 significabunt.
631 4752 791 4806 Cousrsur.
1051 4769 1143 4809 unum
1159 4752 1326 4808 Cornelium
1355 4752 1519 4825 composita
1546 4754 1639 4806 eraut.
1664 4750 1827 4806 uousrmr.
1842 4778 1875 4789 -

207 4823 263 4893 (21)
280 4823 392 4879 Librum
405 4825 609 4877 transmissum.
626 4820 745 4875 Librum
761 4822 907 4877 fumosum
925 4822 995 4877 mis·
1012 4842 1035 4907 D
1051 4824 1115 4879 llum
1130 4828 1173 4877 est
1189 4822 1274 4879 lectio
1290 4824 1422 4879 omnium
1438 4823 1599 4879 editionum
1625 4837 1687 4893 que
1711 4826 1914 4877 antecesse-
1932 4852 1945 4859 --

170 4894 388 4952 sumaduersus
415 4892 591 4948 Cornelium.
616 4890 688 4946 Vide
712 4908 776 4963 que
800 4899 940 4949 notantur
960 4895 996 4950 sd
1052 4894 1416 4967 runtltigultianam.Eam
1425 4896 1582 4968 preferant
1595 4893 1683 4949 etiam
1693 4907 1798 4947 omnes
1810 4887 1900 4947 libri

170 4966 257 5041 epist.
274 4983 320 5035 nu,
338 4966 367 5022 iu
383 4981 472 5021 causa
487 4960 620 5017 Cornelii.
637 4962 741 5017 Bseua.
1051 4973 1172 5021 veteres.
1186 4966 1235 5021 list
1251 4972 1348 5021 erstem
1362 4967 1482 5037 optima.
1496 4972 1525 5022 ut
1537 4972 1635 5022 tamen
1648 4980 1701 5035 ego
1716 4962 1868 5020 editiones
1934 4977 1950 5000 ·

207 5038 263 5111 (22)
278 5038 367 5093 ditari
398 5038 475 5092 asilo.
503 5033 654 5091 liniendus
677 5050 741 5089 mos
765 5032 793 5087 iu
818 5040 894 5090 coetu
924 5036 995 5091 llde-
1051 5038 1178 5109 Rigaltii,
1195 5056 1257 5109 apuu
1274 5039 1361 5093 habet
1373 5038 1440 5094 dete
1453 5048 1478 5093 et
1489 5038 1653 5109 presbyteris
1675 5042 1769 5091 lecum
1786 5049 1921 5091 conss--

171 5108 256 5177 lium,
286 5108 335 5181 qui
355 5054 397 5163 ad
407 5121 521 5161 sacram
535 5103 680 5177 synaxim,
695 5104 782 5159 altari
792 5108 882 5175 posita
898 5106 995 5179 inquo
1049 5110 1185 5169 dentibus.
1199 5110 1321 5165 libenter
1336 5110 1546 5180 praeterreu1‚si
1567 5112 1720 5163 tuntauon
1737 5111 1903 5164 sssstve-
1939 5117 1950 5124 ‘

171 5179 438 5239 sacrificiumesset
448 5175 665 5247 celebrandum,
675 5182 879 5243 convenerant,
894 5196 928 5235 ea
955 5178 995 5235 le·
1050 5184 1144 5235 terrun
1162 5179 1304 5236 librorum
1320 5186 1347 5236 et
1362 5180 1523 5237 editionum
1541 5178 1745 5251 repugnantia.
1765 5176 1903 5234 cauneis
1935 5189 1948 5212 ³

169 5252 256 5323 gaudi
273 5252 382 5322 scripta
397 5265 461 5320 quse
476 5247 511 5303 ad
528 5246 740 5304 ecclesiasticas
755 5264 858 5306 causas
868 5249 994 5333 pertiue-
1050 5256 1148 5308 antem
1159 5248 1869 5324 isticltyprianusadversariosCoruuiiiquodou1·
1888 5269 1908 5290 ·
1926 5261 1945 5284 ·

171 5328 246 5380 rant.
260 5319 997 5389 idemususetiiomanispontificibusnoninsolens
1050 5325 1191 5379 nilversus
1207 5340 1272 5377 eum
1290 5324 1324 5378 ad
1342 5341 1372 5378 se
1391 5324 1590 5395 scripsissent,
1621 5321 1754 5378 modeste
1778 5326 1932 5377 tamem!

171 5396 236 5450 iuit.
251 5392 408 5457 Anno354,
430 5391 563 5448 Liberius
575 5393 661 5463 epist.
677 5410 714 5458 ru,
731 5392 766 5449 ud
792 5392 994 5449 Constantium
1050 5396 1240 5466 scripserant,
1257 5412 1309 5449 uec
1324 5396 1519 5452 conviciorum
1537 5394 1668 5465 plaustra
1681 5393 1713 5449 in
1723 5408 1792 5449 eum
1801 5392 1911 5463 (ιω-
1931 5401 1950 5426 ⁵

171 5464 314 5530 scribens,
327 5482 356 5520 u.
368 5465 396 5529 2,
409 5480 475 5521 cum
499 5464 616 5523 Arianis
640 5462 996 5537 expostulabpuicoufiu-
1050 5472 1126 5521 rant.
1145 5469 1223 5522 ilaue
1248 5476 1317 5537 puto
1346 5484 1411 5523 esse
1439 5484 1540 5523 verum
1570 5481 1691 5523 sensum
1718 5466 1869 5523 verboru
1896 5481 1915 5504 ·

169 5541 281 5605 urunt,
298 5536 406 5666 ἰῃῌυί),
421 5552 465 5593 me
485 5535 592 5593 litteras
608 5537 801 5610 suppressisse,
823 5552 858 5593 ne
877 5537 997 5592 crirniua
1049 5538 1184 5612 Cypriani
1201 5538 1303 5594 ltscuz.

170 5609 317 5680 umquem
345 5608 489 5667 icebantur
506 5610 697 5666 condemnasse
710 5608 777 5679 (boc
802 5614 847 5665 est
869 5608 995 5663 Athana·
1086 5613 1143 5681 (26)
1160 5610 1509 5679 Cattepurumnosuuram.
1524 5608 1589 5665 Non
1604 5611 1721 5666 tantum
1745 5598 1908 5667 Guldeniii
1942 5611 1950 5636 ⁴

105 5724 116 5752 ,
170 5679 219 5753 sii)
237 5682 365 5741 assaltus
385 5686 546 5753 poteraut...
574 5683 606 5738 dt
627 5684 696 5739 salis
720 5679 849 5737 manibus
886 5678 996 5737 clarum
1051 5684 1080 5739 at
1093 5682 1244 5739 Fortunati
1260 5683 1396 5739 dirorum
1409 5679 1728 5755 episcoporum,sedet
1738 5678 1926 5751 eliorum.

765 4250 803 4307 ib.
827 4267 864 4319 iv,
886 4268 949 4324 cap.
966 4252 993 4319 l,
1083 4253 1141 4319 (25)
1155 4251 1348 4319 deversante,
1364 4250 1484 4322 camel„
1499 4256 1524 4307 et
1538 4250 1771 4323 cesupresbpleros
1789 4252 1876 4305 lecum
1947 4271 1950 4276 ·
