3892 6104
126 273 204 335 {tte
649 267 701 327 llll
724 258 1020 327 HAEltE'llCOHUM
1042 260 1305 324 supplantare.
1751 260 1832 324 {tao

126 401 454 460 doctoreecclesiastico
480 400 583 456 luisset
612 399 693 455 valde
721 397 890 470 singularis,
920 395 1136 465 etAnonnihil
1161 395 1259 464 miror,
1285 393 1363 467 quod
1397 392 1521 466 epistola
1545 391 1709 450 firmiliani
1734 394 1771 449 ad
1798 395 1828 450 S.

125 491 274 548 nescican
295 488 946 560 laudandaluissct;reliquiSS.Patres‚Anr·
1002 484 1177 559 Cyprianum
1211 483 1395 558 responsoria
1423 502 1486 558 quc
1516 482 1700 558 originaliter
1724 482 1831 541 luisset

126 580 251 648 brosius,
269 579 472 652 Hieronymus,
498 577 624 634 Basilius
640 577 774 650 Magnus,
799 582 866 647 etc,
882 591 947 631 eam
1002 575 1199 643 Graecamodo
1216 577 1384 646 compareat
1395 573 1467 631 inter
1480 574 1668 647 cyprianicas
1684 574 1829 630 duntaxat

126 670 231 727 imitati
248 685 305 726 uon
320 669 444 725 luere.30
458 669 533 723 Saue
548 673 576 723 ct
595 667 658 741 ipse
672 665 865 739 S.Cyprianus
881 664 947 720 rhe·
1003 665 1116 734 Latina,
1133 669 1164 719 at
1178 681 1245 720 vero
1260 664 1288 719 S.
1305 664 1439 737 Cypriani
1455 664 1491 719 ad
1506 663 1745 720 S.Firmilianum
1759 680 1827 720 cca·

125 765 172 815 tcr
186 757 416 815 facundissimus
431 763 498 828 post
519 756 737 812 conversionem
760 755 854 810 multa
877 771 946 810 con·
1002 753 1195 826 saltariaquae
1206 752 1387 826 originaliter
1397 753 1501 810 suisset
1511 752 1737 820 Latina,nullibi
1749 769 1828 809 com·

127 848 314 921 scripsit,acn
331 847 426 904 solum
442 863 531 903 sensu
544 844 781 919 gravissima,sed
802 849 831 900 et
851 842 947 899 verbis
1002 847 1111 916 parcat.
1129 844 1238 899 Forsan
1264 847 1293 898 et
1306 842 1366 898 bec
1395 842 1526 916 proxime
1552 842 1761 915 componenda
1774 842 1828 898 erit

126 936 315 993 ornatissima
333 953 340 990 ι
355 932 486 1007 exemplo
503 934 563 989 sint
577 933 739 1005 epistolas.
759 931 893 1005 Cypriani
911 930 946 986 ad
1002 931 1146 1004 Quidquid
1163 932 1213 1003 sit,

125 1030 282 1093 Donatum,
299 1040 386 1081 suum
411 1023 481 1080 olim
503 1023 532 1078 in
557 1022 732 1096 baptismate
759 1021 946 1094 suspiciendo
1303 1042 1518 1095 pmposmou,

126 1112 261 1170 ⁸⁰⁰ll¹ffl²
288 1109 411 1185 ⁰Pl⁸i⁰lfl
433 1110 462 1166 S·
487 1109 623 1182 Cllllflnl
651 1111 687 1166 ad
715 1114 856 1182 miles
879 1107 946 1179 (23),
1002 1133 1062 1185 lton
1077 1133 1117 1183 est
1143 1128 1306 1194 verosimile,
1334 1130 1406 1198 qaod
1425 1132 1455 1184 S.
1480 1128 1668 1185 firmilianus
1692 1132 1829 1199 tamosam

124 1206 168 1258 An
184 1201 293 1268 forsan,
309 1201 379 1256 dum
397 1199 451 1255 has
466 1198 593 1271 scripsit,
610 1216 670 1255 euae
680 1197 856 1254 humilitatis
869 1213 948 1253 exer·
1034 1215 1084 1271 prc
1100 1199 1334 1283 rebaptizantibus
1348 1200 1493 1270 epistolam
1505 1208 1599 1256 eontra
1615 1199 1642 1255 S.
1654 1201 1830 1272 Stephanum

125 1291 225 1346 rendae
235 1290 330 1345 luerat
344 1288 476 1345 chlitusl
1034 1288 1135 1342 papam
1148 1272 1354 1342 miml’ie'll·

161 1380 204 1435 ll.
221 1377 405 1434 bollandistae
422 1377 476 1450 (21)
489 1374 643 1449 epistolam
670 1375 816 1432 Fimiliani
838 1391 946 1448 suppo·
1037 1378 1080 1432 13.
1096 1377 1240 1438 Probatur
1256 1380 1282 1431 tr
1297 1376 1371 1444 Ouia
1385 1377 1527 1434 asserenti
1542 1393 1607 1434 eam
1625 1395 1642 1433 a
1664 1379 1697 1434 S.
1721 1378 1828 1434 Firmi-

125 1472 200 1523 nunt
214 1467 413 1523 authenticam
427 1483 434 1534 ;
450 1467 502 1522 sed
518 1470 692 1522 tamencum
707 1482 724 1521 a
745 1470 773 1520 S.
804 1465 947 1538 cypriano
1000 1466 1078 1521 liano
1092 1465 1230 1538 scriptam
1246 1466 1338 1522 luisse
1358 1466 1503 1523 incumbit
1518 1466 1650 1540 probatio
1668 1468 1750 1538 (28);
1767 1467 1829 1522 hac

125 1558 248 1613 stirace
265 1555 384 1611 latinam
401 1557 506 1611 tactam
521 1572 585 1612 esse
600 1560 717 1629 negant,
744 1555 813 1627 quia
830 1571 886 1610 non
902 1556 947 1609 est
1001 1554 1063 1610 fieri
1082 1555 1168 1610 debet
1182 1571 1234 1628 per
1248 1559 1338 1612 testes
1353 1573 1472 1624 ccavcs,
1488 1555 1531 1611 vel
1547 1556 1682 1629 proxime
1697 1573 1830 1626 coaevos,

124 1640 289 1701 verosimile
305 1661 311 1701 :
330 1646 358 1699 1ο
373 1645 451 1717 quod
472 1646 502 1700 S.
527 1644 688 1717 Cyprianus
713 1660 830 1716 operam
861 1660 946 1699 suam
1000 1643 1030 1698 hi
1046 1642 1163 1716 penitus
1179 1643 1337 1702 deliciunt:
1356 1661 1424 1699 nam
1446 1661 1541 1717 neque
1563 1644 1713 1700 Eusebius
1736 1650 1828 1701 Caesa·

124 1734 292 1806 impendere
308 1732 432 1789 voluerit
447 1737 479 1788 ut
494 1731 727 1789 iratiFirmiliani
738 1732 767 1788 in
783 1732 812 1788 S.
824 1732 945 1805 Stephe·
1000 1731 1118 1800 ricusis,
1144 1749 1237 1806 acque
1264 1733 1294 1790 S.
1326 1732 1531 1806 Hieronymus,
1555 1734 1607 1806 qui
1631 1750 1668 1789 cx
1695 1735 1829 1806 professo

125 1841 195 1878 aum
211 1838 317 1895 papam
333 1821 463 1878 convicia
484 1821 585 1877 Latine
604 1821 718 1877 reddita
738 1824 946 1894 spargerentur
1000 1824 1163 1876 tractarunt
1188 1821 1224 1877 de
1258 1820 1451 1894 scriptoribus
1484 1820 1707 1893 ecclesiasticis,
1734 1840 1829 1895 nequa

125 1912 214 1968 latius
230 1937 237 1980 ς
251 1911 282 1965 20
301 1910 380 1983 quod
406 1910 551 1983 interpres
573 1909 662 1966 luerit
683 1909 811 1982 epistola
833 1909 863 1965 in
888 1927 947 1983 qua
1000 1910 1029 1966 S.
1044 1909 1177 1982 Optatus,
1195 1927 1288 1983 neque
1303 1910 1333 1970 S.
1358 1910 1539 1984 Epiphanius
1563 1911 1599 1968 de
1623 1910 1679 1968 illa
1705 1912 1830 1985 epistola

126 2008 266 2073 tanquam
283 2016 317 2057 ex
331 1999 421 2071 hujus
436 2003 534 2056 mente
544 2015 577 2055 ac
587 1999 732 2055 sententia
742 2002 865 2072 negatur
879 2016 947 2073 apc-
1000 2015 1064 2069 qua
1081 1998 1204 2055 maxime
1215 1999 1327 2056 famosa
1341 1998 1748 2073 luisset,ullam1mentionem
1760 2002 1832 2059 lece·

125 2090 267 2147 stolorum
299 2089 482 2161 temporibus
512 2088 665 2146 haereticos
701 2088 847 2145 exstitisse
870 2089 946 2160 (vide
1000 2092 1079 2142 runt.
1096 2087 1151 2143 Sed
1169 2104 1262 2159 neque
1278 2088 1406 2145 haretici
1420 2089 1470 2161 qui
1493 2089 1598 2145 saeoulc
1624 2107 1656 2145 ιιι
1684 2093 1831 2149 ctvreba

124 2180 341 2236 dicendanum.
356 2178 414 2248 27),
430 2193 496 2232 cum
522 2176 636 2250 ipsein
661 2176 785 2249 epistola
807 2177 842 2232 ad
864 2181 947 2233 Pom·
1002 2176 1160 2248 plicabant,
1177 2181 1210 2232 ut
1235 2176 1410 2233 Lucileriani
1434 2195 1451 2233 a
1475 2178 1505 2235 S.
1530 2178 1711 2253 Hieronymo
1732 2181 1830 2255 exagi-

124 2268 223 2340 peium
238 2267 419 2323 contrarium
435 2265 621 2337 asseruisset,
636 2268 810 2337 tantumque
825 2265 947 2322 dixisset
1001 2265 1064 2332 tati,
1082 2265 1270 2323 Donatistae
1287 2271 1316 2320 8.
1332 2266 1497 2341 Augustino
1523 2267 1559 2323 ob
1583 2268 1830 2342 anabaptismum

124 2362 227 2429 postea
240 2355 328 2411 etiam
348 2354 474 2411 acriores
489 2371 578 2426 quem
594 2344 668 2427 quos
683 2353 806 2427 apostoli
823 2355 945 2411 damna·
1000 2353 1168 2424 expugnati,
1184 2369 1314 2425 unquam
1329 2353 1365 2409 ad
1381 2354 1471 2410 latam
1483 2354 1649 2411 l'irmiliani
1667 2356 1829 2429 Epistolam

124 2451 204 2514 runt,
221 2443 400 2517 prorupisse.
418 2443 488 2511 Quis
503 2447 600 2500 autem
617 2443 706 2499 latam
722 2443 875 2516 epistolam
892 2445 944 2501 La·
1000 2457 1063 2512 quar
1080 2440 1152 2513 ipsis
1167 2442 1295 2499 maximo
1311 2442 1417 2499 suisset
1431 2443 1582 2516 prasidio,=
1594 2461 1778 2518 provocasse
1793 2447 1829 2504 le·

125 2535 241 2591 tinitatc
256 2533 417 2604 donaverit,
433 2531 564 2588 divinare
579 2531 643 2588 ausi
658 2549 716 2588 acu
727 2537 806 2588 sunt.
1000 2530 1182 2602 guntur.Hoc
1190 2547 1286 2587 meum
1297 2537 1504 2604 argumentum
1515 2535 1691 2606 negativum
1704 2551 1739 2591 rx
1746 2536 1829 2593 silen-

159 2623 203 2679 12.
221 2620 365 2678 Omnibus
379 2621 435 2677 rite
459 2619 610 2694 perpensis
633 2626 756 2677 restaret
777 2621 945 2692 dicendum,
999 2619 1038 2674 tio
1052 2620 1544 2678 omniurnveterumcathuliccrum
1556 2627 1585 2679 et
1594 2624 1827 2683 acatholicorum

124 2711 278 2785 epistolam
298 2709 523 2767 l'irmilianicum
550 2728 606 2765 non
630 2715 688 2765 aS.
714 2711 867 2784 Cypriano,
894 2715 945 2770 sed
999 2706 1205 2781 depromptum
1219 2708 1291 2764 mihi
1308 2709 1423 2766 videtur
1441 2710 1562 2766 maximi
1582 2728 1651 2770 esse
1668 2715 1827 2786 ponderis,

124 2803 249 2874 quodam
264 2800 363 2873 ignoto
374 2799 557 2855 honrinesub
569 2799 759 2857 restabatina
774 2802 945 2874 productam
1000 2796 1139 2853 confiteor
1156 2802 1263 2868 tamen,
1277 2799 1354 2870 quod
1372 2816 1427 2855 non
1453 2799 1538 2872 plene
1562 2802 1705 2872 probaret
1731 2820 1827 2859 meum

124 2891 224 2948 tuisse.
241 2889 297 2946 Sed
310 2906 366 2961 quo
384 2890 540 2961 temperet
556 2888 609 2955 Qui
627 2889 739 2961 primus
763 2907 827 2946 eam
844 2895 944 2962 protu—
1000 2887 1156 2955 intentum,
1174 2886 1199 2943 si
1213 2886 1257 2941 vel
1272 2904 1365 2943 arnum
1381 2888 1507 2944 solidum
1524 2897 1739 2962 argumentum
1757 2893 1828 2965 posi·

124 2981 168 3048 lit,
194 2995 283 3053 quam
307 2978 398 3034 Greci
422 2976 567 3045 nesciunt,
593 2976 690 3034 latini
708 2977 832 3051 antiqui,
860 2983 890 3035 ut
915 2981 944 3038 S.
1000 2974 1091 3030 tivum
1107 2992 1142 3030 ex
1155 2975 1329 3048 antiquitate
1345 2977 1560 3033 desumendum
1577 2981 1691 3051 opponi
1709 2985 1826 3054 posset,

124 3070 247 3142 Optatus
262 3065 457 3133 Hilevitaaus,
471 3065 673 3138 Hieronymus,
685 3068 877 3140 Augustinus,
888 3072 942 3126 etc.
1000 3065 1051 3121 sed
1069 3083 1161 3138 usque
1177 3066 1262 3122 mcdc
1280 3083 1337 3123 non
1354 3067 1449 3139 potuit
1465 3067 1588 3124 inveniri
1603 3087 1610 3138 ;
1629 3087 1711 3126 nam.

124 3161 297 3231 ignorarunt
311 3155 325 3211 t
339 3156 400 3212 lmo
415 3154 630 3212 ineditionibus
643 3157 858 3230 typographicis
868 3143 982 3215 sati-tl
1036 3155 1080 3211 ll.
1105 3154 1329 3212 Eruditissimus
1351 3157 1433 3212 ioan.
1464 3157 1641 3213 Laurentius
1667 3160 1747 3216 Berti
1773 3161 1826 3235 (29)

124 3246 278 3320 quioribus
305 3262 363 3302 nou
391 3243 556 3315 comparuit
593 3244 670 3301 inter
710 3262 799 3317 opera
826 3246 943 3319 Cypria·
998 3260 1063 3300 curn
1079 3243 1148 3299 totis
1163 3243 1274 3299 viribus
1295 3243 1478 3300 authentiam
1494 3245 1560 3304 latae
1574 3247 1711 3320 epistolas
1729 3256 1825 3306 contra

124 3336 190 3392 nica
218 3335 285 3407 (25).
301 3332 441 3390 Morellus
461 3337 507 3389 est
529 3333 643 3405 primus
664 3334 714 3406 qui
736 3351 801 3390 eam
824 3336 944 3393 Parisiis
999 3332 1203 3405 Raymcndum
1219 3332 1384 3389 Missorium
1400 3335 1456 3406 (30)
1473 3335 1631 3393 defendere
1647 3344 1824 3396 conatusest

124 3424 284 3498 publicavit
299 3439 375 3479 anno
395 3424 461 3477 1561
477 3423 551 3496 (26);
567 3439 661 3479 eauec
675 3422 849 3496 stylum,uec
865 3428 944 3481 trac·
999 3420 1121 3478 adduxit
1140 3439 1265 3494 sequens
1281 3423 1376 3495 quoad
1392 3424 1588 3482 substantiam
1614 3435 1822 3500 argumentum

126 3532 190 3570 cam
213 3512 370 3570 dictionem
395 3510 506 3568 redolet
531 3512 596 3583 (27).
622 3512 804 3584 Expedisset,
833 3513 874 3571 ait
892 3515 944 3571 Pa·
999 3526 1052 3567 ceu
1078 3508 1293 3567 validissimum
1320 3527 1327 3567 ι
1352 3535 1366 3562 a
1393 3511 1446 3568 llla
1471 3513 1596 3585 epistola
1620 3519 1678 3573 suh
1709 3520 1824 3574 numine

127 3603 290 3673 melius,ut
313 3618 465 3673 uunquam
494 3600 595 3658 181116
624 3601 702 3657 edita
728 3602 842 3663 luisset.
874 3604 945 3678 drgo
999 3597 1159 3656 Firmillani
1178 3600 1426 3674 lssOOreperitur
1453 3602 1483 3658 in
1509 3604 1599 3661 variis
1625 3605 1825 3672 bibliothecis,

163 3821 219 3890 (2³)
232 3819 324 3886 Hujus
340 3817 536 3889 fragmentum
551 3816 658 3872 videsis
674 3818 855 3874 inbreviaric
870 3820 944 3876 llorn.
1000 3813 1099 3888 gulam
1123 3814 1362 3886 frequentissime
1389 3815 1583 3899 delinquitur.
1615 3819 1649 3875 H.
1679 3836 1710 3894 g.
1740 3839 1827 3896 nuper

127 3894 287 3949 deOomm.
302 3895 418 3961 Martyr.
434 3895 524 3958 temp.
542 3888 657 3954 Pasch„
672 3890 766 3945 21000
791 3889 819 3944 in
836 3892 854 3944 2
878 3910 945 3948 noc·
1001 3903 1077 3942 anuo
1099 3885 1177 3953 1788,
1196 3887 1341 3942 Antonius
1365 3886 1448 3959 Vogt.
1473 3905 1503 3944 ιιι
1531 3905 1587 3945 suo
1616 3895 1825 3950 commentario

128 3973 205 4021 turn.
223 3965 294 4020 ltem
310 3962 345 4017 de
358 3964 468 4017 Comm.
487 3960 606 4032 virgin„
621 3961 638 4013 2
655 3960 728 4016 loco.
1001 3956 1215 4030 scripturisticc
1238 3957 1393 4031 Mogontia
1407 3957 1484 4014 edito
1507 3959 1616 4016 iterum
1639 3967 1825 4036 pertractarit

162 4034 301 4107 (21)Αεια
324 4032 449 4088 Sanctor.
473 4032 564 4103 Sept,
590 4039 661 4086 tom.
689 4049 726 4095 iv,
755 4032 790 4087 ad
821 4033 896 4089 diem
914 4035 946 4089 11
1002 4029 1083 4084 illam
1113 4027 1332 4085 celeberrimam
1362 4031 1577 4101 questionem:
1596 4034 1637 4088 An
1669 4035 1783 4105 cephas,
1808 4053 1824 4092 a

125 4109 203 4180 Sept.
220 4105 247 4161 in
264 4107 292 4160 S.
310 4104 462 4176 cypriano,
479 4120 548 4158 num
575 4104 636 4157 222.
1001 4100 1092 4157 Paulo
1115 4101 1263 4156 Antiochiae
1291 4101 1469 4172 redarputau,
1490 4105 1527 4158 sit
1551 4104 1679 4160 Petrus?
1698 4108 1750 4164 Vel
1767 4110 1824 4164 :ln

159 4180 216 4249 (25)
232 4177 311 4249 Apud
324 4176 486 4230 Manutium
503 4193 560 4230 noa
577 4175 712 4237 hahetur,
738 4191 831 4246 neque
848 4175 875 4230 in
890 4177 948 4231 cdi·
1001 4174 1180 4228 Petrusciroa
1194 4173 1274 4242 fidem
1288 4175 1436 4244 peccauerit
1450 4176 1464 4227 t
1478 4175 1603 4247 Vogtius
1625 4179 1738 4235 asserit
1748 4180 1823 4236 affir-

125 4250 205 4306 tione
221 4247 378 4304 basileensi
392 4250 428 4302 de
443 4263 518 4302 anno
536 4247 614 4309 1558,
637 4263 725 4319 quarn
745 4248 863 4302 Formas
877 4248 946 4304 Hot·
1002 4244 1147 4299 mandes.
1164 4247 1281 4298 Petrum
1297 4259 1361 4300 esse
1376 4243 1427 4327 qui
1449 4248 1624 4318 peccaverit,
1653 4250 1730 4321 quin
1758 4251 1823 4307 satis

126 4323 377 4379 tercdamussnno
393 4319 462 4373 1519
477 4334 511 4374 ex
526 4318 620 4373 trihus
636 4317 824 4385 editionibus,
843 4319 946 4375 Roma·
1000 4317 1113 4388 probet.
1131 4315 1170 4370 ld
1186 4314 1265 4370 illam
1283 4316 1585 4389 objectionem,Alr'qai
1597 4327 1705 4391 aequat
1717 4329 1823 4379 Perrnn

125 4412 171 4461 na,
188 4391 316 4448 Badiana
332 4394 360 4446 et
374 4390 503 4462 quadarn
520 4388 577 4445 alia
592 4389 689 4461 (cujus
704 4405 809 4446 nomen
827 4391 945 4463 excidit)
1000 4388 1042 4442 uel
1056 4402 1177 4459 unquam
1191 4387 1280 4457 tuisse
1294 4389 1444 4445 „thuraria
1464 4390 1625 4462 respondet
1640 4409 1647 4448 ε
1666 4395 1705 4450 lli
1717 4404 1822 4466 necant,

124 4481 157 4519 ac
169 4462 380 4521 vetustissimis
405 4461 556 4518 codicibus
578 4460 795 4531 lemblacensi„
820 4461 943 4519 adorna·
999 4458 1046 4515 ced
1059 4474 1113 4514 non
1125 4457 1259 4530 probant.
1276 4457 1374 4523 Qualis
1393 4461 1511 4516 criticus
1523 4461 1531 4516 l
1545 4466 1595 4518 Aa
1622 4479 1695 4536 ergo
1719 4468 1824 4539 manati

121 4534 173 4591 vit.
960 4515 983 4580 b
997 4533 1102 4602 facturn
1116 4529 1260 4585 incumbit
1275 4529 1430 4602 probatio?

67 4662 74 4672 ,
156 4606 214 4676 (26)
232 4605 324 4676 Oupin
342 4604 471 4661 arctiora.
487 4619 541 4660 non
558 4608 629 4658 tom.
656 4603 678 4670 l,
705 4603 785 4659 verb.
811 4602 942 4675 Cypricn.
1035 4603 1091 4674 (29)
1107 4600 1184 4657 Berti
1198 4600 1250 4657 lib.
1266 4618 1331 4656 xxxi
1346 4599 1379 4657 dc
1394 4601 1562 4674 Theologicis
1576 4604 1741 4689 disciplinis
1754 4610 1821 4676 cli,

122 4677 170 4733 ubi
189 4683 318 4733 recenset
332 4676 476 4732 editiones
491 4676 523 4730 17
542 4674 763 4800 typographicae
775 4675 944 4756 blcrelliana
1000 4690 1028 4728 u.
1043 4673 1125 4756 5,,αᾲ
1139 4689 1227 4755 quem
1242 4670 1340 4755 lecum
1356 4689 1424 4730 suos
1439 4672 1564 4756 lectores
1580 4681 1710 4735 remittit
1734 4682 1762 4736 in
1775 4696 1821 4735 suc

120 4749 293 4805 vetustiores
307 4748 336 4803 in
351 4747 458 4819 quibus
479 4747 604 4819 epistca
626 4745 787 4802 Firmilianr
812 4748 942 4804 nonduin
998 4746 1141 4800 Briorarrc
1155 4745 1283 4802 Hutorrae
1302 4745 1608 4814 transsuere-aedito
1636 4766 1720 4809 anno
1751 4753 1822 4821 1761,

119 4819 298 4893 apparuerit.
677 4875 680 4879 ,
998 4820 1179 4888 pertractans
1194 4815 1351 4872 hisauriam
1367 4816 1463 4873 saeculi
1479 4834 1521 4873 ιιι.

154 4894 211 4963 (27)
233 4893 394 4963 Opportum
417 4889 562 4945 succurrit
585 4891 620 4943 cl.
646 4887 796 4944 Dumesuil
823 4907 837 4944 e
867 4889 941 4946 cele·
1032 4889 1088 4957 (30)
1113 4887 1201 4944 Porro
1224 4887 1377 4944 Missorias
1400 4889 1561 4946 exordiae
1589 4893 1819 4950 Consentialium

119 4958 671 5024 berimasocietateiesu,hocseculc
696 4977 766 5016 xviri
783 4960 941 5018 inuuivcr-
997 4957 1194 5015 nitidissimus
1209 4959 1333 5031 scriptor
1347 4978 1423 5017 anno
1439 4961 1509 5017 1733
1532 4960 1712 5024 Firmiliano
1740 4968 1818 5022 latam

118 5036 204 5092 sitate
218 5033 454 5109 Argentoratensi
471 5029 620 5086 Catholica
642 5031 846 5102 cancellarius,
864 5033 883 5088 l.
899 5050 940 5089 vu
995 5029 1148 5101 epistolam
1163 5030 1350 5101 abjudicavit,
1366 5049 1398 5088 ao
1415 5031 1490 5088 ultra
1506 5048 1689 5106 progressus
1707 5039 1818 5107 insuper

117 5110 149 5163 de
165 5110 293 5164 doctrina
317 5117 342 5161 et
365 5105 516 5175 Disciplina
538 5102 705 5175 Ecobsiae,§
730 5104 774 5169 tc,
800 5103 841 5159 ita
867 5105 938 5159 scri·
995 5103 1121 5158 asseruit
1136 5103 1817 5174 totamrebaptizantiumhistcriamabliuscbio

117 5180 190 5236 bens
206 5197 212 5236 :
229 5180 365 5236 Situmen
379 5177 502 5247 epistola,
517 5190 576 5246 qaue
599 5176 648 5229 cub
670 5176 831 5230 Firrniliaai
848 5179 937 5232 nonii·
994 5173 1085 5229 fuisse
1112 5175 1279 5244 contictam,
1298 5179 1327 5230 et
1349 5178 1385 5231 ab
1409 5175 1534 5233 Eusebio
1561 5179 1658 5236 luisse
1686 5182 1814 5254 deceptos

116 5268 151 5305 rre
166 5251 340 5319 intermeat
355 5250 478 5317 perruina
492 5267 501 5314 ,·
515 5247 586 5302 lione
600 5246 736 5316 tyriorauit
757 5248 799 5301 du
819 5249 936 5316 actium,
993 5246 1022 5300 S.
1042 5243 1178 5301 basilium
1200 5249 1237 5301 Μ.
1263 5251 1291 5302 et
1312 5253 1431 5303 anteros
1455 5246 1625 5306 Catholicae
1641 5254 1698 5324 qui
1722 5261 1813 5326 postea

115 5325 221 5391 primus
240 5323 325 5379 edidit
351 5321 475 5377 lloreltus
497 5318 662 5382 Caluinisto,
677 5333 727 5373 aee
748 5265 862 5390 alpium,
888 5335 938 5375 aec
992 5316 1116 5373 laverint
1134 5317 1390 5399 rebaptizantibus.
1408 5317 1489 5375 absit
1512 5323 1547 5374 ut
1566 5318 1638 5378 huic
1655 5323 1760 5381 ultimo
1774 5339 1814 5380 us·

117 5392 238 5449 Graiam
248 5394 451 5450 distinctionem
460 5390 701 5455 redolet,oeerlrior
709 5393 736 5444 et
747 5389 829 5457 plena
843 5399 938 5446 contu·
991 5394 1069 5445 serto
1083 5393 1263 5445 consentiam
1278 5407 1285 5458 ;
1302 5406 1404 5446 censeo
1419 5389 1643 5463 interpolatam,
1661 5412 1716 5452 sen
1731 5397 1811 5452 Euse-

115 5465 216 5529 rnelr‘is,
230 5468 323 5521 atiena
338 5466 444 5521 ametur
456 5481 474 5519 a
487 5461 700 5518 mansuetudine
719 5461 894 5518 Chastiaaa:
904 5479 936 5517 aa·
990 5459 1038 5516 bic
1053 5462 1247 5533 suppositum,
1259 5462 1334 5533 quod
1352 5460 1446 5518 lusius
1456 5463 1615 5521 ostendam
1632 5465 1665 5524 in
1681 5468 1811 5525 disserta·

112 5536 230 5607 proinde
252 5539 344 5593 minor
368 5537 532 5595 warenieas
559 5533 726 5591 Firmiir'ano
751 5539 845 5592 sancto
876 5536 935 5607 epi·
989 5531 1068 5591 tioae
1083 5530 1226 5608 singulari
1250 5533 1285 5592 de
1305 5533 1430 5593 Eusebio
1451 5533 1489 5591 ab
1510 5533 1664 5599 hereticis
1688 5540 1805 5615 interpo-

113 5621 206 5774 κοβὲ)
221 5678 325 5743 coctu
340 5678 417 5740 benc
435 5676 551 5738 critices
573 5679 602 5734 ct
627 5675 782 5753 utriusque
797 5675 872 5752 juris
887 5692 931 5736 rc·
988 5601 1057 5663 mo·
