3892 6104
113 273 192 338 {235
647 275 698 337 Di]
720 273 1014 337 HAERE'l'lCORUM
1037 274 1291 339 snarlsnsru
1742 280 1817 340 {238

113 407 300 481 baptismate,
315 410 344 462 et
357 406 433 464 viam
450 425 528 463 nova
544 412 573 464 et
594 425 667 464 vere
687 409 785 481 grstia
799 413 934 480 prester·
949 410 977 476 Α
990 424 1025 464 ee
1038 425 1111 482 aqna
1125 418 1151 467 et
1160 410 1274 483 Spiritu,
1289 428 1344 468 non
1354 415 1441 484 potest
1451 414 1574 469 introire
1591 386 1754 483 inrecisum
1767 429 1817 469 ce·

113 502 230 562 ueneat
244 496 422 568 baptismate
433 498 510 569 quod
523 497 642 553 interim
654 498 898 570 exercebstsqua
911 501 941 554 et
995 499 1083 556 loram
1097 499 1185 570 (ioan.
1203 518 1245 569 ιιι,
1262 502 1288 569 3,
1303 501 1342 573 5).
1358 502 1399 557 iix
1424 518 1482 574 quo
1506 502 1664 557 manifesto
1689 507 1818 574 apparat,

113 585 290 659 paenitentia
302 585 411 642 sensim
425 602 511 642 suras
520 586 690 643 iudeorum
709 587 941 658 praveniebstei
994 585 1036 641 illi
1048 587 1194 659 baptisma
1207 591 1302 645 solum
1314 591 1513 663 prodesse,cui
1526 591 1621 663 possit
1632 591 1721 647 etism
1733 591 1820 662 Spiri-

114 675 277 746 oeoupsbst
288 673 621 747 spiritalisbaptismstis
640 675 941 732 tuturisnnuniialio·
995 679 1043 731 tus
1058 681 1178 733 sanctus
1193 679 1307 735 inesse:
1324 696 1414 753 super
1437 680 1536 753 ipsam
1560 678 1640 737 enim
1654 679 1819 749 Dominum,

116 764 943 836 ne,adhortanseosetdicens:Qaipostmevenitfortiorme
996 779 1063 819 cum
1080 765 1285 837 baptizaretur,
1301 767 1440 840 Spiritum
1463 772 1598 824 sanetum
1624 768 1820 836 descendisse,

115 863 167 924 est,
190 855 268 926 cujus
291 869 339 922 epo
363 869 418 910 non
445 869 509 909 sam
535 853 635 924 dipsas
664 855 813 925 corripiam
835 855 941 910 calcea·
997 853 1164 925 tactumque
1179 855 1242 926 ejus
1254 861 1342 928 atque
1354 857 1463 913 dictum
1478 857 1823 930 paritercongruere,neo

117 944 203 1000 menti
215 943 329 999 solvere.
346 944 405 1015 lpse
416 959 463 999 vos
482 943 671 1014 baptizabitis
690 942 797 1013 Spiritu
812 951 904 999 sancto
919 950 944 1000 et
998 941 1055 997 slis
1070 942 1130 999 ulls
1140 944 1254 1002 ratione
1269 944 1440 1018 mysterium
1455 946 1534 1003 istud
1544 962 1631 1019 posse
1652 947 1823 1003 consistere.

118 1034 181 1107 ipni
191 1033 342 1106 (Mottiana,
360 1035 388 1088 tl
405 1051 411 1100 ;
428 1035 511 1089 liare.
528 1052 548 1102 1,
564 1035 600 1103 73
617 1035 681 1090 Luc.
699 1040 741 1104 ιιι,
757 1034 808 1091 id:
823 1039 905 1092 toan.
923 1052 942 1103 ι,
998 1029 1051 1087 Cui
1067 1048 1206 1104 responso
1216 1050 1302 1090 nemo
1314 1039 1448 1091 nostrum
1466 1035 1588 1092 ndeoila
1605 1035 1730 1092 insanus
1745 1052 1824 1108 repe-

117 1122 698 1195 Yl).Propterquodnobisquoquehujus
709 1123 944 1179 sermonisoraus
999 1119 1074 1176 rilur
1089 1126 1139 1176 ant
1154 1127 1357 1194 coutums1,ut
1371 1125 1478 1181 audeat
1491 1129 1594 1182 eontra
1609 1126 1656 1181 tas
1666 1129 1717 1180 aul
1727 1130 1827 1181 contra

119 1210 533 1284 hincinciperedebebit.Nam
545 1220 570 1268 et
580 1212 719 1268 Dominus
730 1213 944 1269 hauceamdem
999 1227 1098 1267 verum
1112 1215 1308 1271 contradicere
1319 1232 1326 1282 ;
1339 1214 1451 1272 scilicet
1463 1216 1550 1273 rebus
1565 1216 1690 1290 integris
1704 1220 1734 1271 et
1748 1216 1827 1272 omni

119 1318 218 1359 vocem
231 1300 355 1357 ioannis
370 1305 437 1374 post
452 1317 537 1357 susm
561 1301 804 1359 resurrectionem
820 1302 849 1357 in
865 1301 945 1358 Actis
1001 1301 1088 1358 modo
1101 1301 1139 1358 ita
1154 1302 1184 1359 in
1198 1302 1327 1360 Ecclesia
1341 1304 1481 1377 gerundis
1503 1308 1533 1361 et
1558 1305 1724 1362 seeundum
1741 1304 1827 1360 disci·

122 1390 322 1465 apostolorum
340 1394 528 1457 contirmans,
543 1393 675 1463 pracepit
689 1392 728 1447 eis
742 1391 776 1446 ab
788 1392 946 1463 Hierosoly·
1002 1390 1087 1463 plina
1103 1391 1235 1447 ordinem
1247 1397 1386 1465 perpetuo
1402 1392 1514 1450 anobis
1529 1393 1794 1451 consumsisset
1804 1393 1828 1449 si

120 1481 174 1538 mis
185 1497 240 1537 noa
250 1479 398 1546 discedere,
408 1479 453 1536 sed
468 1488 625 1552 exspectare
638 1478 721 1536 illem
735 1481 947 1552 promissionem
1001 1478 1032 1534 in
1047 1480 1148 1536 eodem
1163 1480 1241 1536 Novo
1256 1481 1445 1538 Testamenta
1461 1481 1523 1537 hec
1539 1498 1606 1554 quas
1619 1481 1651 1537 in
1667 1482 1726 1537 isto
1741 1497 1829 1554 nego·

122 1572 214 1629 Patris
229 1586 310 1642 qnam
323 1568 441 1625 audistis
456 1586 473 1625 ιι
494 1584 547 1637 me,
564 1571 631 1642 qnia
643 1570 762 1626 loannes
778 1570 887 1642 quidem
900 1571 947 1626 ba·
1001 1567 1042 1624 tio
1054 1568 1299 1639 deprehendimus
1311 1570 1669 1644 adunata,uonuunquam
1682 1570 1830 1642 reperian-

120 1660 239 1734 ptiaaoit
248 1675 331 1731 aqua,
345 1673 391 1713 vos
400 1665 494 1714 uatem
506 1658 717 1731 baptizabimini
725 1659 834 1728 Spiritu
843 1665 945 1726 sanem,
1002 1659 1050 1712 tur
1060 1657 1188 1729 quodam
1199 1658 1286 1714 modo
1303 1657 1396 1715 divisa
1406 1676 1439 1715 ac
1452 1663 1587 1731 separata
1597 1665 1626 1715 at
1636 1658 1762 1730 proinde
1771 1659 1830 1715 dia·

121 1766 177 1806 non
190 1757 250 1821 post
265 1747 364 1804 maltos
378 1747 426 1802 bos
439 1747 497 1803 dies
512 1747 587 1820 (Aet.
605 1765 625 1816 1,
643 1747 668 1818 l,
685 1747 724 1817 5).
751 1747 883 1819 Itemque
899 1751 950 1804 Pe·
965 1779 989 1844 B
1003 1746 1098 1818 posita
1111 1750 1199 1819 atque
1212 1746 1236 1803 si
1249 1745 1706 1819 siutsinguls;videamusutrum
1719 1748 1830 1821 possint

122 1844 187 1895 trus
198 1836 395 1895 eadsmvarba
403 1835 515 1893 Domini
529 1835 849 1910 percensuit,rationem
859 1853 950 1907 prose
1004 1849 1069 1890 esse
1081 1833 1240 1906 aliquando
1254 1834 1342 1892 etism
1367 1835 1557 1910 singulariter
1580 1835 1726 1902 solitaria,
1749 1835 1830 1908 qussi

124 1928 202 2001 apud
217 1924 370 1999 Apostolos
383 1924 639 1982 reddensdioendo
648 1927 831 1982 :cremantem
845 1926 949 1997 incipe·
1005 1923 1132 1980 nonsint
1141 1923 1308 1991 mutila‚sed
1321 1925 1584 1999 tanqusmintagrs
1594 1925 1826 1998 siqueportocts.

125 2033 185 2075 rem
195 2017 273 2089 toqui
285 2031 344 2088 epo,
356 2016 443 2071 irruit
452 2014 572 2086 Spiritus
590 2018 796 2086 soaemsaper
809 2030 865 2079 vos,
880 2016 951 2070 sicat
1005 2012 1077 2069 Nam
1095 2028 1162 2068 oum
1178 2029 1230 2084 per
1244 2028 1350 2070 manus
1363 2013 1581 2087 impositionem
1596 2013 1730 2086 episcopi
1747 2014 1829 2070 datur

125 2111 154 2163 et
166 2121 306 2179 supernos
316 2105 507 2175 inprincipio:
522 2111 547 2159 et
557 2103 716 2160 recordatus
727 2119 951 2160 samsermonern
1005 2100 1164 2174 unicuique
1179 2102 1307 2158 credenti
1323 2102 1451 2175 Spiritus
1465 2108 1598 2168 sanctus,
1614 2103 1693 2159 sicut
1708 2102 1828 2176 apostoli

125 2197 239 2253 Domini
252 2201 323 2250 areat
333 2193 443 2250 dicebat
451 2194 577 2249 :ioannes
590 2191 700 2265 quidem
710 2193 858 2264 baptisavit
867 2208 949 2264 aqna,
1005 2190 1082 2246 circs
1096 2189 1295 2247 samaritanos
1319 2196 1386 2264 post
1402 2190 1529 2265 Philippi
1544 2191 1698 2265 baptisma
1712 2207 1828 2248 manum

126 2301 172 2342 nos
200 2287 291 2339 caum
320 2280 534 2352 baptizabimini
558 2280 665 2352 Spiritu
692 2288 795 2337 sancto.
824 2282 856 2336 Si
887 2296 953 2353 erpo
1005 2279 1048 2335 eis
1071 2279 1248 2352 imponendo
1273 2280 1412 2352 lecerunt,
1429 2285 1457 2336 et
1480 2280 1535 2336 hsc
1560 2280 1674 2337 ratione
1690 2280 1828 2353 Spiritum

126 2371 345 2447 {equaledonnm
355 2370 432 2427 dedit
447 2371 487 2426 cis
496 2372 601 2426 sicatet
619 2369 696 2426 nobis
717 2369 888 2427 credentibus
899 2375 952 2426 Do·
1006 2372 1140 2425 sanctum
1157 2367 1185 2424 in
1200 2384 1250 2426 eos
1264 2368 1551 2442 contulerunitquod
1576 2373 1610 2425 ut
1636 2369 1699 2426 fleri
1726 2374 1829 2442 posset,

126 2465 237 2520 minum
247 2463 337 2519 tesam
353 2459 504 2525 Christum,
519 2475 568 2531 epo
596 2461 657 2530 qais
679 2475 766 2529 mam,
781 2461 830 2531 qai
847 2475 953 2532 possem
1006 2457 1063 2531 ipsi
1078 2474 1130 2530 pro
1146 2457 1189 2515 eis
1202 2463 1357 2514 oraverunt
1368 2476 1376 2527 ;
1388 2459 1519 2515 nondum
1535 2458 1615 2516 enim
1630 2474 1724 2531 super
1738 2475 1830 2532 quam-

124 2551 268 2625 probibere
281 2550 416 2606 Domino?
428 2548 497 2618 (Act.
513 2565 554 2615 xi,
571 2547 725 2621 l5-17.)St
748 2547 876 2605 ilerum:
896 2547 953 2606 Viri
1006 2561 1093 2618 quam
1108 2563 1208 2602 eorum
1225 2546 1720 2620 descendersti8)Spiritus,tantum
1737 2552 1828 2605 sutem

124 2641 239 2716 fratres,
254 2640 330 2695 scitis
345 2638 444 2710 quiea
463 2636 564 2693 diebus
585 2637 710 2710 antiquis
734 2638 765 2692 in
784 2637 862 2693 nobis
882 2638 953 2693 Deae
1007 2635 1142 2706 baptisati
1159 2639 1243 2691 arant
1257 2635 1287 2691 in
1303 2636 1422 2693 nomine
1445 2635 1560 2693 Domini
1583 2635 1679 2710 iesu),
1694 2637 1829 2694 Dominus

125 2732 208 2802 clepit
220 2744 270 2800 per
283 2744 315 2783 os
327 2742 419 2783 meam
434 2725 529 2782 audire
552 2728 645 2794 pentes
667 2727 782 2782 ambram
799 2726 952 2799 isanpetii,
1007 2740 1124 2798 quoque
1139 2728 1239 2781 noster
1254 2729 1320 2798 post
1332 2726 1585 2797 resurrectionem,
1602 2742 1673 2781 cum
1690 2726 1829 2783 insultas·

126 2828 152 2877 et
166 2817 293 2876 medere:
308 2825 334 2873 et
348 2818 398 2889 qai
410 2814 492 2872 eorda
506 2815 581 2871 norit
603 2815 674 2872 Dens
689 2816 874 2872 testimoninm
887 2832 953 2888 per·
1008 2818 1052 2871 set
1066 2818 1096 2870 et
1108 2813 1230 2870 dixisset
1242 2813 1382 2886 apostolis
1397 2814 1477 2871 suis:
1488 2815 1611 2889 Accipite
1620 2815 1762 2888 Spiritum
1773 2832 1829 2873 sas·

127 2908 226 2975 tibuit,
242 2906 317 2963 dens
340 2907 379 2961 eis
408 2903 544 2977 Spiritum
572 2907 699 2960 sanctam
725 2904 798 2961 sicut
825 2912 851 2961 et
876 2905 954 2961 nobis
1007 2903 1185 2976 etum(toan.
1201 2920 1247 2970 xx,
1263 2902 1319 2977 22),
1334 2902 1375 2959 its
1401 2904 1520 2960 demum
1544 2902 1671 2976 lsrgitus
1688 2905 1732 2961 eis
1746 2903 1829 2977 Spiri-

127 2999 196 3070 (ιιι.
211 3013 258 3065 xv,
274 2994 302 3063 7,
317 2994 355 3067 8).
373 2997 412 3049 nc
437 2996 590 3066 propiores
604 2992 694 3064 hique
718 2992 869 3049 sententia
888 3009 953 3066 qua
1007 2997 1072 3050 tum
1089 2996 1233 3050 sanctum.

128 3087 168 3144 sit
181 3085 226 3140 ris
241 3088 270 3140 et
285 3085 423 3156 potestas,
440 3079 626 3137 considerare
641 3080 792 3138 debemus.
809 3080 856 3137 Ait
875 3081 954 3138 enim
1044 3081 1092 3139 1v.
1108 3085 1180 3138 Cum
1195 3081 1237 3137 its
1250 3080 1398 3138 invenitur
1412 3081 1462 3154 (9),
1479 3081 1548 3154 quid
1562 3080 1629 3150 tibi,
1645 3082 1748 3150 trater,
1762 3081 1830 3137 ride·

128 3171 376 3243 Dominuseisqui
385 3150 991 3243 postmodumbaptissrlhsberent,quiaG
1009 3172 1082 3227 tur?
1094 3170 1123 3227 Si
1140 3169 1278 3242 quianon
1293 3171 1331 3226 sb
1344 3171 1481 3242 episcopo
1490 3168 1716 3242 baptizatus,its
1730 3168 1829 3225 utalia

129 3266 280 3325 crederent
295 3261 484 3333 baptizandos
499 3274 573 3328 esse,
590 3276 648 3317 uon
672 3261 920 3334 quemadmodum
938 3280 955 3319 a
1009 3259 1168 3317 continenti
1183 3259 1271 3316 eiiam
1287 3274 1393 3314 manus
1416 3259 1442 3314 ei
1465 3258 1646 3330 imponatur,
1664 3259 1829 3332 priusquam

129 3372 159 3414 se
174 3355 204 3411 in
220 3370 299 3427 equs
312 3352 342 3408 in
359 3351 573 3426 paenitentiam,
589 3352 641 3408 sed
665 3351 695 3407 in
718 3350 826 3423 Spiritu
843 3356 955 3409 sancto.
1009 3353 1107 3405 tamen
1123 3346 1246 3421 accipiat
1260 3346 1401 3419 Spiritum
1417 3349 1552 3404 saucium
1567 3346 1658 3402 tuerit
1670 3347 1828 3414 detnnotus,

129 3446 237 3517 Deque
247 3440 452 3516 predicatione
462 3456 530 3497 oum
542 3440 645 3512 utique
655 3454 741 3497 nemo
751 3443 885 3497 nostrum
893 3455 958 3513 pos·
1011 3437 1114 3495 1188
1126 3441 1225 3494 ιιιιιιιιι
1236 3452 1355 3493 censeas
1366 3435 1492 3493 salutem
1508 3436 1679 3509 percepisse
1693 3452 1772 3501 eum,
1784 3449 1829 3492 nea

130 3535 170 3590 sit
184 3531 344 3603 ambigere,
361 3529 549 3585 manifestum
565 3533 610 3585 est
622 3545 681 3601 qus
700 3527 811 3585 ratione
822 3528 957 3587 homines
1012 3544 1058 3584 ne:
1071 3525 1209 3599 quoniam
1222 3524 1338 3597 quidem
1350 3529 1379 3581 et
1389 3523 1576 3598 ipsiapostoll
1588 3530 1619 3580 et
1635 3522 1827 3598 discipuli‚qui

130 3622 160 3679 ln
176 3620 277 3677 1187
308 3616 415 3691 Spiritu
444 3621 546 3674 sancto
575 3617 715 3690 baptizati
741 3616 810 3674 sint.
839 3617 912 3674 Nam
929 3622 958 3675 et
1012 3617 1099 3673 etism
1114 3614 1186 3671 alios
1201 3613 1397 3687 baptizabant,
1410 3613 1460 3685 qui
1470 3613 1732 3671 etiamaDomino
1747 3611 1827 3686 bspti-

130 3709 246 3786 propria
261 3707 291 3762 in
304 3706 368 3779 ipso
384 3705 445 3762 solo
468 3710 570 3762 sanolo
596 3705 702 3778 Spiritu
733 3706 872 3778 baptisati
888 3711 959 3764 sunt
1013 3705 1199 3776 satiildlpon
1211 3701 1457 3774 statimSpirltum
1469 3705 1603 3758 sanctum
1617 3698 1828 3775 acceperintqui

131 3799 181 3874 qui
198 3797 397 3860 crediderunt,
418 3795 488 3868 quis
511 3794 639 3851 ioannes
663 3793 801 3850 discrevit
824 3799 853 3850 el
876 3795 959 3867 dixit,
1014 3789 1828 3863 noudumerat(11)‚quinlesusnoudumtnerstolarillcs·

131 3889 231 3946 dicens
247 3902 278 3942 ss
294 3884 414 3958 quidem
430 3884 460 3939 in
477 3901 554 3956 aqua
569 3882 891 3957 baptizare‚venturum
908 3900 961 3941 su·
1015 3887 1064 3939 tus
1075 3883 1215 3955 (ioannis,
1226 3879 1273 3949 39)
1284 3897 1290 3935 :
1303 3880 1352 3936 sed
1362 3883 1429 3953 posl
1438 3879 1696 3937 Resurrectionem
1711 3881 1775 3951 ejus
1784 3892 1828 3934 nee

131 3982 190 4035 tem
205 3976 256 4048 qui
272 3975 302 4030 in
318 3973 430 4047 Spiritu
448 3977 549 4030 sancio
563 3972 692 4046 baptizet
703 3972 798 4045 grstia
812 3977 840 4029 et
855 3973 962 4032 virtute
1016 3967 1736 4042 modicumintervallumtemporisquoldgestum
1744 3966 1828 4032 estin·

132 4068 181 4125 Dei
199 4069 269 4122 sunt
289 4067 319 4119 et
342 4064 397 4119 hoc
420 4066 450 4119 et
472 4061 586 4119 occulta
607 4061 748 4134 largiente
770 4066 798 4118 et
813 4066 961 4139 operante,
1016 4059 1192 4119 tercesserit.
1207 4057 1296 4115 Sicuti
1311 4062 1341 4114 et
1354 4074 1421 4114 oum
1437 4057 1575 4131 baptizati
1592 4061 1666 4114 sunt
1679 4075 1697 4112 s
1709 4056 1827 4128 Philippo

132 4155 328 4214 nihilominus
344 4156 443 4210 sutem
458 4152 545 4213 eiiam
565 4151 595 4207 in
607 4151 785 4225 baptismate
804 4151 963 4224 spirituset
1016 4149 1201 4212 Samaritani,
1214 4149 1306 4205 donee
1324 4147 1487 4205 Samarism
1508 4147 1601 4220 rogati
1622 4145 1660 4203 ab
1678 4143 1826 4203 Jerusalem

133 4247 370 4320 squa,praterea
384 4240 471 4298 etism
486 4241 515 4297 in
532 4239 708 4314 baptismate
719 4239 884 4314 Spiritusin
894 4257 962 4297 ssu·
1017 4238 1141 4313 apostoli
1152 4236 1363 4294 descenderent
1377 4238 1412 4293 sd
1428 4234 1541 4305 illos,ut
1554 4236 1599 4292 eis
1614 4253 1738 4293 manum
1748 4236 1826 4305 impc-

136 4336 225 4412 guine
236 4331 353 4407 proprio
370 4330 615 4402 uniuscujusque,
629 4328 705 4386 sicut
715 4328 867 4386 declarant
877 4331 962 4387 nobis
1017 4333 1119 4386 nerent
1133 4331 1161 4384 el
1176 4326 1317 4398 Spiritum
1333 4331 1467 4382 sanatum
1484 4340 1535 4398 per
1554 4341 1664 4381 manus
1679 4322 1825 4398 impositio

137 4427 243 4482 sancta
259 4419 426 4494 Scriptura,
445 4436 569 4491 quarum
586 4434 638 4492 per
653 4417 770 4493 singula
783 4435 907 4492 quaqua
917 4435 962 4475 eo·
1018 4416 1122 4475 nemin
1135 4433 1185 4473 eos
1195 4415 1377 4472 conterrent:
1395 4413 1533 4487 quonism
1549 4414 1608 4486 (ts)
1623 4413 1676 4470 illo
1691 4408 1825 4469 intervallo

134 4529 202 4570 rum
217 4528 280 4584 qua
296 4508 501 4565 enarrabimus
525 4508 681 4565 afferemus
702 4509 872 4582 perspicuas
894 4525 960 4582 pro·
977 4523 1001 4589 D
1016 4505 1156 4578 temporis
1171 4504 1278 4577 aliquis
1288 4519 1389 4559 corum
1401 4520 1459 4559 uon
1470 4503 1595 4576 adeptus
1611 4501 1753 4576 Spiritum
1770 4515 1824 4556 ssu·

133 4601 279 4659 bstioues.
1017 4599 1109 4665 cium,
1125 4598 1219 4652 morte
1233 4593 1328 4666 potuit
1343 4592 1487 4665 intercipi,
1503 4596 1532 4648 et
1546 4591 1740 4649 defraudatus
1747 4587 1823 4663 psas

172 4691 220 4747 lli.
236 4690 279 4745 nd
295 4705 356 4760 que
378 4688 450 4744 torte
473 4692 516 4757 tu,
541 4687 592 4761 qui
616 4704 722 4745 novum
739 4686 809 4760 quid
835 4687 962 4759 inducis,
1017 4685 1145 4759 Spiritus
1159 4682 1251 4739 sancti
1268 4680 1397 4754 deluugi.
1414 4681 1495 4746 Quod
1506 4679 1651 4737 hodierna
1665 4693 1776 4753 quoque
1788 4674 1822 4731 dle

136 4779 275 4839 continuo
290 4776 479 4850 impatienter
494 4777 682 4849 respondeas,
699 4781 732 4833 ut
750 4775 837 4842 soles,
853 4777 963 4834 dixisse
1018 4792 1075 4833 non
1085 4769 1391 4848 potestdubitsriesse
1402 4771 1542 4827 usitatum
1553 4766 1818 4828 elevoniresolitum,

136 4871 167 4928 in
177 4866 330 4942 Evangelio
338 4866 511 4924 Dominum:
527 4868 587 4924 Nisi
594 4868 655 4938 qaia
671 4865 758 4923 deam
778 4869 859 4923 natas
877 4867 964 4940 suerit
1018 4870 1051 4921 ut
1067 4861 1197 4937 plerique
1212 4863 1278 4933 post
1292 4859 1439 4931 baptisma
1457 4858 1521 4915 sine
1537 4858 1723 4932 impositione
1736 4865 1818 4913 manus

840 5000 1007 5064 Variorum
1036 5002 1129 5060 nola.

174 5131 213 5203 (8)
227 5127 414 5186 descenderet.
429 5126 472 5183 its
493 5125 637 5200 Rigsllius
652 5129 680 5183 et
709 5124 816 5183 Fellus.
830 5126 867 5182 At
880 5124 964 5182 leu·
1019 5120 1138 5195 quidem
1152 5122 1210 5176 sint
1222 5119 1425 5201 importunum
1441 5117 1575 5202 copjiclo.
1673 5187 1678 5200 ι
1746 5183 1751 5195 ι

139 5204 202 5259 zius
216 5201 363 5259 ιιιιιιιινιιι.
1054 5193 1109 5264 (ll)
1120 5192 1244 5249 Nondum
1265 5200 1333 5247 erat.
1356 5190 1499 5246 Exciderat
1522 5192 1646 5245 tortasse
1661 5186 1813 5243 librarioru

175 5278 214 5345 (9)
231 5276 298 5330 Cum
313 5276 353 5329 ita
368 5273 520 5328 invenitur.
536 5269 714 5326 oxonienses
747 5273 793 5324 ost
808 5267 963 5339 liigsltium
1018 5265 1109 5332 datas,
1128 5281 1192 5336 qua
1209 5263 1373 5319 necessario
1397 5262 1531 5345 addenda
1549 5261 1665 5342 videtur
1678 5275 1711 5316 ex
1724 5254 1813 5333 vulpe

140 5346 182 5401 sic
196 5344 390 5416 distinguunt.
405 5340 541 5398 Balrrmus
555 5358 638 5397 vcro:
655 5344 694 5396 ita
715 5286 824 5396 ,gnum
848 5341 966 5408 turpisne
1019 5337 1186 5408 interprete.
1203 5336 1240 5390 Αι
1255 5335 1355 5416 eadelm
1371 5339 1482 5390 ratione
1501 5337 1612 5389 citatur
1624 5331 1681 5414 Ιιιιο
1695 5328 1767 5386 loeus
1782 5336 1811 5376 lt·

140 5419 180 5470 eis
194 5418 330 5485 Spiritum
344 5419 470 5470 sanctam
484 5430 545 5469 cum
560 5415 599 5469 ita
621 5415 769 5469 invenitur.
790 5410 845 5467 Sed
862 5412 890 5465 in
907 5410 963 5466 leo·
1020 5410 1072 5474 lrs,
1092 5424 1157 5478 esp.
1176 5407 1219 5461 li.
1236 5405 1289 5462 Ubi
1304 5405 1403 5461 videas
1419 5410 1518 5462 notam
1532 5403 1728 5461 leussaasm.
1766 5465 1770 5475 ¹

142 5486 220 5541 tione
235 5486 390 5542 Balnzians
407 5503 436 5542 re
458 5486 560 5542 etitum
577 5488 617 5540 ita
632 5485 737 5558 trigere
752 5482 875 5539 videtur.
1054 5479 1110 5549 (12)
1126 5480 1275 5548 moniam.
1293 5477 1454 5562 [tigellium
1473 5476 1628 5550 sequimur
1651 5478 1682 5532 et
1693 5476 1808 5531 moulon·

178 5556 268 5638 (topi
296 5559 408 5613 Domino
434 5503 577 5629 llpeieari
595 5558 638 5613 Its
662 5557 731 5612 edit.
756 5554 921 5629 Rigaltiaua
936 5556 965 5608 et
1019 5567 1066 5607 ses
1085 5550 1179 5607 salue.
1196 5549 1238 5606 vel
1252 5565 1393 5622 qnoniam.

144 5627 327 5683 oxoniensis.
344 5627 489 5698 leuaius,
504 5644 522 5683 n
536 5628 652 5684 Domino
674 5629 730 5684 sint
751 5627 893 5699 baptisati.
909 5623 963 5679 Ubi
