3900 6112
196 277 256 340 tbi
781 209 788 220 ν
841 262 893 323 olt
914 259 1065 325 aionon
1086 261 1257 325 OCTAVIO
1836 265 1896 328 m

196 401 455 484 poaleaauppllcla
479 398 630 458 reservari.
655 397 691 454 ut
712 410 784 455 aene
805 393 930 451 dubium
959 409 1017 450 non
1032 399 1059 464 Α
1073 393 1189 452 divinua
1203 396 1399 470 perseipsum
1423 413 1542 470 aemper
1566 398 1637 456 vivit
1663 414 1697 457 ao
1722 397 1805 475 viget
1830 399 1896 460 aina

196 501 250 566 eat,
265 494 337 570 quin
349 493 379 550 in
403 490 470 549 illua
493 489 660 546 hocerrore
682 484 795 559 aelpaoe
815 483 959 551 fallenter,
984 499 1018 541 ao
1072 481 1142 540 uilia
1156 482 1316 554 alimentis,
1332 501 1385 543 neo
1412 487 1572 544 admialum
1596 487 1684 546 habet
1699 489 1827 560 iunium,
1841 489 1895 547 aad

194 584 315 643 liberius
331 582 495 657 peccantes,
512 593 569 651 quo
583 577 708 645 terdiua,
722 591 755 632 eo
771 570 901 630 aeveriua
912 570 1019 643 justia·
1071 574 1117 629 eat
1129 588 1265 644 purueac
1279 573 1420 647 liquidae,
1435 580 1464 631 et
1477 576 1507 633 in
1527 593 1610 649 aque
1634 579 1755 635 modum
1770 578 1894 637 fluidus,

196 675 271 733 aimo
291 672 340 730 [lei
359 669 472 744 judicio
487 666 748 726 animadvertatur.
775 661 857 720 Unde
885 658 1019 718 Valeriua
1071 660 1132 718 lion
1148 660 1227 719 enim
1239 662 1267 719 vi
1290 662 1390 736 aliqua
1404 681 1523 722 auraum
1547 682 1648 723 veraua
1672 672 1805 741 urgetur,
1819 668 1898 726 aiout

195 764 340 824 blerimua
367 760 403 818 dc
430 755 568 832 Dionysio
595 755 847 830 Syracusanorum
875 753 1017 825 tyranno:
1073 751 1405 826 noelar...1demigitur
1431 752 1547 812 divinua
1570 754 1648 829 ignia
1663 757 1899 830 unaeademqua

198 857 326 922 «muto,
342 848 449 923 inquit,
478 847 570 920 gradu
595 845 631 902 ed
658 842 816 901 vindictam
845 840 892 898 aui
921 838 1019 896 divina
1071 837 1358 913 ui,alquepotentia
1380 846 1409 899 et
1437 843 1579 900 cremabit
1593 843 1712 916 impiae,
1736 849 1897 904 atnam.

195 939 325 1017 procedit
338 939 392 1010 ira,
408 937 633 1007 tarditatemque
643 931 779 1007 aupplicii
795 929 1019 1006 gravitatccom·
1072 925 1175 995 bit;et
1198 932 1340 1001 quantum
1369 947 1387 988 a
1413 930 1583 1004 corporibus
1608 932 1753 1002 abaumet,
1780 936 1899 999 tantum

195 1034 309 1106 pensat.
323 1047 337 1081 a
352 1026 458 1101 (Valer.
475 1024 550 1081 bier.
563 1022 615 1079 lib.
645 1039 666 1089 1,
695 1037 760 1095 cap.
790 1022 816 1088 l,
831 1020 944 1075 wem.
961 1015 1018 1090 23,
1072 1020 1193 1087 reponat
1206 1015 1317 1090 (neuter
1342 1019 1432 1076 codex
1457 1018 1597 1092 resumet),
1617 1036 1650 1077 ac
1664 1019 1721 1077 aibi
1734 1020 1800 1095 ipae
1813 1025 1899 1080 utar·

194 1135 261 1196 pag.
271 1115 330 1191 21.)
1072 1119 1145 1161 num
1173 1104 1314 1177 pabulum
1352 1106 1598 1166 subministrabit
1626 1108 1708 1174 Quod
1751 1114 1847 1184 poeta
1868 1113 1899 1169 lu

229 1230 266 1283 at
280 1226 318 1294 ai,
334 1223 440 1280 latente
463 1218 579 1276 elbnioo
606 1215 735 1285 bomine,
764 1212 863 1270 divina
890 1210 1019 1268 dudieta
1071 1190 1217 1251 'ulium
1227 1194 1302 1268 'fiili
1317 1195 1551 1254 imssiulfifflsslss
1566 1196 1609 1254 iifl
1627 1196 1692 1254 tino
1719 1197 1779 1255 ullo
1793 1198 1901 1257 revire-

194 1331 253 1375 non
268 1311 339 1371 sinit
352 1309 519 1385 grauiorum
538 1305 695 1363 criminum
711 1319 775 1361 raca
789 1301 869 1359 abira
887 1298 1017 1373 impuni-
1072 1280 1575 1356 mantin¹1¹001'120rlttbdetrimento
1596 1286 1700 1343 aduret
1719 1291 1851 1359 lantum,
1866 1304 1901 1347 aa

193 1407 251 1471 toa,
262 1415 369 1477 negare
383 1396 483 1472 procul
498 1393 587 1453 dubio
602 1389 1018 1472 altinonpoaauntlmprobea,
1072 1385 1161 1428 aenou
1176 1369 1285 1430 doloria
1295 1370 1573 1444 deductorem.
1584 1374 1762 1445 intactam,
1773 1377 1902 1452 cap.2⁹.)

193 1491 361 1556 sceleratos,
376 1494 405 1545 ct
421 1484 527 1559 impiae
551 1481 696 1548 heminae,
713 1478 764 1553 qui
778 1477 952 1536 criminibus
966 1477 1018 1533 gd.
1071 1458 1128 1516 Sed
1140 1460 1175 1517 de
1185 1459 1240 1518 hac
1254 1460 1903 1537 LactantiiTertullianiqueargumentatioua

194 1582 252 1639 huc
268 1575 448 1650 coinquinati
464 1572 640 1638 moriuntur,
669 1568 775 1626 debitia
798 1570 866 1640 poet
893 1569 1018 1623 mortam
1073 1547 1169 1607 fflhll‘l
1182 1548 1293 1622 aliquid
1309 1567 1361 1608 ⁵¹¹⁰
1372 1550 1434 1608 ¹0⁰⁰
1444 1551 1576 1609 dicem
1586 1554 1902 1629 ⁰⁸i0⁰d⁰m¹¹⁸q¹¹0il⁰⁰

194 1667 289 1744 paenis
303 1682 367 1724 eaee
382 1662 561 1721 aidoiendoa.
577 1659 659 1716 Tunc
669 1655 748 1715 enim
763 1671 837 1729 quaa
851 1655 882 1712 in
893 1655 946 1712 bac
958 1653 1019 1710 vita
1072 1653 1161 1697 ”⁰⁸⁰
1176 1637 1225 1695 ¹¹¹⁰
1250 1642 1281 1696 οἱ
1294 1638 1440 1697 Μίὓῦοίυῦ
1463 1640 1584 1698 verbum
1605 1658 1722 1716 erogare
1734 1641 1903 1717 acceperint

194 1774 253 1815 non
269 1757 421 1822 dederunt,
437 1751 466 1808 in
482 1750 581 1814 altera,
603 1763 667 1820 qun
690 1750 798 1802 eterna
824 1744 890 1812 erit,
905 1743 1014 1816 eampi·
1029 1766 1053 1834 B
1069 1728 1199 1805 inim·
1211 1724 1242 1783 (ἢ
1268 1727 1391 1798 Tmlt‘le
1406 1745 1470 1802 ΜΡ·
1486 1727 1543 1802 ¹¹)-

193 1849 292 1903 ternae
307 1843 374 1916 igne
389 1846 495 1898 eterno
509 1838 601 1895 luent.
613 1836 687 1894 Nam
704 1858 715 1887 ι
738 1833 856 1907 aapiane
871 1832 959 1906 ignia,
975 1832 1017 1888 ait

194 1932 353 1999 Minuciae,
371 1927 504 1987 membra
517 1923 731 1993 urit,etrctlcit,
747 1922 841 1996 carpit
854 1925 883 1978 et
898 1921 1018 1977 nutrit.»

193 2022 292 2098 Neque
307 2017 414 2078 ethnici
431 2014 607 2089 respondere
630 2015 764 2085 poterant
787 2009 859 2067 illud
875 2025 1019 2082 quorum-

192 2112 274 2180 dam,
288 2109 340 2184 qui
350 2106 422 2165 alica
438 2109 547 2163 terrere
560 2100 705 2170 uolebant,
720 2115 785 2156 eaaa
808 2102 1018 2156 commentum.

194 2199 257 2257 Non
281 2198 311 2255 id
339 2196 449 2269 quippe
478 2190 672 2265 omnipotenti
701 2189 759 2247 Deo
787 2187 936 2245 difficiliua
962 2190 1018 2255 eat,

193 2303 283 2361 quam
294 2289 445 2343 mortuum
461 2281 610 2338 bominem
626 2279 662 2336 ad
679 2276 769 2335 vitam
792 2275 931 2333 excitare.
952 2275 1019 2332 Sut-

194 2375 257 2437 licit
266 2375 355 2449 igitur
365 2378 398 2430 ut
413 2372 440 2428 id
457 2368 537 2427 velit.
565 2365 651 2438 Atqui
666 2381 732 2424 eum
749 2365 788 2422 ita
810 2362 882 2422 velle
897 2380 956 2421 uon
971 2379 1018 2422 ao-

194 2463 256 2521 lum
271 2481 358 2521 acore
372 2459 528 2534 Scriptura
543 2455 702 2525 declarant,
732 2454 782 2511 aed
811 2453 910 2511 divina
930 2452 1018 2511 etiam

194 2550 410 2625 illiuajuetitia,
427 2565 490 2622 qun
511 2543 625 2603 nullum
655 2543 752 2602 acelua
776 2542 906 2600 inultum
935 2541 1020 2598 relin-

194 2657 284 2714 quere
299 2643 404 2714 puteat.

1108 1877 1267 1951 Pergamua
1282 1877 1410 1945 interim,
1427 1877 1522 1951 iiequa
1536 1894 1738 1947 oocurramna,
1766 1882 1821 1957 qni
1834 1897 1905 1957 gan·

1072 1966 1169 2022 tilium
1193 1966 1311 2023 nomine
1339 1966 1424 2023 nobie
1447 1966 1569 2023 forsitan
1598 1966 1747 2040 objicient,
1777 1984 1904 2043 proraua

1073 2054 1187 2126 ineptae
1202 2069 1267 2111 aeae
1280 2053 1449 2123 fulminum,
1465 2054 1609 2112 montium
1621 2072 1654 2113 aa
1668 2062 1815 2115 terrarum
1824 2075 1902 2118 aem·

1073 2159 1125 2216 per
1138 2143 1315 2213 ardentium,
1325 2159 1390 2198 oum
1403 2143 1562 2200 interorum
1578 2143 1902 2219 ignecomparaticnea.

1073 2229 1175 2288 Nonne
1189 2230 1307 2297 etenim,
1326 2231 1450 2305 inquiet,
1467 2230 1577 2304 aliquid
1587 2232 1761 2292 cxbominia
1777 2233 1901 2295 tormina

1072 2319 1143 2377 tacti
1158 2318 1325 2376 aubetantie
1338 2319 1429 2392 hujua
1457 2320 1560 2378 ardore
1585 2322 1902 2383 conaumiturlllonna

1073 2408 1161 2465 eliam
1177 2407 1295 2482 ignibua
1318 2408 1408 2465 AEtnar
1430 2408 1606 2482 Veauviique
1633 2409 1674 2482 (in
1700 2412 1902 2488 manuaoripto

1074 2496 1173 2554 codice
1199 2498 1450 2566 Hmueietleaui,
1467 2501 1612 2571 corrupte,
1641 2498 1682 2554 uli
1717 2497 1822 2574 videa),
1851 2516 1903 2558 reu

1073 2582 1198 2641 aliorum
1214 2584 1371 2650 montium,
1392 2589 1444 2642 aut
1471 2585 1637 2642 ardentium
1664 2590 1812 2644 terrarum
1830 2604 1904 2647 nora

1074 2688 1190 2746 aempcr
1226 2672 1473 2730 eubminietralur
1500 2673 1657 2732 material
1682 2674 1793 2733 Contra
1818 2692 1904 2735 varro

229 2750 264 2805 Al
277 2745 423 2803 ltinuoiua
438 2747 470 2800 ul
482 2741 555 2843 illud
570 2739 696 2840 albnioia
708 2737 823 2795 faciliua
833 2737 1018 2811 persuadeat,
1074 2760 1233 2819 Christiani
1261 2762 1468 2819 „ggvgmbgng
1508 2763 1644 2819 eumdem
1685 2779 1804 2839 pomp„
1845 2765 1904 2823 ιω,

194 2834 224 2895 in
240 2836 331 2908 hujua
345 2834 512 2891 documenti
523 2829 774 2887 confirmationem
785 2826 920 2899 quedam
936 2824 1020 2882 utiert
1072 2849 1170 2924 ignem
1186 2849 1357 2917 inferorum,
1374 2848 1505 2924 nihilque
1515 2849 1903 2928 penitughummpfflrpoffi

194 2923 327 2998 (ΜΨΙδι
341 2922 466 2995 ignium·
482 2918 701 3018 ruminum&
725 2920 870 3015 mmmm,
884 2917 977 2970 Em
991 2916 1021 2970 Β*
1073 2939 1110 2994 ab
1124 2937 1282 2995 illoexueli
1301 2938 1442 3011 deperire.
1458 2938 1565 2995 Verum
1583 2938 1796 3010 Tertullianua,
1813 2958 1903 3016 quam

193 3011 312 3070 V⁰⁸¹¹Vii
339 3017 427 3083 ’ΨΜ
455 3013 599 3065 “rmum
622 3006 746 3105 ”mini
759 3003 935 3072 “dfflst'umr
955 3017 1019 3074 ΨΒ
1072 3027 1218 3084 Minuoloa
1234 3029 1333 3083 noster
1357 3026 1400 3083 uti
1417 3028 1478 3096 jum
1493 3029 1836 3103 monuimua,aequitur,
1851 3031 1912 3089 boc

194 3101 311 3173 quidem
325 3099 385 3156 illia
399 3097 547 3170 incognita
561 3093 662 3169 procul
677 3093 766 3193 dubio
783 3109 839 3192 non
854 3095 947 3148 erant.
959 3091 1017 3189 Au·
1034 3127 1056 3194 q
1074 3114 1197 3172 rationia
1214 3118 1395 3171 momentum
1420 3115 1529 3172 albuini
1550 3116 1638 3188 plane
1651 3118 1795 3191 procidit.
1812 3118 1940 3177 Mari·—

194 3189 258 3246 diae
273 3188 360 3245 velim
374 3202 442 3245 cum
457 3185 625 3258 loquentem
644 3199 681 3238 :a
706 3181 789 3238 Sicut
813 3196 896 3255 ignea
920 3179 1018 3279 fulmr·
1075 3219 1154 3260 mm
1169 3203 1280 3277 quippe
1290 3203 1380 3275 [ΠΨ
1399 3204 1566 3276 „Sumenti
1581 3203 1641 3260 vim
1656 3205 1686 3261 in
1701 3205 1758 3263 boo
1772 3208 1940 3281 Imm.

194 3296 278 3345 num,
294 3276 399 3350 inquit,
416 3290 537 3348 corpora
551 3276 673 3344 angunt,
686 3270 926 3369 necabaumunt3
943 3269 1021 3324 arnul
1072 3307 1138 3349 em
1153 3291 1291 3363 ostendit,
1308 3292 1386 3364 quod
1412 3291 1546 3364 gentiles·
1577 3292 1696 3351 nomino
1710 3293 1941 3371 mmmm-

195 3367 278 3439 ignca
294 3366 383 3423 AEtnae
411 3375 440 3420 et
454 3359 584 3428 Veauvii,
599 3359 799 3418 etardantium
812 3357 922 3429 ubique
931 3359 1020 3413 terre·
1074 3379 1233 3438 merantur
1248 3380 1392 3453 quosdam
1408 3379 1578 3448 fulminum,
1595 3383 1754 3453 montium,
1767 3388 1800 3441 et
1811 3390 1941 3443 tem-

193 3451 751 3527 rum,flagrauteroneoemgantur:
768 3442 1018 3518 itnpmnaleillud
1072 3485 1139 3526 mm
1164 3468 1248 3542 ignes
1286 3485 1352 3525 om
1380 3470 1455 3525 m
1490 3485 1613 3542 prom,
1641 3472 1893 3532 extraordinario·
1923 3516 1941 3530 ‘

188 3541 374 3606 mmmm
387 3557 446 3597 ¹¹⁰⁰
470 3537 586 3595 (ἰωὴ
616 3533 782 3603 “dmum
798 3531 938 3606 pmiim’
966 3531 1018 3588 Μ
1073 3555 1175 3616 Nonae
1190 3561 1286 3614 autem
1303 3557 1371 3614 inde
1384 3556 1491 3614 lnt‘erra
1503 3558 1611 3631 poluit,
1625 3559 1662 3616 ab
1684 3559 1795 3619 iiadam
1808 3561 1907 3620 atbni.
1918 3593 1941 3606 -

188 3631 479 3701 inereeacorporum
504 3625 684 3683 laceratione
712 3623 879 3679 nutritur.»
906 3621 943 3677 At
956 3620 1018 3677 hmo
1073 3644 1394 3719 gisperpmmnegm
1409 3645 1501 3702 auum
1517 3662 1574 3704 non
1604 3663 1691 3721 pom
1720 3649 1846 3708 innam
1858 3651 1941 3710 ne

188 3719 238 3776 ille
252 3718 398 3775 delibaaae
411 3716 527 3772 videtur
541 3731 577 3770 er
589 3714 646 3771 hoc
662 3709 834 3768 Tertulliani
863 3710 899 3766 de
913 3708 1018 3766 iisdem
1072 3733 1203 3808 potentia
1216 3732 1333 3790 mimi
1351 3733 1459 3807 ignom,
1475 3733 1526 3806 qui
1541 3734 1621 3791 idem
1642 3751 1762 3810 ,emper
1777 3743 1941 3809 mut

187 3804 304 3862 ³1⁸?ssss
318 3802 436 3877 ignibus
462 3799 643 3876 difllmlssflii'
671 3797 754 3899 {⁰⁰⁰³
781 3817 796 3851 ⁸
820 3796 967 3898 ,ΝΡΫΘΓΨ
989 3799 1019 3853 ⁶⁸
1071 3821 1290 3894 impiorumque
1304 3838 1426 3896 corpora
1440 3838 1498 3880 non
1521 3824 1734 3896 consumendo,
1757 3831 1939 3887 aeternum

186 3892 353 3967 philosophi
365 3890 566 3949 diversitatem
580 3904 680 3946 arcani
703 3890 732 3944 et
747 3884 857 3958 publici
872 3901 959 3959 ignia.
977 3886 1019 3942 lta
1072 3918 1181 3980 oxum,
1193 3926 1226 3967 ,ο
1240 3910 1392 3968 officiabit,

187 3982 273 4056 longe
288 3979 365 4038 aliua
379 3985 436 4049 cat,
451 3979 503 4052 qui
520 3978 587 4037 uaui
601 3977 742 4046 humano,
755 3973 833 4032 aliua
842 3973 892 4047 qui
904 3972 1018 4046 judicio

187 4071 236 4129 [lei
250 4071 454 4144 apparatura
468 4068 505 4124 de
525 4065 596 4124 ooelo
625 4064 751 4121 fulmina
780 4062 940 4135 stringens,
956 4061 1018 4119 aiva
1107 4062 1208 4135 Neque
1222 4078 1308 4134 porro
1322 4061 1363 4119 ibi
1379 4061 1460 4119 atetit
1481 4062 1638 4132 Minuciae,
1661 4063 1715 4121 wd
1730 4064 1795 4125 alia
1809 4067 1908 4126 autur

184 4162 221 4218 de
235 4166 312 4217 terra
327 4175 377 4232 per
391 4154 674 4214 vertiueamoatium
689 4155 836 4209 eructana.
859 4150 920 4209 Non
937 4150 1017 4208 enim
1071 4150 1299 4224 comparatione,
1324 4166 1377 4208 eeu
1407 4150 1475 4224 alio,
1494 4157 1528 4208 ut
1555 4152 1648 4223 aiunt,
1669 4153 1707 4210 ad
1736 4153 1895 4230 hominem,

186 4248 326 4316 ebeumit,
343 4247 421 4321 quod
436 4244 551 4303 exurit:
576 4243 628 4300 acd
658 4242 728 4298 dum
754 4245 864 4314 eroget,
890 4242 1015 4312 reparat
1072 4244 1243 4314 argumento
1257 4238 1515 4313 confirmatquam
1529 4240 1627 4315 inepte
1640 4241 1780 4301 cecilius
1795 4243 1892 4319 aliique

185 4339 263 4396 Adeo
279 4340 399 4395 manent
415 4339 531 4391 mantea
555 4349 673 4405 aemper
693 4331 842 4398 erdenlea,
871 4333 901 4386 et
915 4328 966 4401 qui
981 4328 1017 4386 de
1071 4327 1193 4402 gentilea
1216 4328 1245 4385 id
1261 4328 1438 4386 abnuerint:
1454 4349 1470 4381 a
1495 4330 1710 4401 admonentur,
1724 4332 1839 4407 inquit,
1852 4334 1890 4391 bo·

187 4425 258 4484 caelo
274 4425 414 4499 tangitur,
431 4423 529 4482 aalvue
543 4427 597 4495 eat,
614 4426 647 4478 ut
658 4419 738 4477 nullo
749 4420 814 4491 jam
825 4418 885 4491 igni
898 4418 1015 4475 decine-
1071 4417 1167 4474 minca
1182 4417 1419 4475 doctieaimorum
1434 4415 1518 4475 libria
1539 4423 1568 4476 et
1596 4419 1785 4481 carminibna
1810 4428 1891 4497 pocla·

186 4519 291 4572 renuet.
313 4515 348 4570 lit
363 4514 416 4571 boc
431 4513 486 4571 erit
508 4511 710 4569 teatimonium
740 4507 816 4582 ignia
831 4506 944 4573 eterni,
962 4507 1019 4564 boo
1034 4487 1057 4554 D
1072 4522 1149 4574 rum,
1164 4505 1245 4563 illiue
1259 4506 1336 4580 ignei
1352 4505 1493 4576 llumlnia,
1509 4510 1539 4564 et
1557 4507 1595 4566 da
1607 4507 1710 4583 Stygia
1724 4509 1837 4583 palude
1849 4529 1891 4572 aa·

186 4602 353 4677 exemplum
364 4602 447 4676 jugia
459 4599 562 4674 judicii
578 4615 694 4673 poenam
717 4595 884 4654 nutrientia.
902 4596 1016 4653 blontea
1069 4595 1137 4669 plue
1150 4595 1309 4652 ambientis
1324 4595 1448 4667 arderia,
1477 4611 1544 4669 quaa
1571 4597 1755 4656 cruciatibua
1785 4602 1891 4660 numia

188 4696 315 4749 uruntur
326 4697 355 4748 et
368 4694 486 4747 iterant.
501 4690 576 4755 Quid
606 4690 786 4745 nocentaact
813 4685 864 4742 Dei
894 4684 1014 4742 beateai
1070 4688 1288 4758 preparatae
1311 4684 1478 4741 damonum
1504 4683 1623 4743 indiclia
1649 4688 1679 4743 et
1705 4687 1744 4744 de
1773 4690 1892 4750 oraculia

189 4782 252 4837 llac
267 4788 337 4838 aunt
350 4797 414 4852 quo
430 4778 459 4834 in
470 4777 554 4835 nobia
569 4777 639 4834 eolla
654 4773 900 4849 praesumptionen
914 4790 1017 4831 vocan-
1070 4772 1280 4846 Prophetarum
1295 4773 1412 4846 cognita
1425 4772 1621 4832 tradiderunt.
1635 4795 1651 4827 a
1667 4774 1711 4833 lbi
1726 4781 1830 4836 autam
1844 4779 1893 4838 iti·

186 4874 245 4938 tur,
260 4870 291 4926 in
310 4867 495 4942 philosophia
516 4871 544 4923 ct
571 4864 665 4938 puelia
691 4879 813 4919 summa
839 4861 967 4919 acientiae
987 4864 1017 4919 at
1070 4862 1176 4919 nucina
1200 4865 1230 4918 ct
1254 4862 1391 4934 proianoa
1420 4866 1450 4919 et
1481 4878 1581 4921 aaaroa
1608 4863 1772 4938 scopam
1800 4869 1894 4940 procul

185 4955 447 5030 insigniajudicia.
465 4952 852 5025 »('lertull.Apotcpat.cap.
870 4950 1016 5024 ⁴8,p.43.)
1070 4949 1159 5008 dubio
1188 4949 1296 5007 citavit.
1339 4950 1550 5025 Prophetarum
1588 4952 1737 5027 aiquidem
1768 4956 1894 5027 nomina,

186 5046 295 5104 Eodem
310 5062 425 5118 quoque
440 5044 526 5100 modo
550 5041 726 5106 bacuntiua,
756 5043 824 5113 post
848 5042 1015 5109 utrumque,
1070 5037 1161 5096 libroa
1183 5037 1295 5096 Valeria
1308 5039 1500 5111 Testamenti,
1516 5045 1604 5114 atque
1629 5042 1731 5112 etiam,
1762 5043 1791 5102 ai
1817 5044 1895 5116 valia,

187 5134 401 5194 Tertullianum
418 5150 451 5190 ao
468 5130 630 5188 Minucium
645 5127 780 5195 Felicem,
801 5125 864 5183 bac
885 5125 970 5197 plane
985 5127 1015 5183 in
1069 5127 1253 5202 aibyllarum,
1282 5131 1312 5185 et
1344 5126 1483 5199 aliorum,
1508 5146 1582 5202 quoa
1607 5129 1717 5188 ethnici
1741 5132 1897 5205 propbetas

188 5225 285 5291 verba,
301 5222 338 5279 ab
358 5221 424 5278 aliia
461 5218 549 5293 paulo
577 5217 695 5274 diveraa
730 5218 951 5287 argumentatus
971 5220 1017 5273 eat
1069 5232 1134 5274 eaeo
1148 5215 1301 5289 putabant,
1316 5215 1405 5273 affata
1431 5216 1587 5292 deaignat:
1607 5238 1619 5268 ι
1640 5219 1812 5278 daemonum
1833 5237 1898 5281 varo

186 5313 320 5387 (iactant
333 5310 385 5365 lib.
401 5325 440 5365 vu
457 5309 550 5365 Dicin.
577 5307 697 5363 lmtatat.
728 5319 792 5376 cap.
807 5303 853 5372 21,
876 5319 943 5378 pag.
962 5305 1017 5363 715
1070 5304 1226 5376 indiciia,»
1257 5320 1357 5362 aaaron
1385 5304 1456 5362 Novi
1482 5307 1659 5365 Teatamenti
1683 5309 1820 5367 oodiaaa:
1848 5310 1900 5369 ubl

186 5405 216 5458 et
229 5398 312 5471 aeq.)
328 5396 407 5470 ignia
420 5395 590 5469 sempiterni
605 5418 620 5446 a
650 5397 755 5452 natura
784 5392 898 5450 diversa
918 5397 1015 5452 catab
1069 5392 1357 5469 legimuadaemonea
1371 5393 1528 5467 palam,ac
1543 5396 1683 5455 omnibu·
1699 5398 1899 5469 audiantibm,

187 5486 242 5544 bec
257 5487 366 5556 noatrc,
382 5499 439 5556 quo
454 5484 490 5540 ad
506 5483 569 5539 vita
579 5480 744 5540 neccssaria
754 5479 876 5549 utimur,
891 5482 942 5554 qui
957 5481 1015 5538 niei
1069 5485 1218 5542 conleaeoa
1242 5481 1334 5540 iuiaac
1358 5482 1475 5541 aternio
1493 5501 1526 5542 ae
1543 5485 1665 5559 ignibus
1678 5486 1818 5545 omoiafi.
1832 5488 1900 5547 lidi·

195 5571 455 5648 aliquuamateria
470 5572 570 5633 tomite
584 5570 681 5632 alatur
694 5568 952 5644 eratinguitnr.itt
965 5568 1016 5631 illa
1069 5571 1144 5631 nicia
1159 5572 1258 5646 itaque
1272 5568 1422 5645 publicam
1449 5571 1533 5635 illam
1554 5575 1725 5636 duonum
1738 5575 1900 5638 wunne-
