3892 6104
45 289 112 355 aas
756 277 1062 343 saouasouaaa
1700 283 1760 353 220

47 423 104 480 Sed
122 420 322 478 banehabel:
352 415 431 491 quod
460 416 508 474 bic
530 412 743 484 desideramus,
773 411 881 470 sarcire
896 411 1066 480 Asuerunt,
1083 412 1760 489 utoptimojureoptimaquaconditioneesse

47 516 151 585 potest
171 509 332 584 Augustini
351 507 427 565 liber
453 507 485 563 de
510 504 716 562 deorbitandis
753 501 881 569 raderes,
936 501 1109 568 recusarint,
1121 518 1188 558 cum
1205 502 1257 558 boc
1270 503 1306 559 iis
1321 503 1403 561 licuit
1419 522 1471 578 per
1485 507 1640 581 principes.
1657 510 1760 568 Chris·

47 600 99 672 qui
115 598 290 672 etlagcset
305 595 462 653 lormulam
481 593 585 651 veteris
610 593 797 650 catecheseos
824 589 883 646 ele·
937 590 1067 647 stianos:
1085 607 1178 664 neque
1199 596 1260 648 tam
1290 593 1373 662 latui,
1404 599 1437 651 ut
1464 596 1518 652 hoo
1544 597 1684 656 beneficio
1700 616 1758 657 non

48 692 159 762 gauter
173 685 334 744 describit:
354 690 384 741 et
398 684 543 756 quomodo
571 681 610 740 sit
636 682 785 754 agendum
814 694 882 734 oum
938 684 1293 752 uterentur:nequetam
1317 682 1420 755 iniqui,
1437 689 1469 740 ut
1496 685 1520 741 si
1550 686 1619 756 quid
1647 687 1759 746 insuia

48 776 151 833 doctis
163 780 193 833 et
207 774 358 841 litteratis,
373 774 462 830 etiam
472 777 589 829 monet:
603 787 698 843 neque
707 765 882 826 dissimilem
937 769 1164 842 imperatoribus
1188 770 1397 840 desiderarent,
1414 789 1594 846 paganorum
1606 776 1651 847 (ut
1664 776 1760 850 loqui·

47 863 366 923 blinuciiaetatecredo
381 861 545 919 catechesin
560 860 662 930 luisse,
691 863 720 915 et
740 858 787 914 his
814 872 886 929 quo-

47 971 108 1028 que
122 952 313 1026 temporibus
327 968 385 1008 non
399 949 547 1008 observari
556 949 654 1006 miror.
668 948 754 1004 Juvat
773 949 883 1013 autem,

48 1049 84 1099 ut
98 1043 253 1100 Caecilium
270 1041 438 1096 audivimus
467 1044 666 1095 accusatorem
691 1041 720 1094 et
748 1037 884 1092 adversa·

46 1133 147 1204 mum,
166 1130 349 1187 nunc'rebus
372 1128 518 1186 conversis
540 1131 673 1201 spectare
700 1125 884 1181 catechume-

47 1237 142 1277 num.
159 1217 368 1277 Catechumeni
383 1222 453 1274 tune
468 1216 555 1273 etiam
571 1214 793 1288 appellabantur
809 1234 823 1264 a
836 1229 885 1268 au-

48 1309 199 1366 ditores·
222 1305 266 1362 vel
292 1306 456 1373 audientes,
470 1328 485 1357 ε
511 1304 599 1361 sicuti
628 1321 662 1361 ex
686 1301 788 1360 multis
814 1302 885 1358 Ter·

46 1397 176 1456 tulliani
191 1396 266 1453 locis
281 1402 418 1469 apparet:
435 1398 577 1466 erantque
591 1392 739 1467 imprimis
764 1389 885 1456 dociles,

938 862 1208 930 murtyrannorum
1233 858 1296 916 loco
1320 876 1369 916 cos
1398 860 1556 919 haberent:
1573 880 1667 937 neque
1696 870 1759 923 tam

939 948 1058 1015 morosi,
1075 951 1108 1002 ut
1121 947 1244 1019 publice
1260 948 1469 1021 tranquillitati
1494 950 1566 1007 nihil
1596 953 1760 1026 quidquam

939 1038 1146 1093 condonarent.
1164 1037 1279 1110 Loquor
1294 1038 1330 1094 de
1345 1038 1391 1103 iis,
1404 1039 1454 1111 qui
1471 1056 1527 1095 non
1541 1039 1661 1098 fuerunt
1676 1043 1763 1117 dege·

940 1142 1033 1182 neres.
1051 1127 1106 1182 Sed
1126 1125 1224 1182 libere
1249 1127 1384 1183 licclesiae
1399 1127 1586 1200 splendorem
1614 1147 1672 1186 non
1688 1132 1762 1189 vidit

939 1215 1762 1288 MinuciustservientismodosqualoremuiditNostrum

939 1320 1007 1361 vcro
1022 1307 1076 1373 est,
1092 1309 1251 1377 utrumque
1266 1310 1377 1361 statum
1398 1311 1427 1362 et
1441 1307 1594 1380 utriusque
1620 1310 1759 1382 temporis

941 1393 1139 1450 conditionem
1158 1399 1236 1451 recte
1262 1393 1446 1451 considerare
1472 1401 1559 1468 atque
1586 1397 1762 1468 discernere,

47 1487 244 1562 minimaque
259 1484 438 1542 refractarii:
456 1483 533 1557 qued
554 1487 583 1540 et
604 1482 667 1555 ipse
696 1480 842 1537 lucianus
856 1478 887 1534 in
940 1487 970 1540 et
985 1482 1040 1538 bec
1054 1488 1188 1552 externa,
1204 1487 1236 1539 ut
1251 1482 1292 1540 ita
1302 1482 1414 1558 loquar,
1427 1485 1526 1541 lormae
1537 1489 1764 1560 temporumque

48 1577 204 1650 Philopat.
223 1575 343 1631 indicat.
358 1573 550 1631 contentiose
565 1571 665 1644 itaque
675 1568 887 1644 disputationes
941 1571 1101 1628 discrimen
1119 1572 1277 1643 prudenter
1297 1573 1463 1639 observare,
1480 1577 1513 1629 ut
1535 1578 1564 1630 et
1581 1575 1767 1648 antiquitatis

49 1666 149 1725 nullas
165 1681 234 1722 cum
249 1663 286 1720 iis
299 1667 399 1731 erant;
418 1663 468 1719 sed
484 1660 606 1734 placidis
618 1659 829 1717 monitionibus
840 1673 887 1714 re·
942 1661 1092 1729 memoria,
1108 1664 1137 1717 et
1156 1662 1300 1732 majorum
1331 1665 1498 1718 nostrorum
1525 1663 1668 1736 exemplis
1686 1670 1765 1722 recte

50 1754 129 1830 ligio
146 1745 888 1822 docebatur.l³ostcatechesinquijamsuanomina
942 1754 1073 1806 utamur.
1102 1748 1153 1805 Hie
1177 1749 1255 1805 enim
1284 1753 1312 1805 et
1340 1750 1417 1806 218
1442 1751 1720 1824 prudentiamsgna
1739 1758 1769 1809 et

50 1842 194 1900 Ecclesiae
211 1841 361 1911 dederant,
379 1842 412 1896 ut
427 1839 573 1914 baptismo
588 1837 785 1909 initiarentur,
792 1832 890 1909 appel·
944 1838 1079 1895 cautione
1095 1839 1223 1894 maxima
1237 1855 1311 1911 opus
1321 1855 1387 1894 esse
1398 1839 1507 1896 iatcor:
1524 1844 1628 1896 etcum
1639 1839 1684 1897 lex
1694 1859 1770 1899 nova

49 1932 107 1989 lati
124 1934 199 1988 sant
215 1953 230 1980 «
245 1932 463 2002 competentes:
482 1949 493 1979 ι
512 1942 672 2000 eorumque
684 1942 786 1983 rursus
797 1925 826 1981 in
843 1940 891 1980 or-
945 1932 1074 2000 rogatur,
1092 1927 1184 1983 lartur
1198 1944 1273 2000 sepe
1288 1926 1363 1982 illud
1380 1928 1424 1985 llta'
1438 1944 1530 1999 repar,
1552 1929 1658 2003 sepius
1687 1931 1767 1987 istud

54 2022 128 2078 dine
145 2018 295 2078 cecilium
306 2018 370 2090 jam
386 2021 520 2074 nestrum
531 2014 799 2089 conspicerejuvat.
821 2014 891 2069 Post
944 2018 1071 2089 laetique,
1087 2015 1171 2072 nobis
1182 2021 1214 2072 ut
1230 2021 1364 2072 occurrat
1383 2020 1471 2089 atque
1496 2018 1619 2090 placeat,
1649 2035 1768 2078 necesse

55 2111 247 2184 Baptismum
263 2106 444 2163 candidatus
457 2105 583 2177 denique
595 2102 890 2178 particepsllebatrira
946 2110 1000 2170 ost,
1016 2121 1121 2176 resque
1137 2104 1274 2177 postulat.
1292 2105 1473 2177 Insculptum
1494 2106 1591 2163 Roma
1620 2107 1651 2164 in
1679 2106 1770 2165 veteri

59 2200 138 2256 217
153 2194 327 2272 μυστηρίων,
343 2213 360 2252 a
375 2195 483 2268 quibus
498 2199 584 2250 antea
603 2191 705 2267 procul
729 2192 830 2248 abesse
842 2191 891 2261 ju·
947 2210 1092 2250 marmore
1103 2209 1166 2248 esse
1181 2193 1297 2261 dicitur,
1314 2193 1440 2250 maroa
1456 2211 1541 2251 scnvo
1555 2212 1770 2253 commortuae

60 2288 199 2344 bebatur.
217 2285 320 2357 Neque
335 2300 405 2341 sane
420 2284 456 2340 de
471 2283 517 2352 iis,
535 2288 586 2339 aut
599 2282 766 2356 promiscue
790 2279 892 2352 dispu·
946 2298 1218 2348 rsarraarrourras.
1236 2283 1292 2339 Sed
1316 2283 1380 2355 ejus
1409 2284 1587 2356 prejudiciis
1617 2285 1771 2343 infeliciter

61 2381 137 2443 tare,
153 2379 208 2430 aut
222 2390 322 2431 coram
337 2372 467 2445 profanis
478 2371 647 2429 hominibus
667 2370 820 2434 disserere,
834 2385 894 2424 ma·
947 2373 1146 2443 abuteremur,
1160 2371 1217 2427 nisi
1232 2370 1357 2429 liberum
1372 2373 1577 2447 integrumque
1582 2373 1729 2446 judicium
1741 2375 1771 2432 in

61 2466 143 2536 joras
156 2461 253 2519 nostri
269 2462 412 2519 solebant.
435 2461 530 2518 Testis
558 2465 603 2517 est
633 2459 775 2516 Theodor.
793 2458 848 2530 (16)
863 2456 893 2512 in
948 2460 985 2517 iis
1000 2460 1200 2517 discernendis
1217 2465 1304 2534 atque
1327 2461 1484 2535 diligendis
1509 2460 1718 2522 adhibeamus:
1735 2480 1772 2521 ne

65 2554 151 2610 Bran.
173 2552 251 2609 Nam
273 2550 325 2607 illa
348 2550 515 2624 religiosius
544 2553 632 2623 atque
660 2549 732 2605 adeo
760 2546 894 2604 timidius
947 2547 1242 2605 valconiuseomnia
1260 2549 1448 2622 misceamus,
1477 2549 1771 2625 velmalitioseprae·

66 2642 300 2700 mandasses
315 2639 499 2697 sentiebant:
516 2643 545 2696 et
560 2654 703 2711 quorsum
724 2635 833 2709 alioqui
849 2650 894 2691 res
949 2642 1107 2694 tereamus.
1123 2654 1187 2710 que
1201 2637 1311 2694 imitari
1327 2655 1381 2695 nos
1396 2644 1518 2712 eportet:
1530 2639 1573 2695 vel
1588 2640 1687 2711 etiam,
1703 2658 1768 2714 qua

68 2732 212 2801 eraderet,
227 2729 317 2804 longe
332 2728 542 2803 prospicibant.
559 2729 662 2800 ltaque
675 2727 829 2793 licet,cum
846 2741 894 2780 ac·
949 2726 1018 2782 huic
1033 2728 1111 2783 aetsti
1127 2744 1185 2783 non
1201 2727 1386 2796 conveniunt,
1408 2728 1637 2802 intemperanter
1664 2745 1770 2804 urgea-

71 2825 248 2879 cnsarantur
263 2835 365 2876 eorum
380 2817 510 2891 συνάξεις,
534 2833 641 2890 magna
664 2833 754 2872 causa
773 2831 837 2871 esse
852 2813 897 2868 vi·
950 2831 1027 2872 mns.
1045 2814 1117 2871 Cum
1129 2815 1199 2871 olim
1210 2817 1246 2872 de
1260 2815 1444 2872 testamentis
1459 2822 1603 2890 ageretur,
1618 2817 1665 2873 lex
1688 2834 1772 2890 quae·

72 2912 195 2981 deretur,
221 2925 278 2966 cur
310 2924 453 2981 exponere
477 2907 615 2964 deberent
644 2904 787 2979 quidquid
814 2902 895 2960 iniis
951 2905 1019 2961 dam
1035 2904 1128 2962 civilis
1142 2905 1304 2978 respondit,
1322 2928 1333 2956 ι
1351 2905 1538 2963 retinendum
1566 2923 1630 2964 esse
1658 2923 1771 2964 morem

10 3042 14 3077 Ι
74 3004 345 3074 ageretur,tamen
360 2998 395 3054 de
411 2996 557 3072 mysteriis
573 2995 646 3052 nibil
661 2995 763 3051 dieunt
778 2995 807 3050 in
824 2994 896 3064 tero,
952 2994 1337 3052 fidelissimevetustatis.»
1355 2996 1481 3063 l..xv111,
1510 2996 1582 3054 Cod.
1606 2996 1771 3054 delectem.

10 3082 12 3143 i
76 3105 164 3161 nsque
177 3088 217 3145 de
231 3087 270 3144 iis
285 3104 353 3144 enm
369 3085 542 3145 adversariis
561 3090 613 3142 aut
640 3085 820 3141 contendunt
847 3085 898 3139 aut
952 3084 1083 3157 Cumque
1099 3084 1134 3141 da
1150 3084 1259 3141 finibus
1275 3089 1304 3141 et
1318 3085 1419 3141 ordine
1434 3085 1655 3159 gubernationis
1679 3086 1774 3144 eecle-

10 3158 12 3185 ³
77 3178 199 3253 litigant.
264 3172 270 3183 ”
913 3153 934 3221 C
953 3173 1076 3231 siasticae
1088 3178 1276 3247 quaereretur,
1293 3175 1393 3230 audita
1407 3174 1436 3231 in
1450 3175 1565 3232 Nicoeno
1592 3175 1715 3233 coneilio
1730 3179 1776 3234 est

10 3266 12 3341 ξ
104 3270 200 3340 Atque
216 3267 279 3324 baec
294 3266 415 3339 quidem
430 3263 708 3322 hactenusbrevitsr
718 3279 898 3337 praemonere
952 3263 1004 3319 illa
1018 3280 1090 3320 vox:
1117 3266 1160 3318 ΤΑ
1190 3265 1319 3319 uexata
1342 3263 1410 3320 ΕΘΗ
1427 3268 1613 3322 ΚΡΑΤΕΙΤΩ..
1629 3264 1716 3322 Nulla
1729 3270 1774 3323 ta-

10 3348 13 3463 }
77 3349 897 3422 risumiuit,utadOetaiiilllinucianilectionemviam
954 3353 1092 3408 meniuit
1121 3353 1302 3424 superstitio,
1331 3370 1394 3425 que
1428 3353 1658 3426 intemperanter
1685 3359 1774 3427 atque

10 3482 13 3529 Ι
76 3444 156 3500 ralnti
172 3443 396 3517 praemunirem,
410 3458 472 3515 quae
483 3439 756 3499 ethristianarum
770 3436 898 3510 antiqui·
953 3442 1130 3514 impotenter
1143 3445 1271 3515 urgeret,
1287 3442 1365 3513 quod
1387 3443 1553 3515 reipublice
1582 3442 1663 3500 salus
1691 3460 1777 3517 repu-

10 3536 14 3615 l
73 3538 163 3590 tatum
180 3532 355 3590 memoriam
372 3530 458 3588 nobis
473 3529 669 3600 commendet,
680 3534 710 3584 et
723 3528 759 3584 ad
774 3543 838 3584 earn
855 3541 899 3582 re·
953 3532 1056 3587 dierat.
1075 3530 1108 3585 ut
1124 3535 1156 3586 ut
1171 3531 1546 3603 sapientesjurisconsulti,
1562 3532 1611 3588 ubi
1628 3533 1664 3588 de
1683 3532 1776 3606 magi·

10 3618 12 3635 '
75 3623 239 3680 notandam
247 3619 647 3693 nossxcitet,quidetalioqui
659 3617 807 3674 Romanas
817 3618 898 3671 tanto
953 3623 1100 3674 stratuum
1108 3621 1175 3692 jure
1186 3619 1313 3692 questio
1325 3620 1541 3693 esset‚graviter
1553 3621 1778 3694 respondebant,

67 3712 167 3770 studio
185 3710 404 3785 persequimur.
419 3711 514 3782 Atque
525 3709 639 3765 utinam
654 3707 704 3779 qui
717 3708 814 3763 Rome
830 3707 900 3761 sunt
953 3725 1010 3765 non
1027 3707 1121 3764 solum
1139 3708 1333 3780 spectandum
1344 3709 1491 3780 ssse,quid
1511 3709 1608 3765 Romae
1620 3710 1729 3766 lactum
1740 3711 1781 3767 sit

66 3801 147 3859 dotti
164 3796 796 3872 homines‚atnullumnonetiamlapidam
808 3793 898 3850 revol-
954 3796 1107 3853 sedetiam
1133 3798 1203 3869 quid
1232 3797 1293 3853 lieri
1323 3798 1426 3853 debeat
1445 3798 1529 3871 (tege
1558 3799 1777 3856 duodecimade

62 3896 153 3958 runt,
169 3889 348 3961 nullamque
363 3904 421 3944 non
434 3889 464 3943 in
488 3887 561 3960 ipsis
588 3886 737 3959 lapidibus
769 3883 898 3939 litteram
954 3886 1017 3959 Osfi.
1035 3888 1142 3959 ωε),
1159 3886 1201 3942 sic
1212 3887 1299 3942 etiam
1311 3891 1441 3959 spectare
1452 3888 1663 3960 debemus,non
1679 3888 1774 3945 solum

58 3983 246 4048 observant,
260 3984 292 4034 ut
310 3977 440 4050 antiquae
454 3975 620 4048 reipublice
646 3973 757 4047 aliquid
783 3976 897 4042 eruant,
954 3975 1023 4048 quid
1041 3976 1167 4047 maj0res
1183 3976 1273 4032 nostri
1291 3976 1423 4042 fecerint,
1440 3978 1488 4032 sed
1504 3981 1533 4032 at
1552 3994 1609 4050 quo
1632 3982 1775 4050 tempere,

55 4068 177 4128 veteris
193 4066 455 4140 quaquellcclesiae
471 4064 652 4121 monimenta
663 4063 782 4136 (quibus
797 4062 899 4118 eadem
953 4080 1046 4136 quave
1061 4063 1236 4130 conditione,
1252 4068 1304 4119 aut
1319 4065 1397 4136 quali
1412 4066 1488 4122 line:
1506 4083 1602 4138 neque
1626 4083 1684 4123 non
1713 4081 1777 4122 me-

53 4161 141 4218 urbs
156 4156 306 4228 abundet)
322 4154 505 4229 colligerent,
526 4153 694 4226 pluresque,
711 4152 760 4225 qui
777 4151 900 4207 ineest
954 4152 1077 4209 minisse
1092 4169 1207 4226 quoque
1220 4156 1343 4226 oportet,
1357 4154 1433 4226 quod
1450 4153 1495 4210 lex
1511 4154 1643 4226 quedem
1666 4158 1776 4223 monet,

53 4250 219 4313 vixerunt,
235 4249 265 4302 et
278 4243 385 4317 sepulti
400 4248 479 4310 sunt,
489 4243 633 4300 Minucios
643 4240 809 4298 excitarent.
822 4239 900 4296 Satis
953 4260 1011 4298 non
1027 4246 1089 4298 tam
1105 4241 1245 4314 exemplis
1260 4259 1348 4314 quem
1365 4242 1480 4315 legibus
1492 4243 1686 4314 judicandum
1701 4260 1777 4312 esse,

50 4340 142 4413 jam,
160 4335 239 4392 satis
255 4339 298 4391 est
312 4351 454 4390 novorum
468 4332 503 4388 de
515 4331 655 4405 religione
667 4327 901 4386 libellorum.Ve·
956 4333 1030 4404 Ergo
1046 4331 1120 4387 facio
1136 4331 1331 4405 perlubenter‚
1358 4337 1390 4388 ut
1414 4336 1443 4388 et
1467 4332 1734 4404 jurisprudentiam
1750 4335 1779 4389 et

56 4426 192 4485 teribus
209 4423 306 4495 potius
321 4421 352 4478 in
366 4421 463 4479 lucem
478 4418 647 4477 revocandis
671 4417 760 4491 hujus
785 4415 900 4491 generis
955 4419 1109 4476 historiam
1125 4420 1306 4490 conjunctim
1324 4423 1375 4475 aut
1389 4419 1495 4488 colam,
1510 4426 1561 4476 aut
1573 4421 1676 4476 saltem
1686 4419 1780 4477 colen-

58 4511 212 4587 reliquiis
226 4527 344 4584 operam
358 4511 481 4567 demus:
497 4508 631 4566 etsimus
641 4506 799 4580 aliquando
812 4506 901 4562 doctae
916 4527 939 4593 D
957 4509 1024 4567 dam
1041 4524 1105 4564 asse
1118 4525 1194 4581 sapa
1209 4508 1363 4580 profitear:
1382 4513 1411 4563 et
1426 4509 1544 4581 quidem
1577 4513 1734 4581 utramque
1749 4510 1780 4565 in

55 4600 264 4675 antiquitatis
279 4600 484 4673 potiusquam
497 4597 594 4654 inanis
604 4596 742 4654 novitatis
757 4593 902 4652 studiosi:
957 4601 1082 4668 utroque
1096 4612 1212 4669 genere,
1228 4595 1426 4652 humanarum
1443 4597 1507 4653 dieo
1518 4606 1547 4653 et
1557 4597 1723 4654 divinarum
1739 4615 1782 4655 re·

58 4694 285 4767 majorumque
298 4696 467 4747 nostrorum
482 4687 626 4762 imagines
642 4691 672 4742 et
687 4687 864 4755 intueamur,
875 4686 904 4740 et
957 4703 1035 4756 rum,
1064 4685 1124 4741 sive
1152 4683 1280 4740 civilium
1311 4690 1340 4740 et
1364 4685 1641 4746 ecclesiasticarum.
1661 4688 1780 4745 Namet

59 4782 152 4850 aliis,
172 4795 212 4835 ne
227 4779 293 4834 nori
308 4779 444 4835 bornines
459 4794 524 4834 esse
539 4779 611 4834 lorte
626 4776 790 4843 videamur,
806 4777 903 4830 osten·
958 4790 1060 4830 sarum
1076 4773 1272 4847 intelligentia
1287 4779 1374 4848 atque
1390 4777 1532 4833 memoria
1557 4778 1647 4833 telem
1676 4777 1781 4834 horum

60 4878 188 4929 tamus.
204 4871 458 4941 Nequetamen,et
468 4866 492 4923 si
504 4866 606 4922 eadem
617 4881 718 4922 eorum
729 4863 830 4937 religio
841 4860 904 4918 ani·
959 4863 1125 4920 studiorum
1140 4863 1376 4935 conjunctionem
1390 4866 1530 4937 requirit:
1544 4870 1587 4932 ut,
1602 4866 1626 4923 si
1648 4864 1782 4921 Tiberius

63 4973 208 5031 musque
221 4958 299 5015 idem
315 4957 414 5026 luerit,
430 4957 531 5013 eadem
548 4971 666 5027 quoque
683 4970 798 5026 semper
816 4950 905 5008 lacios
959 4952 1118 5025 imperator
1140 4958 1218 5010 recte
1240 4953 1392 5026 judicavit,
1412 4954 1568 5010 militarem
1595 4951 1781 5025 disciplinam

66 5051 144 5117 fnit,
161 5046 275 5103 idomas
299 5051 405 5103 status.
425 5045 488 5101 Nou
510 5044 588 5101 enim
599 5059 712 5115 semper
724 5042 816 5098 vexati
827 5042 906 5113 abja·
959 5041 1049 5114 (quod
1066 5042 1107 5097 ait
1121 5041 1178 5116 (⁴7)
1192 5043 1360 5116 Suetonius)
1376 5060 1411 5099 ex
1424 5043 1598 5115 antiquitate
1618 5056 1682 5098 esse
1698 5054 1783 5110 repe·

68 5137 361 5210 atiquejaouerant,
376 5150 469 5207 neque
487 5138 548 5191 tam
565 5138 616 5190 aut
630 5131 736 5206 ingrati
747 5136 798 5187 aut
813 5129 904 5204 inepti
959 5131 1091 5201 tendam,
1108 5148 1161 5188 nos
1177 5130 1378 5206 multomagis
1394 5130 1556 5189 sentiamus
1564 5129 1730 5198 rectiusque
1739 5125 1783 5181 di·

109 5259 533 5344 (lfiiTheodsretus,Gyrensis
544 5259 711 5331 episeopus,
724 5257 753 5311 in
765 5255 846 5312 Diale
868 5255 905 5326 is,
960 5256 1012 5310 riis
1021 5255 1144 5311 nendum
1168 5257 1283 5311 initiata.
1300 5255 1397 5310 Refert
1419 5251 1568 5308 Eranistes
1580 5270 1587 5307 z
1601 5248 1783 5323 Ἆῖνιγματώ-

74 5334 189 5406 quibam
208 5333 344 5388 lirenates
356 5346 463 5387 nomen
485 5331 545 5397 dat,
566 5328 684 5402 Dialogo
698 5330 726 5394 2,
753 5345 818 5401 pag.
876 5328 906 5396 9,
961 5322 1015 5387 δως
1030 5327 1048 5394 ἡ
1065 5324 1207 5398 ἀπόκρισις
1232 5323 1310 5380 ἔστω.
1346 5327 1520 5395 Propoaetur
1548 5339 1610 5395 erpo
1635 5325 1666 5379 ia
1692 5323 1783 5398 sermo

76 5406 118 5461 ed.
136 5406 216 5473 Lipr.
241 5403 280 5459 ita
304 5401 504 5459 orthodoxum
533 5402 647 5457 inducit
661 5398 811 5470 Eranistsr‚
824 5399 859 5454 de
874 5398 904 5454 S.
959 5399 1117 5467 oenipmetia
1131 5400 1278 5469 responsio.

78 5474 267 5532 Eucharistia
289 5474 480 5546 interroganti
506 5473 752 5546 respondentem:
789 5467 825 5522 Οὐ
847 5467 904 5544 χρὴ
996 5469 1052 5541 (17)
1067 5468 1224 5524 Suetonius
1240 5466 1325 5522 liber.
1344 5482 1408 5537 cap.
1426 5466 1479 5522 19:
1505 5465 1688 5537 disciplinam
1709 5483 1784 5525 ecer-

79 5550 173 5607 «ιεὼς
197 5544 303 5599 εἰπεῖν·
334 5544 407 5606 εἰκὸς
439 5544 489 5619 γάρ
524 5563 600 5605 τινας
641 5541 781 5615 ἀμυήτους
815 5538 907 5615 capal-
960 5541 1029 5596 riooe
1043 5540 1143 5611 eoepit,
1159 5537 1431 5593 animadversionum
1444 5545 1471 5593 et
1493 5537 1714 5608 teneminiurum
1736 5555 1784 5611 pe·

80 5612 132 5675 ni.
146 5620 207 5678 aaa
222 5617 298 5676 deest
311 5621 404 5691 aperte
418 5616 513 5689 loqui:
526 5616 654 5692 farreatis
672 5614 773 5671 edeam
801 5621 904 5690 myste-
958 5612 1072 5669 aeteus
1086 5626 1121 5668 ex
1137 5610 1303 5682 entmuttote
1328 5609 1463 5682 repetitis.
