3892 6104
93 312 157 379 sos
247 265 250 271 ”
798 318 1106 382 rnonneoums.
1747 311 1808 384 uo

92 447 232 518 memini,
248 447 279 505 ia
296 465 354 521 qun
368 453 497 523 quatuor
510 449 646 508 consules
661 448 781 508 Minucii
797 451 925 524 Auguri·
940 452 968 518 Α
984 451 1013 508 in
1029 458 1164 510 senatum
1180 454 1288 510 uenire.
1305 473 1320 503 s
1344 453 1488 509 imovero
1503 454 1532 508 et
1547 449 1610 522 ipse
1631 450 1805 525 Cyprianus,

92 538 128 594 ni
143 538 223 594 intra
236 554 330 594 annos
345 539 540 611 qnadraginta
556 540 704 595 numerari
719 544 851 612 possunt.
869 540 925 596 Sed
980 544 1121 614 tanquam
1147 541 1220 598 alter
1241 541 1398 612 Minucius,
1419 540 1448 597 in
1474 557 1529 597 sua
1543 539 1672 612 Epistola
1696 540 1731 594 ad
1748 540 1804 597 Do·

92 625 287 682 etMinueios
303 627 402 698 Huius,
423 626 609 684 etMinucios
629 626 771 684 Thermos
788 627 926 685 quastis
980 634 1082 686 natum
1111 630 1197 704 (Edit.
1222 631 1310 688 Oeen.
1337 631 1461 685 Tructotu
1482 629 1515 685 dc
1538 628 1645 696 Gratia,
1671 646 1735 700 pap.
1766 629 1804 701 l),

92 714 305 771 consularibus
320 714 393 788 lego.
409 715 540 787 Denique
552 721 582 772 et
601 715 746 772 Minucius
767 717 926 773 Fundanus
979 719 1115 775 meminit
1142 721 1205 790 ejus
1227 718 1367 791 temporis
1383 734 1451 791 quo,
1476 722 1509 774 ut
1524 716 1574 783 ait,
1606 717 1805 790 «indulgente

92 804 172 860 Asiae
195 820 305 875 preses
328 803 384 860 luit
411 803 546 875 illustris,
573 805 610 860 ad
641 821 729 876 quern
759 805 925 862 Hadrianus
978 807 1125 865 vindemia
1140 808 1256 864 solutus
1272 808 1389 862 animus
1404 807 1433 862 in
1449 807 1590 878 quietem,
1606 805 1752 863 solemnes
1776 811 1805 863 et

90 893 256 965 imperator
268 910 326 950 non
342 893 475 966 iniquam
486 893 523 948 de
535 893 710 950 Christianis
720 892 815 967 legem
829 895 922 952 misit:
979 900 1071 952 statas
1087 897 1155 952 anni
1178 895 1330 968 fatigantis
1352 894 1485 951 inducias
1501 895 1631 951 sortitur.
1648 916 1663 945 n
1688 899 1720 950 lt
1734 899 1803 952 tuno

89 987 127 1038 ut
137 983 203 1053 jam
219 982 294 1038 nibil
310 983 405 1038 dicam
421 983 456 1040 de
470 998 503 1038 eo
518 983 605 1054 eujus
620 984 650 1039 iu
667 983 803 1056 Epistolis
819 983 924 1039 memi·
978 985 1097 1057 quidem
1120 1001 1254 1041 secessus
1279 1000 1410 1040 amoenos
1437 988 1554 1054 captare
1569 999 1601 1039 se
1621 982 1672 1049 nit,
1692 982 1742 1039 ubi
1768 984 1804 1040 dc

88 1070 136 1125 nit
149 1070 273 1137 Plinius,
296 1071 340 1127 vel
356 1088 444 1144 quem
466 1069 514 1127 ille
531 1076 630 1127 noster
651 1071 750 1128 laudnt
775 1071 922 1140 Julianus,
978 1073 1066 1130 rebus
1092 1073 1198 1129 divinis
1222 1072 1339 1146 cogitet.
1355 1072 1419 1129 Non
1440 1070 1594 1128 dissimilis
1617 1076 1661 1128 cst
1676 1073 1803 1129 narratio

89 1160 179 1230 cujus
200 1161 238 1215 ud
262 1160 424 1217 Minucium
439 1159 573 1217 Natalem
596 1160 664 1217 libri
692 1161 822 1218 dature
846 1160 923 1217 civili
977 1163 1070 1219 nostri
1100 1162 1230 1218 Minucii.
1256 1163 1365 1218 Felices
1379 1177 1445 1217 uero
1470 1160 1638 1231 illnlerito,
1664 1162 1803 1232 quibuss

90 1247 266 1304 laudantur.
977 1252 1038 1308 foro
1054 1251 1262 1325 subselliisque
1288 1252 1432 1307 abductus
1453 1249 1656 1306 nobilissimus
1671 1250 1801 1305 causidi-

129 1336 181 1393 His
196 1353 265 1394 vero
280 1338 520 1394 omnibusunum
538 1337 701 1394 Minucium
716 1338 852 1407 Felicem,
867 1339 922 1395 etsi
976 1356 1029 1397 cus
1043 1345 1089 1397 est
1113 1340 1149 1397 ad
1170 1341 1337 1413 religiosam
1353 1340 1413 1396 eive
1438 1339 1715 1395 commentationem
1743 1339 1803 1394 sive

89 1443 152 1481 nou
167 1426 407 1498 soeritejusdem
423 1431 474 1482 nnt
498 1427 593 1499 gentis
619 1430 671 1482 aut
694 1426 822 1495 lumilie,
839 1429 922 1485 facile
976 1429 1217 1502 disputationem.
1241 1429 1351 1497 Cicero,
1374 1428 1451 1501 quod
1476 1428 1529 1484 abs
1552 1432 1652 1483 nostro
1676 1427 1803 1484 Scaevola

93 1520 256 1588 antepono,
272 1519 354 1571 etate
371 1515 490 1588 quidem
506 1515 707 1588 posteriorem,
731 1516 864 1573 doctrina
877 1522 921 1574 ta·
976 1518 1099 1590 aceepit,
1116 1523 1215 1574 narrat
1242 1519 1305 1587 (tio.
1332 1535 1352 1573 n
1366 1518 1398 1574 de
1413 1519 1534 1586 Oratore,
1562 1533 1622 1588 cap.
1638 1518 1678 1584 6).
1708 1538 1722 1566 «
1742 1517 1801 1572 1.ae-

91 1620 171 1674 men,
187 1604 299 1660 virtute
312 1608 352 1675 et,
366 1605 444 1676 quod
456 1604 550 1677 primo
565 1603 628 1661 loco
639 1606 854 1661 numerandum
865 1611 921 1674 est,
976 1606 1049 1663 lium
1065 1624 1132 1663 cum
1150 1607 1284 1680 Scipione
1299 1607 1419 1663 solitum
1439 1622 1504 1663 ease
1518 1605 1671 1673 rusticari;
1693 1620 1802 1675 eosque

91 1692 202 1763 pietate
223 1692 318 1749 multo
343 1691 533 1766 superiorem.
563 1692 630 1749 Fuit
652 1693 730 1749 enim
760 1710 817 1750 non
835 1695 920 1752 modo
975 1695 1185 1753 incredibiliter
1210 1712 1413 1769 repuerascere
1435 1692 1627 1760 esseaolitos
1657 1708 1724 1748 cum
1751 1710 1802 1749 rus

88 1781 326 1852 jurisconsultus
341 1797 478 1856 maguus,
494 1785 522 1838 et
545 1779 690 1838 excellens
714 1798 767 1839 suo
790 1786 921 1855 tempore
976 1801 1010 1842 ex
1020 1785 1297 1857 nrbe,tanuemex
1311 1784 1435 1840 vinculis
1450 1781 1629 1839 evolassent:
1645 1781 1770 1837 conchae
1785 1802 1800 1832 n

86 1876 206 1929 orator:
221 1872 273 1928 sed
289 1876 327 1943 et,
339 1872 415 1944 qnod
437 1871 535 1942 maJ‘us
547 1874 601 1941 est,
617 1871 674 1927 luit
689 1871 765 1928 serio
779 1871 920 1928 Christia-
976 1875 1063 1931 etiam
1079 1897 1093 1927 a
1108 1879 1138 1929 et
1160 1872 1316 1930 umbilicos
1331 1873 1367 1929 ad
1392 1872 1521 1943 Cajetam
1535 1875 1565 1927 ct
1592 1871 1626 1926 ad
1642 1870 1800 1926 Lucrinum

90 1975 157 2017 nus
174 1961 279 2016 arrum
295 1960 388 2017 luisse
412 1960 556 2031 suspicor,
572 1958 682 2016 licelid
698 1960 846 2016 affirmare
862 1978 919 2018 uon
974 1964 1069 2036 legere
1084 1978 1252 2029 consuesse,
1267 1966 1296 2018 et
1309 1961 1345 2017 nd
1356 1976 1474 2017 omnem
1490 1959 1580 2016 animi
1596 1959 1800 2015 remissionem

88 2048 198 2105 ausim
214 2049 297 2106 Certe
312 2049 465 2106 Frontonis
480 2047 624 2106 Cirtensis
647 2048 736 2116 (Cirta
752 2055 849 2106 autern
866 2051 920 2108 luit
974 2051 1137 2125 ludumque
1152 2050 1338 2108 descendere.
1356 2071 1371 2099 u
1392 2049 1463 2120 lljus
1477 2064 1544 2104 veru
1559 2046 1684 2119 exempli
1699 2049 1799 2104 statim

87 2137 277 2195 nobilissima
293 2137 437 2193 Numidiae
449 2137 560 2205 civitas,
577 2139 663 2209 eujus
677 2141 705 2194 et
720 2139 749 2194 iu
766 2139 918 2196 Pandectia
974 2141 1047 2197 mibi
1063 2141 1092 2197 in
1107 2144 1236 2197 mentem
1252 2139 1340 2209 venit,
1351 2154 1418 2194 cum
1429 2135 1589 2193 Minucium
1598 2137 1741 2206 audirem,
1758 2138 1801 2192 rei·¹

90 2227 202 2283 mentio
218 2227 262 2298 lit)
277 2226 318 2282 ita
343 2226 487 2293 meminit,
506 2231 540 2282 ut
563 2226 593 2283 in
613 2226 710 2282 Atrion
724 2232 872 2284 versatum
887 2244 918 2286 se
974 2230 1043 2287 lictu
1056 2230 1180 2301 strepitu
1201 2226 1320 2298 lorensi,
1344 2242 1412 2282 cum
1428 2242 1482 2282 suo
1508 2224 1625 2282 Octauo
1653 2225 1798 2294 rusticari,

88 2332 154 2372 csse
169 2315 326 2388 significet.
343 2319 450 2387 Estque
465 2331 558 2387 genus
572 2313 689 2371 dicendi
711 2315 918 2390 scribendique
972 2323 1002 2374 et
1017 2319 1048 2372 in
1073 2316 1173 2372 littore
1197 2315 1325 2372 Ostiensi
1340 2313 1468 2370 suaviter
1490 2316 1622 2385 spectare
1644 2312 1797 2385 puerilem,

88 2410 221 2472 secutus,
239 2403 325 2476 quale
347 2405 408 2460 Arri
439 2404 492 2473 illi,
509 2403 718 2473 Tertullianus,
744 2404 917 2479 Cyprianus,
973 2421 1061 2478 quem
1085 2405 1234 2472 describit,
1263 2402 1377 2458 ludum.
1409 2402 1465 2458 Sed
1489 2418 1557 2457 cum
1580 2400 1686 2457 deinde
1711 2403 1799 2458 audio

88 2493 256 2548 Amobius:
287 2497 318 2548 ut
336 2494 396 2562 jam
424 2493 460 2549 de
476 2493 687 2566 posterioribus
716 2510 773 2550 nun
803 2495 918 2568 loquar,
973 2512 1063 2569 quam
1079 2495 1108 2550 in
1124 2493 1177 2550 illo
1193 2508 1309 2550 secessu
1326 2491 1460 2564 etgravis
1475 2495 1504 2546 et
1518 2491 1595 2548 seris
1608 2491 1644 2546 de
1659 2489 1799 2563 religione

90 2599 165 2655 qnos
181 2583 284 2638 eadem
301 2581 371 2638 olim
392 2581 464 2637 aluit
478 2582 591 2650 Africa,
616 2581 677 2654 illa,
692 2582 825 2656 inquam,
851 2583 920 2641 felin
972 2585 1133 2658 disputatio
1158 2583 1302 2649 suscitet
1324 2579 1411 2653 quale
1437 2581 1475 2636 sit
1498 2580 1528 2634 in
1544 2580 1660 2635 deserto
1688 2580 1799 2637 loruioe

90 2671 277 2743 fecundaque
298 2671 404 2740 Africa,
429 2686 494 2742 que
518 2675 551 2727 ut
574 2686 692 2745 semper
715 2672 827 2744 aliquid
852 2673 918 2730 nori
972 2672 1139 2742 consilium,
1156 2670 1252 2728 sentio
1268 2685 1420 2741 nunquam
1435 2673 1569 2725 coactum
1585 2668 1684 2724 Romae
1706 2668 1798 2725 luisse

90 2761 220 2834 prolerre
235 2760 398 2826 dicebatur,
414 2758 457 2815 sic
472 2761 557 2815 etiam
570 2759 721 2832 religionis
736 2766 843 2819 nostre
857 2762 919 2818 vin·
972 2767 1109 2818 senatum
1124 2760 1230 2832 majori
1246 2760 1281 2815 de
1296 2773 1341 2814 re:
1365 2756 1538 2829 nullumque
1560 2756 1667 2821 lorum,
1692 2757 1794 2814 urbem

91 2851 169 2906 dices
184 2852 213 2905 et
228 2852 366 2921 patronos
382 2847 569 2904 doctissimos
584 2848 810 2922 acerrimusque·
820 2855 919 2922 protu·
972 2850 1096 2916 nullam,
1113 2848 1227 2904 nullum
1243 2845 1404 2920 negotium,
1416 2844 1529 2902 illisive
1540 2844 1609 2915 otio,
1620 2845 1681 2901 sive
1696 2844 1797 2901 solitu·

91 2938 132 3002 lit,
149 2937 231 2994 etad
247 2937 344 3008 ipsius
370 2952 488 3008 quoque
512 2937 651 2993 Romanas
669 2938 803 2995 Ecclesia
818 2940 917 3013 proesi·
972 2939 1035 2997 dini
1047 2936 1215 3011 pretulero:
1227 2935 1392 3009 sepiusque
1406 2932 1649 3004 utJuriscousulti
1664 2948 1697 2988 eo
1709 2934 1795 2989 ruodo

92 3029 172 3082 dium
189 3030 278 3098 atque
288 3025 487 3081 defensionem
505 3025 616 3094 emisit;
634 3041 702 3082 nam
717 3032 793 3083 etex
815 3028 917 3086 endem
972 3028 1079 3095 seriari,
1096 3025 1230 3083 secedere
1252 3030 1341 3096 atque
1363 3022 1505 3079 rusticari
1519 3021 1676 3093 aliquando
1694 3021 1794 3090 velint,

92 3115 187 3170 Africa
215 3114 375 3187 prodibant
408 3113 508 3169 hostes
537 3113 658 3170 minime
688 3115 793 3188 ignavi,
823 3133 917 3190 neque
972 3121 1072 3189 optare
1087 3131 1185 3187 cogor.
1213 3116 1257 3171 An
1287 3114 1317 3168 in
1336 3129 1436 3168 eorum
1464 3111 1579 3167 animos
1606 3110 1708 3166 cudere
1738 3128 1798 3167 non

92 3204 217 3276 improbi
236 3203 346 3271 minus,
360 3219 446 3274 quam
469 3200 655 3259 vehementes
679 3184 953 3276 calumniabant}
974 3209 1070 3279 potest
1093 3207 1194 3260 sancta
1218 3201 1317 3275 eliqua
1340 3205 1368 3258 et
1392 3200 1530 3273 religiosa
1554 3204 1583 3256 et
1606 3205 1716 3255 secreto
1744 3217 1798 3256 suo

93 3291 199 3366 qualis,
212 3308 250 3348 ne
268 3291 386 3365 longius
403 3292 517 3357 abeam,
534 3290 588 3346 luit
602 3290 660 3363 ille,
675 3293 762 3363 eujus
780 3294 842 3365 jem
859 3310 919 3349 me·
974 3294 1063 3367 digna
1080 3309 1176 3349 rerum
1192 3290 1357 3346 divinarum
1380 3288 1540 3361 cogitatio?
1564 3289 1733 3344 Lactantius
1754 3289 1799 3344 in·

93 3381 418 3453 mini,Fronto;quem
430 3379 548 3452 quidem
560 3383 620 3436 tam
635 3379 836 3452 impudentem
853 3383 919 3439 rhe·
973 3384 1039 3441 uuit
1066 3381 1226 3438 Minucium
1256 3395 1320 3437 sese
1355 3381 1450 3434 totum
1479 3394 1537 3434 non
1574 3378 1734 3433 contulisse
1763 3377 1799 3432 ad

91 3474 199 3541 torem,
215 3485 305 3540 quem
327 3469 452 3541 impium
472 3468 704 3527 cbristianorum
719 3471 919 3529 adversarium
974 3472 1105 3530 studium
1122 3487 1219 3527 rerum
1230 3467 1505 3526 ecclesiasticarum.
1518 3466 1574 3523 Sed
1586 3471 1666 3521 tauto
1675 3465 1800 3521 nobilior

91 3559 196 3626 luisse,
207 3574 244 3614 ex
252 3558 380 3613 Minucio
391 3556 600 3631 intelligemus.
611 3558 724 3615 Nollem
735 3559 813 3617 huuc
830 3560 921 3617 luisse
975 3562 1039 3634 ejus
1050 3558 1285 3631 jurisprudentia
1310 3557 1375 3623 init,
1401 3573 1476 3628 que,
1498 3554 1595 3627 qualis
1618 3571 1683 3610 esse
1703 3554 1800 3620 debet,

91 3646 246 3720 Papirium
262 3646 717 3719 Frontonem,jurisconsultnm,
734 3648 783 3720 qui
802 3648 833 3704 in
848 3654 922 3706 Pan·
974 3648 1005 3706 in
1021 3647 1171 3722 republica
1192 3648 1265 3704 lbit:
1291 3651 1320 3704 et
1342 3660 1441 3702 rerum
1465 3645 1631 3700 divinarum
1655 3644 1801 3699 humana·

90 3734 349 3794 dectislaudatur.
365 3735 505 3809 Suspicor
524 3737 623 3809 potius
639 3737 730 3794 tuisse
754 3739 922 3797 Cornelium
975 3753 1217 3811 rumqnecuram
1240 3741 1270 3793 et
1292 3734 1488 3810 cognitionem
1515 3732 1685 3805 conjunxit:
1704 3738 1800 3789 tauto·
1843 3786 1852 3818 ,-

91 3826 272 3883 Frontonem
311 3824 467 3895 rhetorem,
497 3841 584 3898 quem
611 3826 793 3900 Capitolinus
823 3833 923 3886 narrat
976 3844 1033 3901 que
1048 3831 1200 3901 propterea
1216 3824 1311 3898 magis
1331 3825 1396 3897 elus
1419 3823 1587 3896 exemplum
1615 3821 1708 3878 nostri
1725 3821 1801 3878 ordi-

88 3916 186 3971 luisse
202 3918 409 3988 preceptorem
426 3914 462 3972 M.
479 3914 618 3970 Antonini
630 3915 809 3990 philosophi,
826 3916 920 3989 impe·
977 3917 1023 3974 nis
1038 3916 1207 3973 hominibus
1231 3913 1416 3980 commendo,
1438 3915 1471 3968 ut
1495 3911 1600 3968 saltem
1625 3910 1729 3965 diebus
1750 3926 1801 3965 ne·

87 4003 212 4074 tatoris,
228 4006 257 4060 et
279 4019 313 4059 ex
337 4003 526 4076 cujusetiam
549 4003 651 4061 ecbola
669 4006 795 4062 oratoria
810 4006 922 4079 accepi·
977 4005 1060 4062 lastis
1075 4005 1105 4060 in
1130 4004 1188 4060 otio
1213 4003 1342 4059 melioria
1365 3999 1515 4074 religionis
1544 4000 1635 4056 fastos
1658 3997 1800 4062 excolant,

87 4109 165 4150 mus
185 4093 329 4165 prodiisse
352 4091 436 4149 illum
463 4097 597 4149 nostrum
610 4094 651 4167 (1)
670 4088 850 4163 Melitenam,
873 4095 923 4166 qui
976 4094 1071 4167 iisque
1086 4110 1117 4150 se
1132 4094 1203 4149 dent
1227 4096 1316 4164 atque
1337 4090 1484 4148 addicant.
1509 4089 1662 4145 Habebunt
1677 4086 1745 4142 olim
1765 4086 1802 4141 ie·

86 4183 128 4239 ad
146 4180 383 4238 Cheistianorum
400 4183 600 4239 detonsionem
624 4183 820 4256 eloquentiam
836 4201 922 4240 suam
977 4184 1087 4240 rinntes
1102 4180 1225 4239 Romani
1240 4197 1324 4237 susm
1347 4178 1576 4236 «decursionem
1591 4175 1770 4238 Tiberinum,
1785 4193 1799 4226 a

85 4271 259 4330 convertit:
276 4275 309 4326 ut
324 4272 401 4344 quod
413 4271 472 4328 illis
487 4272 599 4345 impius
615 4277 773 4345 praeceptor
784 4273 923 4345 probrum
978 4275 1064 4346 cujus
1093 4270 1229 4327 meminit
1255 4269 1355 4327 Cicero
1378 4266 1441 4341 (tii.
1467 4284 1485 4323 v
1510 4266 1543 4321 de
1570 4267 1634 4320 Ftn.
1655 4281 1715 4335 cop.
1743 4263 1801 4335 2-4),

85 4365 264 4434 asperserat
278 4360 489 4430 maledicendo,
505 4362 602 4418 bonus
627 4361 790 4433 discipulus
811 4360 925 4418 abster·
978 4377 1133 4433 suamque,
1145 4359 1265 4431 utlegee
1276 4359 1314 4430 (2)
1330 4360 1434 4413 nostra
1448 4359 1563 4421 vocant,
1578 4376 1592 4404 «
1609 4353 1770 4424 Majumum
1788 4373 1803 4403 »

85 4452 180 4526 geret
195 4449 409 4521 respondendo.
979 4452 1015 4508 ad
1030 4449 1153 4508 Ostiam.
1178 4447 1235 4504 Sed
1251 4446 1383 4503 excursio
1398 4443 1489 4500 nostri
1510 4442 1631 4499 Minucii
1645 4458 1732 4515 quam
1750 4443 1803 4498 ml-

130 4538 216 4594 202
231 4537 392 4595 Minucium
408 4542 541 4596 nostrum
566 4543 664 4596 Rome
688 4556 792 4596 causas
818 4540 924 4614 egisse,
940 4556 963 4622 [J
978 4539 1057 4596 nime
1071 4542 1123 4594 aut
1136 4536 1230 4593 otiosa
1244 4539 1295 4591 uut
1307 4534 1421 4590 ludicra
1435 4531 1512 4587 init?
1537 4530 1631 4604 Digna
1644 4531 1721 4587 2⁰³
1738 4547 1803 4601 pro·

87 4625 191 4704 paulo
206 4632 273 4685 aute
288 4644 322 4684 ex
337 4628 487 4686 Lactantio
502 4636 531 4686 et
544 4629 719 4702 Hieronymo
734 4630 846 4687 dictum
861 4634 923 4686 est:
980 4630 1065 4695 iectu,
1081 4627 1165 4697 cujus
1188 4623 1312 4697 vestigia
1327 4621 1451 4679 libenter
1469 4620 1651 4693 conspiceret
1664 4621 1803 4693 Augusti·

87 4733 198 4790 neque
213 4715 530 4790 hocipsedissimulat,
542 4733 609 4774 cum
619 4717 834 4775 vindemiarum
845 4718 925 4776 feriis
979 4734 1050 4775 nus:
1066 4720 1096 4772 et
1109 4715 1193 4770 illum
1210 4728 1370 4781 recessum,
1388 4712 1419 4767 in
1443 4728 1502 4784 quo
1523 4710 1624 4766 bubitn
1642 4714 1687 4766 est
1700 4710 1804 4781 dispu-

87 4822 203 4866 curam
227 4805 416 4878 judiciariam
444 4806 500 4862 sibi
526 4808 678 4865 remissam
694 4808 787 4865 luisse
816 4811 924 4864 narrat.
980 4806 1062 4875 tatio,
1079 4803 1230 4873 salutaret,
1244 4818 1311 4859 eum
1336 4801 1367 4856 in
1382 4799 1504 4857 ecelesia
1522 4798 1650 4856 Ostiensi
1679 4803 1803 4853 matrem

87 4896 151 4954 Sic
164 4894 244 4951 enim
258 4899 287 4952 et
300 4893 446 4967 Ulpianus
472 4893 502 4950 iu
519 4894 747 4970 Pandectislege
764 4898 777 4952 l
794 4895 927 4952 chera'is
981 4911 1065 4953 suam
1092 4892 1238 4950 Monicam
1261 4889 1407 4964 sepeliret.
1434 4888 1576 4961 Equidem
1597 4885 1725 4958 religiosi
1740 4885 1804 4954 ejus

90 4983 261 5052 ceribitdl.
272 4983 412 5040 Antonini
420 4983 605 5057 imperatoris
616 4985 745 5042 oratione
755 5000 926 5058 expressum
981 4983 1130 5057 colloquii,
1146 4982 1224 5055 quod
1239 4985 1340 5038 sancta
1358 4979 1419 5037 bec
1432 4982 1566 5035 matrona
1590 4991 1657 5030 eum
1673 4971 1732 5028 filio
1749 4987 1804 5026 suo

91 5073 269 5132 tuissesne
282 5073 352 5147 quis
361 5075 503 5131 messium
513 5078 564 5130 aut
574 5074 787 5131 vindemiarum
797 5080 928 5148 tempore
981 5073 1084 5131 babuit
1098 5073 1135 5129 nd
1162 5072 1240 5128 ostia
1262 5070 1313 5127 illa
1340 5068 1476 5126 Tiberina
1503 5062 1600 5136 (sicuti
1625 5062 1687 5134 ipse
1702 5060 1805 5116 recitat

91 5163 304 5222 adversarium
324 5168 440 5237 cogeret
455 5163 491 5220 ed
513 5163 657 5234 judicium
674 5163 783 5221 venire.
799 5186 813 5215 u
836 5163 928 5220 Sicuti
981 5163 1033 5219 lib.
1049 5179 1078 5218 xi
1094 5161 1285 5234 confession),
1306 5157 1475 5214 meminisse
1498 5151 1586 5218 soleo,
1603 5149 1716 5222 quoties
1737 5148 1804 5204 Dia·

92 5259 130 5310 ct
144 5252 306 5309 Suetonius
329 5254 404 5325 (cap.
419 5253 465 5325 35)
481 5256 580 5308 narrat
599 5254 762 5324 Augustum
778 5253 928 5321 statuisse,
982 5251 1081 5325 logum
1097 5250 1176 5307 buno
1190 5247 1387 5304 Minucieuum
1403 5245 1478 5316 lego.

97 5366 113 5392 a
136 5357 171 5397 ne
202 5341 363 5414 Septembri
388 5341 540 5400 Octobriue
564 5357 663 5398 mense
692 5358 811 5399 necesse
839 5345 929 5410 esset,
1018 5341 1155 5405 Quanam
1175 5341 1252 5394 essct
1279 5332 1402 5391 Romani
1430 5330 1483 5388 iuri
1512 5326 1653 5399 conditio,
1681 5343 1747 5383 oum
1776 5325 1806 5381 in

145 5501 378 5571 (l)Sardensem
394 5501 575 5575 episcopum,
611 5504 757 5558 auctorem
785 5501 930 5576 Apologia
985 5493 1411 5559 Ostiaeeoeludoscelebrntos
1434 5489 1526 5562 addit,
1568 5505 1672 5546 uorum
1690 5503 1807 5543 summa

101 5588 157 5646 pro
172 5571 360 5630 Christianis.
375 5573 481 5632 Hieron
502 5590 543 5629 nl.
559 5574 680 5646 Catulop.
984 5572 1039 5627 tuit
1083 5564 1207 5622 donadeis
1233 5564 1341 5624 ἐντοῖς
1366 5559 1519 5627 θαλαττίοις
1578 5580 1647 5633 actv,
1663 5557 1807 5631 ἀλλήλους

139 5645 180 5719 (2)
196 5642 293 5705 Titulo
308 5645 463 5721 utriusque
483 5590 598 5704 Hodicie
611 5643 645 5703 dc
665 5644 795 5716 disjunta.
823 5644 930 5703 Suidas
985 5635 1074 5716 ἑμὸάλ
1097 5657 1182 5699 οντες.
1741 5662 1748 5674 .
