3892 6104
148 326 187 388 aa
726 283 987 377 nisenararro
1010 305 1282 371 monacnum
1305 324 1309 333 ·
1816 311 1858 370 aa

149 473 240 516 aem:
258 478 269 507 ι
291 453 449 512 Maximilla
464 453 500 509 de
527 467 558 506 se
573 447 754 521 praedixerat,
780 447 846 517 pest
862 459 892 498 se
907 457 973 514 pro·
988 439 1016 509 Α
1032 440 1064 494 ut
1080 436 1160 494 illam
1172 454 1224 510 pro
1238 454 1305 492 vera
1317 437 1499 511 prophetissa
1510 438 1656 507 habuerit,
1669 455 1721 496 neo
1733 441 1858 512 proinde

150 545 313 621 phetissam
329 543 417 598 aliam
439 557 496 597 non
516 539 653 599 suturam,
670 537 720 592 sod
744 530 973 590 consummatio·
1029 526 1281 583 Montanistaesse
1293 527 1398 598 potuit.
1415 528 1589 599 Quanquam
1602 528 1680 584 enim
1692 528 1858 588 eaharcsis

151 650 229 691 nam.
244 632 340 689 Verba
355 631 419 701 alus
435 628 511 702 apud
528 625 725 699 Epiphaniam
747 622 797 677 illa
811 624 881 676 sunt
896 619 972 689 (itit
1029 619 1130 688 postea
1143 615 1171 670 iu
1187 615 1283 673 varias
1299 615 1404 670 deiude
1420 620 1514 671 sectas
1529 615 1687 672 distributa
1711 617 1809 685 luerit,
1827 620 1857 675 iu

151 721 216 779 Μετ’
245 719 294 793 lpl
318 721 454 793 προφῆτις
484 713 574 770 οὐκέτι
603 708 686 778 ἔσται,
716 707 789 764 ἀλλὰ
823 704 973 761 συντέλεια.
1030 719 1062 761 eo
1077 708 1177 760 tamen
1188 719 1290 760 omnes
1302 704 1520 769 conveniebant,
1532 704 1644 775 primas
1656 705 1722 761 illas
1733 707 1856 763 muliar-

151 810 212 869 Eub
237 805 350 881 imperii
376 804 465 861 Marci
491 804 578 860 tinem
603 798 761 857 excessisse
786 793 973 853 Maximillam
1030 792 1111 848 culos
1127 809 1178 866 pro
1190 792 1383 867 prophetissis
1402 793 1490 849 tuisse
1504 795 1715 867 agnoscendas.
1732 796 1859 853 thetur

151 895 371 959 ussissillimum
394 897 449 950 ast.
464 896 536 949 Cum
561 891 639 948 enim
665 889 700 946 ab
716 888 779 958 ejus
803 901 922 942 excessu
938 883 975 938 ad
1030 882 1169 950 secundo,
1186 886 1218 937 ut
1238 899 1324 938 sensu
1350 882 1562 955 benignissimo
1588 884 1753 941 Maximilla
1767 886 1860 942 verba

153 1001 252 1054 suum,
274 999 331 1056 quo
357 981 513 1046 scribebat,
539 995 649 1036 sonaim
674 993 766 1034 annos
789 993 831 1032 xrr
855 974 976 1031 sivexrv
1030 969 1266 1042 interpretemur,
1283 975 1312 1026 et
1331 972 1365 1026 de
1381 971 1553 1027 mulieribus
1577 973 1781 1046 prophetissis,
1799 992 1859 1032 non

153 1075 322 1143 inchoatum
334 1074 468 1128 numeret
477 1068 610 1124 Asterius
620 1063 755 1124 Urbanus
770 1064 837 1136 (aa),
850 1079 908 1118 non
919 1060 976 1117 alio
1033 1060 1068 1115 de
1078 1059 1148 1116 viris
1161 1060 1311 1133 prophetis
1322 1060 1523 1132 intelligamus
1535 1078 1541 1116 :
1556 1077 1591 1116 ne
1603 1061 1643 1118 ita
1652 1064 1771 1135 quidem
1782 1063 1859 1121 hauc

154 1163 215 1232 illa,
232 1176 321 1235 quam
348 1159 384 1216 ad
408 1157 557 1214 Commodi
580 1155 737 1227 imperium
760 1151 857 1225 aptius
878 1147 978 1206 sessuri
1033 1147 1447 1221 praelationemahlontanista
1457 1148 1545 1204 scribi
1555 1150 1859 1225 potuissel‘erpetuas

155 1266 253 1327 posse,
278 1249 448 1306 existimant
471 1244 587 1302 eruditi.
621 1248 726 1299 Contra
749 1239 901 1308 Catholici,
932 1235 978 1294 vel
1034 1237 1112 1294 euim
1123 1237 1315 1310 prophetissae
1326 1237 1452 1294 visiones
1464 1239 1754 1312 eratcomplexurus.
1765 1242 1862 1306 Quan-

157 1340 227 1397 binc
241 1337 308 1398 illos
322 1335 480 1410 prophetia
502 1337 658 1406 praetextus
681 1330 747 1388 ialsi
766 1326 979 1386 convincendos
1036 1343 1124 1399 quam
1135 1330 1247 1383 certum
1259 1327 1307 1395 sit,
1319 1326 1394 1384 hanc
1402 1328 1672 1399 interpretationem
1683 1331 1719 1386 ad
1729 1335 1860 1389 mentem

160 1432 275 1503 putant,
290 1426 367 1500 qued
384 1441 442 1482 suas
458 1421 627 1497 prophetiae,
643 1420 688 1477 vel
702 1437 736 1478 ex
751 1419 894 1485 confesso,
912 1415 980 1471 finis
1036 1413 1202 1472 Maximillae
1213 1416 1427 1472 accommodari
1439 1434 1497 1473 non
1509 1433 1604 1489 posse.
1616 1420 1684 1484 Qua
1695 1419 1784 1487 enim,
1794 1425 1863 1492 post

159 1518 233 1575 toret
243 1515 398 1588 aliqnando
409 1512 594 1578 statuendus,
608 1526 709 1567 verum
724 1507 908 1582 prophetiam
918 1520 982 1577 pcr-
1037 1520 1068 1561 se
1083 1499 1236 1557 συντέλειαν
1251 1505 1311 1560 lore
1320 1505 1442 1573 dixerat,
1459 1521 1523 1562 eam
1534 1521 1650 1562 omnem
1662 1524 1783 1580 prorsus
1794 1525 1862 1582 pro·

159 1611 277 1679 petuam
291 1605 364 1672 tore,
379 1607 410 1660 et
423 1603 459 1658 ad
475 1599 576 1658 mundi
590 1615 684 1671 usque
698 1595 981 1655 consummationem
1037 1591 1144 1666 phetiae
1159 1608 1246 1648 usum
1257 1591 1443 1650 exclusurum
1456 1611 1574 1651 necesse
1587 1600 1658 1652 erat.
1674 1595 1781 1669 Tertio,
1792 1613 1860 1655 cum

42 1707 47 1715 ·
160 1709 260 1768 pavero
275 1707 509 1766 permansuram.
526 1689 588 1753 Qua
596 1688 816 1745 ratiocinatione
830 1685 871 1741 ita
885 1683 984 1741 ablue·
1036 1681 1092 1737 hac
1105 1680 1171 1753 ipsa
1186 1682 1451 1754 argumentatione,
1468 1686 1534 1739 ante
1548 1700 1641 1740 annos
1655 1685 1691 1740 ad
1703 1685 1862 1743 minimum

160 1787 231 1843 runt
245 1798 262 1839 a
276 1781 419 1855 negandis
439 1795 561 1837 suorum
576 1783 742 1849 temporum
763 1773 935 1848 prophetiis,
951 1775 984 1827 ut
1038 1770 1150 1836 decem,
1164 1769 1195 1824 in
1210 1774 1290 1826 secta
1301 1768 1350 1826 illa
1362 1770 1520 1827 refellenda
1535 1788 1607 1845 usus
1624 1773 1717 1830 lucrat
1727 1774 1863 1831 Asterius

161 1873 191 1930 in
207 1887 393 1944 quacumque
413 1868 542 1926 Ecclesia
557 1884 615 1923 nen
638 1865 763 1922 tuissent
777 1862 934 1938 propheta,
950 1876 985 1916 ea
1039 1858 1184 1928 Urbanus,
1201 1858 1268 1930 quis
1284 1860 1393 1928 credat,
1408 1861 1510 1916 eadem
1527 1863 1779 1934 argumentatione
1793 1879 1865 1921 usu·

163 1978 200 2019 ne
214 1965 292 2019 esset
306 1958 426 2032 quidem
440 1972 493 2029 pro
509 1954 637 2012 Ecclesia
651 1954 795 2010 habenda.
811 1973 824 2005 ι
1039 1963 1105 2006 rum
1121 1949 1205 2003 secta
1221 1948 1401 2019 patronum?
1421 1951 1539 2016 Quarto,
1555 1950 1582 2006 id
1609 1951 1696 2007 ctiam
1711 1968 1745 2008 ex
1759 1953 1864 2011 eodem

198 2042 984 2125 ltaargumentatusesthsteriasUrbanns(50):aNam
1039 2033 1156 2093 Urbano
1168 2039 1292 2102 constat,
1303 2036 1339 2092 de
1351 2037 1426 2093 fatto
1437 2036 1503 2093 illos
1516 2055 1633 2096 omnem
1643 2057 1727 2098 suam
1737 2041 1863 2114 prophe-

163 2142 187 2199 ,ρ
204 2140 336 2214 quidem,
352 2140 383 2193 ut
399 2135 567 2208 ppaedimq
587 2137 654 2206 post
668 2133 847 2198 Quadratum
871 2136 901 2188 es
915 2134 984 2189 pm.
1040 2127 1137 2183 tarum
1153 2125 1370 2181 successionem
1385 2127 1414 2181 iu
1431 2128 1590 2186 Maximilia
1609 2131 1793 2204 terminasse,
1809 2148 1864 2190 neo

162 2230 254 2289 mium
264 2224 548 2297 Philadelphensam,
575 2222 712 2278 mulieres
727 2221 784 2277 illas
809 2222 937 2279 Montani
955 2222 984 2277 in
1040 2212 1131 2271 olium
1148 2214 1280 2286 quemvis
1295 2215 1458 2287 postillam
1474 2218 1630 2275 admisisse
1652 2237 1862 2279 scucessorem.

163 2316 323 2394 prophetia
338 2313 462 2388 gretiam
485 2316 701 2379 successerunt,
727 2311 882 2367 ostendant
901 2310 985 2367 nobis
1040 2304 1147 2360 Eadem
1159 2305 1409 2376 argumentatione
1420 2323 1491 2362 usus
1504 2307 1695 2380 Epiphanius,
1708 2311 1865 2382 postillius

162 2406 284 2480 quinam
299 2403 377 2460 inter
389 2401 614 2475 ipsosllontano
628 2417 661 2456 ac
676 2399 857 2456 mulierculis
867 2415 985 2456 succes·
1040 2393 1153 2448 obitum
1164 2392 1311 2448 neminem
1322 2392 1413 2450 alium
1425 2412 1442 2451 a
1455 2395 1643 2454 Montanistis
1653 2399 1689 2454 ad
1705 2415 1865 2472 sucusque

162 2495 264 2556 serint.
281 2492 393 2551 maim
408 2490 566 2564 prophetias
582 2490 691 2546 donum
707 2489 737 2544 in
758 2489 837 2545 cinni
858 2488 986 2546 Ecclesia
1040 2483 1173 2553 tempora
1186 2482 1320 2555 agnitum
1336 2498 1400 2539 esse
1419 2484 1584 2541 coufirmat.
1601 2485 1676 2542 Fieri
1701 2487 1790 2560 igitur
1804 2505 1864 2546 non

163 2585 200 2649 cd
216 2583 354 2641 altimum
376 2596 471 2652 usque
489 2578 605 2635 Domini
633 2579 790 2634 aduentum
815 2594 987 2651 permanere
1040 2574 1147 2644 potest,
1163 2574 1196 2627 ut
1218 2573 1396 2629 montanista
1420 2574 1559 2630 Saturum
1584 2578 1817 2650 Perpetuumque
1832 2578 1864 2644 in

163 2673 269 2732 debere
280 2673 381 2728 auctor
392 2674 437 2725 est
451 2665 616 2741 Apostolus.
633 2688 647 2716 »
1040 2659 1248 2735 prophetarum
1260 2661 1360 2717 album
1370 2661 1511 2718 retulerit.
1523 2665 1555 2718 Id
1567 2663 1673 2722 saltem
1685 2683 1721 2724 ex
1731 2666 1782 2723 illa
1791 2665 1865 2725 alio-

198 2761 241 2817 Ad
256 2759 390 2817 eamdem
405 2758 530 2815 formam
544 2759 765 2828 argumentatur
781 2759 864 2812 vetus
874 2755 923 2812 ille
938 2772 987 2813 au·
1041 2765 1107 2804 rum
1122 2749 1376 2821 argumentatione
1399 2752 1539 2808 concedat
1557 2751 1648 2810 lector
1670 2771 1788 2813 necesse
1809 2760 1865 2828 est,

163 2858 234 2917 asor,
249 2847 418 2921 quicunque
436 2846 502 2914 luit,
526 2850 687 2914 martyrum
711 2849 986 2917 contemporaneus,
1041 2837 1092 2911 qui
1103 2838 1144 2893 ita
1154 2842 1385 2910 argumentatur,
1398 2856 1455 2895 non
1466 2855 1531 2897 esse
1541 2858 1575 2897 eo
1585 2843 1703 2900 nomine
1719 2861 1769 2917 pro
1780 2862 1865 2902 mon-

84 2957 89 2968 ·
163 2941 301 3000 Actorum
317 2936 463 3008 Perpetua
479 2937 507 2990 et
517 2933 684 2989 Felicitatis.
698 2933 725 2989 ls
741 2934 801 3000 nbi,
817 2932 906 2989 allato
921 2933 985 2990 loe·
1040 2926 1150 2983 tanista
1173 2927 1392 2983 aestimandum.
1408 2929 1466 2986 Nec
1487 2934 1587 2987 tomen
1602 2932 1681 2988 aliud
1702 2935 1866 3005 proterunt,

164 3028 201 3087 lis
215 3026 289 3093 looo,
305 3026 353 3082 81
377 3023 540 3096 probasset,
563 3022 604 3077 ita
628 3038 686 3077 non
701 3022 824 3079 deficere
849 3021 986 3079 avetcris
1041 3015 1091 3088 qui
1105 3015 1188 3072 aliter
1199 3015 1329 3072 sentiunt
1340 3016 1394 3072 viri
1405 3034 1476 3073 sane
1487 3019 1604 3076 eruditi.
1621 3043 1636 3070 ιν
1650 3023 1714 3078 llac
1728 3023 1865 3080 Dodwsl·

162 3114 343 3175 'l'estamenti
366 3111 431 3168 illas
456 3112 520 3167 novi
546 3110 725 3166 Testamenti
751 3111 929 3183 prophetias,
954 3116 988 3167 ut
1042 3105 1100 3174 lus,
1116 3122 1178 3176 qua
1191 3109 1291 3162 tamen
1306 3107 1441 3177 quamvis
1455 3109 1577 3179 erudite,
1593 3126 1625 3166 ac
1641 3111 1790 3170 subtiliter
1804 3114 1868 3170 dis-

164 3207 234 3265 sont
250 3200 347 3275 potius
361 3216 396 3256 ex
415 3200 536 3255 adverso
561 3199 617 3253 snb
632 3215 704 3254 nouo
729 3200 916 3255 Testamenta
935 3217 986 3271 pc·
1003 3177 1025 3245 G
1044 3198 1156 3268 putate,
1172 3198 1344 3267 extorquere
1359 3212 1377 3251 a
1396 3212 1443 3252 me
1458 3198 1628 3270 neutiquam
1649 3206 1816 3273 potnerunt,
1833 3209 1869 3260 ut

162 3292 253 3356 tiores
266 3290 479 3362 exspectandae,
490 3287 550 3343 hac
561 3287 666 3344 deinde
680 3288 832 3359 subjungit
847 3289 876 3344 in
892 3287 985 3357 illam,
1042 3281 1100 3338 illis
1115 3299 1270 3340 assensum
1287 3286 1547 3343 accommodarem.
1563 3288 1613 3344 His
1629 3290 1707 3346 enim
1722 3291 1751 3347 in
1767 3293 1868 3361 rebus,

163 3397 250 3454 quam
264 3378 335 3445 dixi,
350 3379 546 3436 sententiam:
564 3399 578 3427 a
601 3378 701 3448 ltaque
714 3383 743 3434 et
757 3395 822 3444 nos,
845 3379 895 3450 qui
911 3377 1005 3434 sicut·
1042 3371 1267 3445 quibuscunque
1297 3376 1405 3430 nostris
1436 3376 1595 3433 subtilibus
1626 3384 1714 3450 atque
1744 3382 1867 3438 eruditis

163 3469 332 3544 prophetias
345 3469 386 3524 ita
400 3472 429 3524 et
444 3468 572 3524 visiones
594 3483 694 3534 novas,
709 3471 764 3523 etc.
784 3490 794 3517 ι
813 3468 851 3524 Eo
867 3467 987 3524 omnino
1043 3462 1299 3519 observationibus
1315 3462 1469 3534 prevalere
1484 3467 1590 3521 debent
1604 3483 1700 3524 rerum
1716 3477 1867 3540 gestarum

164 3562 276 3631 spectat
288 3561 350 3613 tota
363 3573 398 3612 ea
419 3556 591 3628 disputatio,
608 3573 643 3610 nc
659 3557 753 3611 fraudi
778 3561 855 3613 esset
870 3562 988 3613 secutu-
1041 3550 1170 3607 indubiae
1187 3551 1253 3608 fidei
1271 3560 1471 3620 monumenta·
1487 3572 1523 3610 0¹
1536 3555 1652 3627 quibus.
1665 3562 1697 3614 ut
1710 3560 1798 3615 modo
1813 3560 1864 3617 82

164 3646 206 3707 rts
219 3645 392 3712 visionibus,
413 3647 488 3715 quod
515 3642 626 3699 ultimis
651 3643 782 3700 Ecclesia
806 3646 987 3716 temporibus
1042 3641 1205 3706 ostendam,
1234 3641 1388 3697 massiieflifl
1413 3647 1536 3710 consiti,
1564 3644 1636 3700 nibil
1662 3646 1692 3702 in
1725 3651 1786 3704 lota
1810 3649 1865 3706 hae

163 3733 230 3800 illas
243 3734 321 3793 Deus
335 3732 462 3790 revelare
487 3733 627 3804 diguatus
650 3733 699 3802 sit,
714 3733 743 3788 id
768 3749 804 3789 ne
828 3740 916 3800 esset,
932 3735 987 3791 hoc
1041 3729 1865 3807 Dodwellidisputationeinesseviriumatquesoliditatis

164 3823 221 3883 sihi
235 3822 419 3896 probandum
435 3820 572 3892 sumpsit,
593 3820 706 3877 ultimis
727 3810 791 3878 esso
805 3821 871 3878 illas
886 3823 987 3895 praci—
1041 3818 1076 3875 ad
1089 3819 1280 3876 montanismi
1292 3819 1489 3891 suspicionem
1499 3821 1535 3878 ab
1546 3828 1663 3880 auctore
1671 3829 1771 3881 nostro
1782 3842 1864 3882 amo-

164 3929 222 3987 ptre
236 3911 428 3983 temporibus,
451 3898 624 3981 semperque
646 3911 681 3966 ad
706 3911 986 3967 consummationem
1041 3906 1180 3964 liendam.

164 4016 259 4076 usque
274 4000 494 4073 exspectandas.
506 4003 643 4056 Poterant
656 4016 691 4056 ea
699 4000 831 4056 fortassis
847 4002 987 4056 adversus
1077 3995 1123 4052 lV.
1138 3997 1191 4052 His
1205 3997 1295 4070 igitur
1308 3998 1424 4056 duobos
1439 4000 1640 4058 fundamentis
1653 4005 1712 4058 tota
1723 4001 1783 4059 hac
1798 4021 1865 4060 ero·

164 4090 297 4148 ethnicos
326 4088 405 4145 dicta
432 4089 521 4145 videri
535 4107 541 4145 :
568 4093 702 4160 poterant
728 4091 817 4146 etiam
845 4090 987 4146 adversus
1041 4085 1094 4142 diti
1105 4085 1159 4141 viri
1170 4085 1329 4159 disputatio
1341 4088 1452 4144 nititur.
1466 4088 1574 4160 Primo,
1584 4092 1638 4146 suh
1649 4091 1764 4163 imperii
1776 4092 1865 4150 Marci

163 4178 366 4237 Montanistas.
382 4181 487 4234 Contra
508 4178 703 4234 Montanistas
718 4178 816 4250 potios
832 4179 910 4234 dicta
924 4194 986 4234 ere·
1042 4174 1130 4230 hem
1146 4175 1306 4231 excessisse
1322 4177 1522 4245 Maximillam,
1539 4178 1634 4236 tribus
1650 4180 1764 4237 circiter
1779 4198 1812 4238 ao
1826 4183 1866 4238 vi-

164 4269 301 4345 diderim‚
317 4267 388 4340 quia
402 4283 465 4338 qua
481 4266 603 4333 dixerat,
619 4282 652 4323 ea
666 4267 884 4339 scripturarum
904 4267 987 4325 testi·
1042 4263 1116 4336 giuti
1130 4263 1227 4335 annis,
1239 4271 1394 4338 antequam
1407 4268 1579 4340 martyrium
1595 4272 1738 4340 Perpetua
1748 4275 1777 4326 at
1794 4271 1865 4327 Feli·

165 4357 264 4421 monio
279 4357 471 4415 confirmavit.
496 4356 528 4413 ld
545 4373 614 4413 saue
639 4356 828 4413 manifestum
853 4360 906 4427 cst,
924 4373 987 4428 qua
1043 4352 1125 4421 citas,
1137 4350 1373 4425 earumquesoeii
1381 4356 1523 4412 subirent.
1534 4357 1677 4426 Secundo,
1687 4374 1864 4431 persuasum

166 4446 214 4509 hta
229 4446 401 4518 protulerat,
421 4462 486 4502 esse
500 4446 577 4518 apud
602 4462 671 4502 suos
695 4444 725 4501 in
749 4447 892 4513 confesso,
909 4445 987 4518 quod
1043 4441 1133 4498 luisse
1148 4441 1342 4511 Montanistis,
1360 4442 1473 4501 nullum
1490 4451 1556 4516 post
1568 4446 1737 4505 Maximillae
1751 4449 1866 4506 obitum

168 4550 186 4601 a
200 4535 375 4599 Montanista
390 4534 479 4590 scribi
493 4535 613 4591 omnino
630 4551 686 4591 non
703 4540 826 4607 poterat.
844 4557 858 4585 ν
1003 4536 1027 4603 1)
1043 4533 1216 4603 prophetam
1227 4532 1370 4596 tutorum,
1383 4531 1475 4589 multe
1484 4540 1580 4590 autem
1591 4537 1689 4592 minus
1700 4537 1787 4593 aliam
1800 4543 1867 4610 post

201 4646 217 4674 ιι
234 4623 362 4681 Moretur
372 4623 450 4678 enim
460 4623 616 4694 imprimis,
631 4624 738 4696 scripta
748 4642 812 4683 esse
823 4626 859 4681 ab
870 4629 989 4681 auctore
1042 4636 1108 4676 eam
1124 4620 1326 4692 prophetidem
1337 4624 1576 4693 exspectandam.
1588 4624 1660 4681 Fieri
1674 4626 1796 4698 proinde
1807 4645 1865 4684 non

168 4728 246 4780 suno
261 4712 343 4769 Dom.
360 4728 425 4780 cori,
447 4711 477 4768 id
501 4717 545 4767 est
559 4729 635 4768 anno
657 4714 693 4770 ab
717 4715 799 4770 obito
823 4714 988 4771 Maximilla
1043 4725 1141 4782 posse,
1157 4715 1190 4764 ut
1204 4715 1342 4766 Actorum
1355 4712 1491 4784 scriptor,
1504 4713 1554 4785 qui
1569 4714 1705 4770 Satorum
1718 4719 1747 4772 et
1762 4717 1866 4790 Perpe-

167 4800 283 4870 etrciter
296 4817 385 4857 mu:
400 4801 561 4858 decessisse
579 4801 656 4857 enim
673 4802 753 4858 illam
769 4804 896 4861 diximus
912 4821 988 4861 anno
1043 4798 1289 4870 tuamprophetiae
1301 4800 1720 4859 accoelestiumrevelationum
1730 4804 1866 4861 donisin·

167 4889 258 4947 Marci
274 4887 389 4956 ultimo,
404 4887 433 4942 id
449 4892 494 4944 est
509 4889 590 4943 Dum.
606 4905 724 4955 ccxxix;
742 4891 823 4962 atqui
839 4907 872 4946 ea
887 4891 911 4948 si
922 4908 989 4948 vera
1043 4886 1152 4959 signes,
1163 4889 1522 4960 eademqnecharismata,
1533 4892 1568 4947 ad
1580 4894 1866 4951 consummationem

165 4979 271 5035 ruisset
286 4978 480 5051 prophetissa,
507 4993 564 5032 non
587 4979 648 5047 Jam
672 4979 748 5035 alius
771 4985 832 5036 erat
846 4980 989 5054 propheta
1043 4991 1137 5047 usqua
1152 4976 1180 5030 in
1192 4976 1319 5034 Ecclesia
1331 4994 1523 5050 permansura
1534 4980 1667 5049 credidit,
1680 4982 1869 5039 Montanista·

165 5062 388 5140 exspectandus.
411 5066 464 5130 Qui
480 5065 570 5136 igitur
590 5065 663 5122 alios
679 5067 775 5122 adhue
800 5069 989 5142 exspectavit,
1042 5063 1508 5124 ramlueriterroribnsimbutus.
1521 5068 1868 5128 Mihiveroneutrumho·

166 5172 282 5229 semper
295 5154 506 5227 exspectandos
521 5154 708 5224 existimavit,
725 5156 787 5213 lieri
803 5173 860 5213 oon
881 5162 988 5229 potest,
1043 5168 1108 5208 rum
1125 5170 1189 5224 qua
1199 5154 1244 5210 vir
1254 5156 1357 5211 doctus
1371 5156 1506 5228 assumit,
1519 5159 1634 5214 admitti
1646 5176 1733 5232 posse
1742 5160 1867 5216 videtur.

216 5349 259 5419 48)
275 5349 382 5406 Haereai
398 5365 495 5418 xtvtn,
512 5351 567 5419 §2-
1042 5355 1194 5415 Μοντανοῦ.
1209 5349 1254 5405 καὶ
1276 5353 1329 5405 τῶν
1355 5356 1488 5427 γυναικῶν
1513 5353 1582 5417 τίνες
1607 5363 1669 5431 παρ’
1693 5355 1784 5419 αὐτοῖς
1812 5354 1868 5412 διε-

278 5422 362 5491 Apud
378 5422 496 5478 Euseb..
515 5423 583 5477 lltst.
601 5424 713 5492 Euclea„
729 5439 792 5496 cap.
810 5424 854 5491 16,
869 5424 913 5480 Π.
1045 5419 1162 5494 δέξαντο,
1183 5421 1353 5493 δειξάτωσαν·
1384 5423 1438 5477 δεῖν
1463 5425 1609 5551 ρὰρμεῖναι
1637 5429 1667 5483 τὸ
1696 5430 1866 5505 προφητικὸν

206 5493 251 5579 im
291 5491 322 5544 Ei
346 5491 396 5567 γὰρ
413 5491 480 5562 μετὰ
504 5489 638 5566 Καδροὶτον
661 5493 704 5548 καὶ
729 5495 778 5562 τὴν
799 5493 825 5549 ἐν
861 5491 990 5573 ‹paludel-
1045 5495 1168 5570 χάρισμα
1196 5495 1222 5550 ὲν
1251 5494 1322 5569 stirp
1350 5496 1464 5568 τῇἘκκ
1485 5518 1550 5570 quiq
1577 5499 1659 5576 μέχρι
1683 5509 1733 5572 τῆς
1760 5500 1867 5563 τελείας

192 5582 233 5632 eaq
256 5560 386 5635 Ἀμμίοιν,
417 5561 454 5623 ὥς
478 5584 567 5640 φασιν,
591 5565 618 5619 ai
643 5565 705 5642 περὶ
734 5565 869 5623 Mastusia
906 5563 988 5621 διεδὲ-
1044 5565 1499 5638 παρουσίαςὁίιποττῖὶοςᾶξιοῑ.
1623 5564 1630 5576 ”

171 5583 249 5706 {aare
277 5640 401 5709 γυναῖκες
423 5635 455 5689 τὸ
478 5638 645 5712 προφητικὸν
671 5639 804 5713 χάρισμα,
836 5639 899 5701 τούς
938 5638 990 5693 ἀπὸ
1045 5646 1052 5660 “
