<?xml version="1.0" encoding="UTF-8"?>
<!DOCTYPE html PUBLIC "-//W3C//DTD XHTML 1.0 Transitional//EN"
    "http://www.w3.org/TR/xhtml1/DTD/xhtml1-transitional.dtd">
<html xmlns="http://www.w3.org/1999/xhtml" xml:lang="en" lang="en">
 <head>
  <title>
</title>
<meta http-equiv="Content-Type" content="text/html;charset=utf-8" />
  <meta name='ocr-system' content='tesseract 3.04.00' />
  <meta name='ocr-capabilities' content='ocr_page ocr_carea ocr_par ocr_line ocrx_word'/>
</head>
<body>
  <div class='ocr_page' id='page_1' title='image "./patrologiaecurs23goog_0599.png"; bbox 0 0 3892 6104; ppageno 0'>
   <div class='ocr_carea' id='block_1_1' title="bbox 54 287 1763 365">
    <p class='ocr_par' dir='ltr' id='par_1_1' title="bbox 54 287 1763 365">
     <span class='ocr_line' id='line_1_1' title="bbox 54 287 1763 365; baseline 0 -1"><span class='ocrx_word' id='word_1_1' title='bbox 54 294 136 364; x_wconf 82' lang='lat' dir='ltr'><strong>tosa</strong></span> <span class='ocrx_word' id='word_1_2' title='bbox 561 296 664 360; x_wconf 80' lang='lat' dir='ltr'><strong>PARS</strong></span> <span class='ocrx_word' id='word_1_3' title='bbox 686 292 764 358; x_wconf 79' lang='grc'><strong>1.-</strong></span> <span class='ocrx_word' id='word_1_4' title='bbox 780 293 1032 362; x_wconf 76' lang='lat' dir='ltr'><strong>MONUMENTA</strong></span> <span class='ocrx_word' id='word_1_5' title='bbox 1054 287 1258 363; x_wconf 75' lang='lat' dir='ltr'><strong>volabunt.</strong></span> <span class='ocrx_word' id='word_1_6' title='bbox 1685 295 1763 365; x_wconf 70' lang='lat' dir='ltr'><strong>loll</strong></span> 
     </span>
    </p>
   </div>
   <div class='ocr_carea' id='block_1_2' title="bbox 51 427 1767 1843">
    <p class='ocr_par' dir='ltr' id='par_1_2' title="bbox 51 427 1767 1843">
     <span class='ocr_line' id='line_1_2' title="bbox 89 427 1762 505; baseline -0.001 -14"><span class='ocrx_word' id='word_1_7' title='bbox 89 433 222 491; x_wconf 75' lang='lat' dir='ltr'><strong>cecilius</strong></span> <span class='ocrx_word' id='word_1_8' title='bbox 237 450 254 490; x_wconf 87' lang='lat' dir='ltr'><strong>a</strong></span> <span class='ocrx_word' id='word_1_9' title='bbox 269 431 344 488; x_wconf 89' lang='lat' dir='ltr'><strong>Bilta</strong></span> <span class='ocrx_word' id='word_1_10' title='bbox 358 430 415 504; x_wconf 82' lang='grc'>(25)</span> <span class='ocrx_word' id='word_1_11' title='bbox 430 429 517 487; x_wconf 80' lang='lat' dir='ltr'><strong>dixit:</strong></span> <span class='ocrx_word' id='word_1_12' title='bbox 535 431 594 505; x_wconf 90' lang='lat' dir='ltr'><strong>Ego</strong></span> <span class='ocrx_word' id='word_1_13' title='bbox 610 447 702 488; x_wconf 91' lang='lat' dir='ltr'><strong>unum</strong></span> <span class='ocrx_word' id='word_1_14' title='bbox 732 431 882 505; x_wconf 88' lang='lat' dir='ltr'><strong>Baptisma</strong></span> <span class='ocrx_word' id='word_1_15' title='bbox 896 431 924 497; x_wconf 76' lang='lat' dir='ltr'>A</span> <span class='ocrx_word' id='word_1_16' title='bbox 937 430 1077 488; x_wconf 80' lang='lat' dir='ltr'><strong>assistant</strong></span> <span class='ocrx_word' id='word_1_17' title='bbox 1092 431 1190 489; x_wconf 88' lang='lat' dir='ltr'><strong>dicant</strong></span> <span class='ocrx_word' id='word_1_18' title='bbox 1204 432 1264 487; x_wconf 81' lang='lat' dir='ltr'><strong>hmo</strong></span> <span class='ocrx_word' id='word_1_19' title='bbox 1280 427 1379 487; x_wconf 90' lang='lat' dir='ltr'><strong>omnia</strong></span> <span class='ocrx_word' id='word_1_20' title='bbox 1393 427 1467 489; x_wconf 84' lang='lat' dir='ltr'><strong>talea</strong></span> <span class='ocrx_word' id='word_1_21' title='bbox 1482 447 1546 489; x_wconf 87' lang='lat' dir='ltr'><strong>esse</strong></span> <span class='ocrx_word' id='word_1_22' title='bbox 1562 434 1597 489; x_wconf 93' lang='lat' dir='ltr'><strong>de</strong></span> <span class='ocrx_word' id='word_1_23' title='bbox 1607 432 1762 492; x_wconf 78' lang='lat' dir='ltr'><strong>hereticis.</strong></span> 
     </span>
     <span class='ocr_line' id='line_1_3' title="bbox 51 519 1764 595; baseline -0.001 -13"><span class='ocrx_word' id='word_1_24' title='bbox 51 525 85 582; x_wconf 91' lang='lat' dir='ltr'><strong>in</strong></span> <span class='ocrx_word' id='word_1_25' title='bbox 107 521 238 581; x_wconf 72' lang='lat' dir='ltr'><strong>Ecclesia</strong></span> <span class='ocrx_word' id='word_1_26' title='bbox 262 520 357 579; x_wconf 91' lang='lat' dir='ltr'><strong>solum</strong></span> <span class='ocrx_word' id='word_1_27' title='bbox 383 520 455 593; x_wconf 88' lang='lat' dir='ltr'><strong>scio,</strong></span> <span class='ocrx_word' id='word_1_28' title='bbox 481 524 510 577; x_wconf 90' lang='lat' dir='ltr'><strong>et</strong></span> <span class='ocrx_word' id='word_1_29' title='bbox 533 525 614 577; x_wconf 83' lang='lat' dir='ltr'><strong>extra</strong></span> <span class='ocrx_word' id='word_1_30' title='bbox 638 520 796 578; x_wconf 77' lang='lat' dir='ltr'><strong>Ecclesiam</strong></span> <span class='ocrx_word' id='word_1_31' title='bbox 817 519 883 577; x_wconf 90' lang='lat' dir='ltr'><strong>nul·</strong></span> <span class='ocrx_word' id='word_1_32' title='bbox 938 521 1010 578; x_wconf 87' lang='lat' dir='ltr'><strong>Ecce</strong></span> <span class='ocrx_word' id='word_1_33' title='bbox 1025 522 1061 576; x_wconf 94' lang='lat' dir='ltr'><strong>ad</strong></span> <span class='ocrx_word' id='word_1_34' title='bbox 1077 521 1177 593; x_wconf 86' lang='lat' dir='ltr'><strong>qualia</strong></span> <span class='ocrx_word' id='word_1_35' title='bbox 1192 521 1305 595; x_wconf 89' lang='lat' dir='ltr'><strong>cogitur</strong></span> <span class='ocrx_word' id='word_1_36' title='bbox 1320 519 1448 578; x_wconf 77' lang='lat' dir='ltr'><strong>Ecclesia</strong></span> <span class='ocrx_word' id='word_1_37' title='bbox 1467 523 1640 591; x_wconf 83' lang='lat' dir='ltr'><strong>consentire,</strong></span> <span class='ocrx_word' id='word_1_38' title='bbox 1659 528 1687 580; x_wconf 90' lang='lat' dir='ltr'><strong>et</strong></span> <span class='ocrx_word' id='word_1_39' title='bbox 1702 523 1764 581; x_wconf 89' lang='lat' dir='ltr'><strong>sine</strong></span> 
     </span>
     <span class='ocr_line' id='line_1_4' title="bbox 52 609 1765 684; baseline -0.001 -13"><span class='ocrx_word' id='word_1_40' title='bbox 52 614 130 671; x_wconf 92' lang='lat' dir='ltr'><strong>lum.</strong></span> <span class='ocrx_word' id='word_1_41' title='bbox 146 612 199 669; x_wconf 87' lang='lat' dir='ltr'><strong>llic</strong></span> <span class='ocrx_word' id='word_1_42' title='bbox 215 613 271 669; x_wconf 89' lang='lat' dir='ltr'><strong>erit</strong></span> <span class='ocrx_word' id='word_1_43' title='bbox 286 612 386 669; x_wconf 68' lang='lat'><strong>1⁰55</strong></span> <span class='ocrx_word' id='word_1_44' title='bbox 412 627 505 666; x_wconf 92' lang='lat' dir='ltr'><strong>uuum</strong></span> <span class='ocrx_word' id='word_1_45' title='bbox 531 611 581 666; x_wconf 93' lang='lat' dir='ltr'><strong>ubi</strong></span> <span class='ocrx_word' id='word_1_46' title='bbox 608 627 675 684; x_wconf 87' lang='lat' dir='ltr'><strong>spes</strong></span> <span class='ocrx_word' id='word_1_47' title='bbox 700 627 767 667; x_wconf 91' lang='lat' dir='ltr'><strong>vera</strong></span> <span class='ocrx_word' id='word_1_48' title='bbox 789 615 833 667; x_wconf 86' lang='lat' dir='ltr'><strong>est</strong></span> <span class='ocrx_word' id='word_1_49' title='bbox 856 613 884 666; x_wconf 89' lang='lat' dir='ltr'><strong>el</strong></span> <span class='ocrx_word' id='word_1_50' title='bbox 939 609 1087 683; x_wconf 88' lang='lat' dir='ltr'><strong>Baptismo</strong></span> <span class='ocrx_word' id='word_1_51' title='bbox 1103 610 1232 667; x_wconf 88' lang='lat' dir='ltr'><strong>aovcnia</strong></span> <span class='ocrx_word' id='word_1_52' title='bbox 1247 609 1421 667; x_wconf 85' lang='lat' dir='ltr'><strong>delictorum</strong></span> <span class='ocrx_word' id='word_1_53' title='bbox 1444 612 1662 669; x_wconf 90' lang='lat' dir='ltr'><strong>communicare</strong></span> <span class='ocrx_word' id='word_1_54' title='bbox 1685 630 1765 669; x_wconf 90' lang='lat' dir='ltr'><strong>com·</strong></span> 
     </span>
     <span class='ocr_line' id='line_1_5' title="bbox 55 699 1763 772; baseline -0.001 -12"><span class='ocrx_word' id='word_1_55' title='bbox 55 703 130 761; x_wconf 88' lang='lat' dir='ltr'><strong>fldes</strong></span> <span class='ocrx_word' id='word_1_56' title='bbox 142 700 289 758; x_wconf 63' lang='lat' dir='ltr'><strong>cemele</strong></span> <span class='ocrx_word' id='word_1_57' title='bbox 300 701 379 757; x_wconf 89' lang='lat' dir='ltr'><strong>euim</strong></span> <span class='ocrx_word' id='word_1_58' title='bbox 395 699 538 770; x_wconf 89' lang='lat' dir='ltr'><strong>scriplum</strong></span> <span class='ocrx_word' id='word_1_59' title='bbox 559 704 621 757; x_wconf 88' lang='lat' dir='ltr'><strong>est:</strong></span> <span class='ocrx_word' id='word_1_60' title='bbox 647 701 705 757; x_wconf 83' lang='lat' dir='ltr'><strong>lino</strong></span> <span class='ocrx_word' id='word_1_61' title='bbox 727 700 804 771; x_wconf 69' lang='lat' dir='ltr'><strong>fides,</strong></span> <span class='ocrx_word' id='word_1_62' title='bbox 828 717 885 756; x_wconf 88' lang='lat' dir='ltr'><strong>una</strong></span> <span class='ocrx_word' id='word_1_63' title='bbox 939 699 1066 772; x_wconf 79' lang='lat' dir='ltr'><strong>pellitur.</strong></span> <span class='ocrx_word' id='word_1_64' title='bbox 1083 700 1176 764; x_wconf 85' lang='lat' dir='ltr'><strong>Quam</strong></span> <span class='ocrx_word' id='word_1_65' title='bbox 1192 717 1264 768; x_wconf 91' lang='lat' dir='ltr'><strong>rem,</strong></span> <span class='ocrx_word' id='word_1_66' title='bbox 1281 699 1396 765; x_wconf 86' lang='lat' dir='ltr'><strong>iratres,</strong></span> <span class='ocrx_word' id='word_1_67' title='bbox 1409 701 1510 772; x_wconf 86' lang='lat' dir='ltr'><strong>lugere</strong></span> <span class='ocrx_word' id='word_1_68' title='bbox 1524 701 1656 757; x_wconf 78' lang='lat' dir='ltr'><strong>actitare</strong></span> <span class='ocrx_word' id='word_1_69' title='bbox 1676 702 1763 759; x_wconf 89' lang='lat' dir='ltr'><strong>debe·</strong></span> 
     </span>
     <span class='ocr_line' id='line_1_6' title="bbox 54 787 1764 864; baseline -0.001 -17"><span class='ocrx_word' id='word_1_70' title='bbox 54 807 125 864; x_wconf 79' lang='lat' dir='ltr'><strong>spes,</strong></span> <span class='ocrx_word' id='word_1_71' title='bbox 142 807 230 846; x_wconf 88' lang='lat' dir='ltr'><strong>anam</strong></span> <span class='ocrx_word' id='word_1_72' title='bbox 244 787 507 861; x_wconf 76' lang='lat' dir='ltr'><strong>BaptismaOEplres.</strong></span> <span class='ocrx_word' id='word_1_73' title='bbox 532 805 570 859; x_wconf 89' lang='lat' dir='ltr'><strong>ur,</strong></span> <span class='ocrx_word' id='word_1_74' title='bbox 585 788 624 859; x_wconf 86' lang='lat'><strong>5),</strong></span> <span class='ocrx_word' id='word_1_75' title='bbox 641 805 698 844; x_wconf 94' lang='lat' dir='ltr'><strong>nou</strong></span> <span class='ocrx_word' id='word_1_76' title='bbox 724 790 802 861; x_wconf 93' lang='lat' dir='ltr'><strong>apud</strong></span> <span class='ocrx_word' id='word_1_77' title='bbox 826 788 883 844; x_wconf 83' lang='lat' dir='ltr'><strong>ba·</strong></span> <span class='ocrx_word' id='word_1_78' title='bbox 939 804 1007 844; x_wconf 89' lang='lat' dir='ltr'><strong>mus</strong></span> <span class='ocrx_word' id='word_1_79' title='bbox 1022 792 1171 845; x_wconf 90' lang='lat' dir='ltr'><strong>etatauto</strong></span> <span class='ocrx_word' id='word_1_80' title='bbox 1182 788 1289 845; x_wconf 87' lang='lat' dir='ltr'><strong>scelere</strong></span> <span class='ocrx_word' id='word_1_81' title='bbox 1305 804 1358 844; x_wconf 91' lang='lat' dir='ltr'><strong>uns</strong></span> <span class='ocrx_word' id='word_1_82' title='bbox 1370 804 1516 862; x_wconf 87' lang='lat' dir='ltr'><strong>separare,</strong></span> <span class='ocrx_word' id='word_1_83' title='bbox 1541 794 1570 846; x_wconf 91' lang='lat' dir='ltr'><strong>et</strong></span> <span class='ocrx_word' id='word_1_84' title='bbox 1593 807 1685 863; x_wconf 82' lang='lat' dir='ltr'><strong>unum</strong></span> <span class='ocrx_word' id='word_1_85' title='bbox 1710 790 1764 847; x_wconf 90' lang='lat' dir='ltr'><strong>Ba-</strong></span> 
     </span>
     <span class='ocr_line' id='line_1_7' title="bbox 55 875 1766 951; baseline 0.001 -14"><span class='ocrx_word' id='word_1_86' title='bbox 55 879 175 948; x_wconf 85' lang='lat' dir='ltr'><strong>reticos,</strong></span> <span class='ocrx_word' id='word_1_87' title='bbox 192 879 243 935; x_wconf 95' lang='lat' dir='ltr'><strong>ubi</strong></span> <span class='ocrx_word' id='word_1_88' title='bbox 257 894 325 950; x_wconf 90' lang='lat' dir='ltr'><strong>spes</strong></span> <span class='ocrx_word' id='word_1_89' title='bbox 340 876 422 934; x_wconf 95' lang='lat' dir='ltr'><strong>nulla</strong></span> <span class='ocrx_word' id='word_1_90' title='bbox 435 880 480 933; x_wconf 87' lang='lat' dir='ltr'><strong>est</strong></span> <span class='ocrx_word' id='word_1_91' title='bbox 491 881 519 933; x_wconf 86' lang='lat' dir='ltr'><strong>et</strong></span> <span class='ocrx_word' id='word_1_92' title='bbox 534 877 607 932; x_wconf 86' lang='lat' dir='ltr'><strong>tides</strong></span> <span class='ocrx_word' id='word_1_93' title='bbox 622 876 704 947; x_wconf 86' lang='lat' dir='ltr'><strong>salsa,</strong></span> <span class='ocrx_word' id='word_1_94' title='bbox 716 877 767 933; x_wconf 95' lang='lat' dir='ltr'><strong>ubi</strong></span> <span class='ocrx_word' id='word_1_95' title='bbox 786 877 885 933; x_wconf 90' lang='lat' dir='ltr'><strong>omnia</strong></span> <span class='ocrx_word' id='word_1_96' title='bbox 938 877 1048 951; x_wconf 87' lang='lat' dir='ltr'><strong>ptisma</strong></span> <span class='ocrx_word' id='word_1_97' title='bbox 1062 883 1171 947; x_wconf 89' lang='lat' dir='ltr'><strong>tenere,</strong></span> <span class='ocrx_word' id='word_1_98' title='bbox 1183 879 1262 950; x_wconf 91' lang='lat' dir='ltr'><strong>quod</strong></span> <span class='ocrx_word' id='word_1_99' title='bbox 1276 877 1331 933; x_wconf 91' lang='lat' dir='ltr'><strong>soli</strong></span> <span class='ocrx_word' id='word_1_100' title='bbox 1342 875 1475 934; x_wconf 78' lang='lat' dir='ltr'><strong>Ecclesia</strong></span> <span class='ocrx_word' id='word_1_101' title='bbox 1487 895 1504 934; x_wconf 90' lang='lat' dir='ltr'><strong>a</strong></span> <span class='ocrx_word' id='word_1_102' title='bbox 1515 877 1638 937; x_wconf 85' lang='lat' dir='ltr'><strong>Domino</strong></span> <span class='ocrx_word' id='word_1_103' title='bbox 1649 895 1766 938; x_wconf 86' lang='lat' dir='ltr'><strong>conces·</strong></span> 
     </span>
     <span class='ocr_line' id='line_1_8' title="bbox 56 965 1076 1042; baseline -0.004 -17"><span class='ocrx_word' id='word_1_104' title='bbox 56 985 111 1042; x_wconf 88' lang='lat' dir='ltr'><strong>per</strong></span> <span class='ocrx_word' id='word_1_105' title='bbox 124 967 312 1025; x_wconf 90' lang='lat' dir='ltr'><strong>mendacium</strong></span> <span class='ocrx_word' id='word_1_106' title='bbox 327 970 480 1039; x_wconf 87' lang='lat' dir='ltr'><strong>geruntur,</strong></span> <span class='ocrx_word' id='word_1_107' title='bbox 505 966 555 1022; x_wconf 92' lang='lat' dir='ltr'><strong>ubi</strong></span> <span class='ocrx_word' id='word_1_108' title='bbox 577 965 721 1022; x_wconf 83' lang='lat' dir='ltr'><strong>exorcizat</strong></span> <span class='ocrx_word' id='word_1_109' title='bbox 743 966 799 1039; x_wconf 81' lang='grc'>(26)</span> <span class='ocrx_word' id='word_1_110' title='bbox 827 968 885 1022; x_wconf 82' lang='lat' dir='ltr'><strong>da·</strong></span> <span class='ocrx_word' id='word_1_111' title='bbox 939 982 1006 1023; x_wconf 92' lang='lat' dir='ltr'><strong>sum</strong></span> <span class='ocrx_word' id='word_1_112' title='bbox 1022 971 1076 1023; x_wconf 89' lang='lat' dir='ltr'><strong>est.</strong></span> 
     </span>
     <span class='ocr_line' id='line_1_9' title="bbox 57 1053 1764 1129; baseline 0.001 -15"><span class='ocrx_word' id='word_1_113' title='bbox 57 1056 226 1128; x_wconf 86' lang='lat' dir='ltr'><strong>maniacus,</strong></span> <span class='ocrx_word' id='word_1_114' title='bbox 243 1059 460 1112; x_wconf 86' lang='lat' dir='ltr'><strong>sacramentum</strong></span> <span class='ocrx_word' id='word_1_115' title='bbox 476 1053 638 1128; x_wconf 90' lang='lat' dir='ltr'><strong>interrogat</strong></span> <span class='ocrx_word' id='word_1_116' title='bbox 651 1056 719 1127; x_wconf 82' lang='grc'>(27),</span> <span class='ocrx_word' id='word_1_117' title='bbox 743 1057 829 1127; x_wconf 72' lang='lat' dir='ltr'><strong>cnjus</strong></span> <span class='ocrx_word' id='word_1_118' title='bbox 852 1073 885 1112; x_wconf 91' lang='lat' dir='ltr'><strong>os</strong></span> <span class='ocrx_word' id='word_1_119' title='bbox 974 1055 1274 1129; x_wconf 87' lang='lat' dir='ltr'><strong>Primusallisgirpa</strong></span> <span class='ocrx_word' id='word_1_120' title='bbox 1301 1055 1358 1129; x_wconf 81' lang='lat'>(22)</span> <span class='ocrx_word' id='word_1_121' title='bbox 1386 1055 1480 1112; x_wconf 82' lang='lat' dir='ltr'><strong>dixit:</strong></span> <span class='ocrx_word' id='word_1_122' title='bbox 1509 1056 1618 1114; x_wconf 83' lang='lat' dir='ltr'><strong>Censeo</strong></span> <span class='ocrx_word' id='word_1_123' title='bbox 1647 1075 1764 1116; x_wconf 90' lang='lat' dir='ltr'><strong>omnem</strong></span> 
     </span>
     <span class='ocr_line' id='line_1_10' title="bbox 55 1143 1766 1217; baseline 0.001 -13"><span class='ocrx_word' id='word_1_124' title='bbox 55 1151 86 1205; x_wconf 85' lang='lat' dir='ltr'><strong>at</strong></span> <span class='ocrx_word' id='word_1_125' title='bbox 99 1146 189 1203; x_wconf 84' lang='lat' dir='ltr'><strong>verbs</strong></span> <span class='ocrx_word' id='word_1_126' title='bbox 202 1144 469 1214; x_wconf 87' lang='lat' dir='ltr'><strong>canceremittunt,</strong></span> <span class='ocrx_word' id='word_1_127' title='bbox 487 1144 574 1200; x_wconf 88' lang='lat' dir='ltr'><strong>tidem</strong></span> <span class='ocrx_word' id='word_1_128' title='bbox 598 1145 649 1200; x_wconf 86' lang='lat' dir='ltr'><strong>dal</strong></span> <span class='ocrx_word' id='word_1_129' title='bbox 674 1143 811 1213; x_wconf 82' lang='lat' dir='ltr'><strong>infidelis,</strong></span> <span class='ocrx_word' id='word_1_130' title='bbox 839 1161 884 1201; x_wconf 91' lang='lat' dir='ltr'><strong>ve·</strong></span> <span class='ocrx_word' id='word_1_131' title='bbox 940 1144 1089 1202; x_wconf 89' lang='lat' dir='ltr'><strong>bominem</strong></span> <span class='ocrx_word' id='word_1_132' title='bbox 1106 1147 1141 1202; x_wconf 90' lang='lat' dir='ltr'><strong>ab</strong></span> <span class='ocrx_word' id='word_1_133' title='bbox 1159 1145 1260 1202; x_wconf 81' lang='lat' dir='ltr'><strong>heresi</strong></span> <span class='ocrx_word' id='word_1_134' title='bbox 1278 1145 1439 1202; x_wconf 87' lang='lat' dir='ltr'><strong>venientem</strong></span> <span class='ocrx_word' id='word_1_135' title='bbox 1459 1145 1677 1217; x_wconf 89' lang='lat' dir='ltr'><strong>baptizandum.</strong></span> <span class='ocrx_word' id='word_1_136' title='bbox 1694 1149 1766 1206; x_wconf 79' lang='lat' dir='ltr'><strong>Fru-</strong></span> 
     </span>
     <span class='ocr_line' id='line_1_11' title="bbox 54 1230 1766 1307; baseline 0.002 -15"><span class='ocrx_word' id='word_1_137' title='bbox 54 1235 138 1293; x_wconf 86' lang='lat' dir='ltr'><strong>niam</strong></span> <span class='ocrx_word' id='word_1_138' title='bbox 155 1232 328 1291; x_wconf 90' lang='lat' dir='ltr'><strong>delictorum</strong></span> <span class='ocrx_word' id='word_1_139' title='bbox 346 1232 451 1289; x_wconf 86' lang='lat' dir='ltr'><strong>tribuit</strong></span> <span class='ocrx_word' id='word_1_140' title='bbox 465 1230 636 1303; x_wconf 89' lang='lat' dir='ltr'><strong>sceleratus,</strong></span> <span class='ocrx_word' id='word_1_141' title='bbox 663 1237 692 1291; x_wconf 88' lang='lat' dir='ltr'><strong>el</strong></span> <span class='ocrx_word' id='word_1_142' title='bbox 715 1232 746 1289; x_wconf 95' lang='lat' dir='ltr'><strong>lu</strong></span> <span class='ocrx_word' id='word_1_143' title='bbox 767 1233 885 1289; x_wconf 91' lang='lat' dir='ltr'><strong>nomina</strong></span> <span class='ocrx_word' id='word_1_144' title='bbox 940 1239 1002 1291; x_wconf 87' lang='lat' dir='ltr'><strong>stra</strong></span> <span class='ocrx_word' id='word_1_145' title='bbox 1016 1235 1096 1291; x_wconf 91' lang='lat' dir='ltr'><strong>enim</strong></span> <span class='ocrx_word' id='word_1_146' title='bbox 1112 1234 1170 1290; x_wconf 88' lang='lat' dir='ltr'><strong>illic</strong></span> <span class='ocrx_word' id='word_1_147' title='bbox 1186 1237 1270 1307; x_wconf 89' lang='lat' dir='ltr'><strong>putat</strong></span> <span class='ocrx_word' id='word_1_148' title='bbox 1285 1251 1315 1290; x_wconf 88' lang='lat' dir='ltr'><strong>se</strong></span> <span class='ocrx_word' id='word_1_149' title='bbox 1330 1251 1395 1290; x_wconf 79' lang='lat' dir='ltr'><strong>assa</strong></span> <span class='ocrx_word' id='word_1_150' title='bbox 1409 1235 1600 1306; x_wconf 82' lang='lat' dir='ltr'><strong>baptizatum,</strong></span> <span class='ocrx_word' id='word_1_151' title='bbox 1617 1253 1684 1294; x_wconf 91' lang='lat' dir='ltr'><strong>cum</strong></span> <span class='ocrx_word' id='word_1_152' title='bbox 1707 1255 1766 1295; x_wconf 93' lang='lat' dir='ltr'><strong>nou</strong></span> 
     </span>
     <span class='ocr_line' id='line_1_12' title="bbox 55 1322 1765 1396; baseline 0.002 -15"><span class='ocrx_word' id='word_1_153' title='bbox 55 1323 270 1396; x_wconf 83' lang='lat' dir='ltr'><strong>cbristitingit</strong></span> <span class='ocrx_word' id='word_1_154' title='bbox 292 1322 495 1391; x_wconf 87' lang='lat' dir='ltr'><strong>antichristus,</strong></span> <span class='ocrx_word' id='word_1_155' title='bbox 522 1323 768 1380; x_wconf 81' lang='lat' dir='ltr'><strong>benedicitabeo</strong></span> <span class='ocrx_word' id='word_1_156' title='bbox 794 1324 885 1379; x_wconf 90' lang='lat' dir='ltr'><strong>male·</strong></span> <span class='ocrx_word' id='word_1_157' title='bbox 939 1323 1142 1395; x_wconf 84' lang='lat' dir='ltr'><strong>sitllaptisma</strong></span> <span class='ocrx_word' id='word_1_158' title='bbox 1163 1324 1221 1380; x_wconf 91' lang='lat' dir='ltr'><strong>nisi</strong></span> <span class='ocrx_word' id='word_1_159' title='bbox 1248 1323 1278 1379; x_wconf 92' lang='lat' dir='ltr'><strong>iu</strong></span> <span class='ocrx_word' id='word_1_160' title='bbox 1308 1323 1436 1378; x_wconf 76' lang='lat' dir='ltr'><strong>Ecclesia</strong></span> <span class='ocrx_word' id='word_1_161' title='bbox 1467 1340 1559 1380; x_wconf 91' lang='lat' dir='ltr'><strong>uuum</strong></span> <span class='ocrx_word' id='word_1_162' title='bbox 1589 1329 1618 1383; x_wconf 88' lang='lat' dir='ltr'><strong>et</strong></span> <span class='ocrx_word' id='word_1_163' title='bbox 1645 1341 1765 1384; x_wconf 84' lang='lat' dir='ltr'><strong>rarum:</strong></span> 
     </span>
     <span class='ocr_line' id='line_1_13' title="bbox 59 1410 1764 1485; baseline 0.002 -15"><span class='ocrx_word' id='word_1_164' title='bbox 59 1413 170 1482; x_wconf 87' lang='lat' dir='ltr'><strong>dictus,</strong></span> <span class='ocrx_word' id='word_1_165' title='bbox 186 1412 275 1468; x_wconf 87' lang='lat' dir='ltr'><strong>vitam</strong></span> <span class='ocrx_word' id='word_1_166' title='bbox 290 1410 443 1485; x_wconf 90' lang='lat' dir='ltr'><strong>pollicetur</strong></span> <span class='ocrx_word' id='word_1_167' title='bbox 457 1421 599 1481; x_wconf 86' lang='lat' dir='ltr'><strong>mortuus,</strong></span> <span class='ocrx_word' id='word_1_168' title='bbox 616 1413 776 1484; x_wconf 89' lang='lat' dir='ltr'><strong>pacemdat</strong></span> <span class='ocrx_word' id='word_1_169' title='bbox 789 1411 885 1484; x_wconf 88' lang='lat' dir='ltr'><strong>impa-</strong></span> <span class='ocrx_word' id='word_1_170' title='bbox 939 1412 1009 1484; x_wconf 89' lang='lat' dir='ltr'><strong>quia</strong></span> <span class='ocrx_word' id='word_1_171' title='bbox 1023 1417 1051 1468; x_wconf 87' lang='lat' dir='ltr'><strong>et</strong></span> <span class='ocrx_word' id='word_1_172' title='bbox 1066 1412 1143 1469; x_wconf 86' lang='lat' dir='ltr'><strong>Deus</strong></span> <span class='ocrx_word' id='word_1_173' title='bbox 1161 1429 1248 1479; x_wconf 89' lang='lat' dir='ltr'><strong>uuas,</strong></span> <span class='ocrx_word' id='word_1_174' title='bbox 1265 1419 1294 1467; x_wconf 87' lang='lat' dir='ltr'><strong>et</strong></span> <span class='ocrx_word' id='word_1_175' title='bbox 1310 1412 1382 1467; x_wconf 83' lang='lat' dir='ltr'><strong>fides</strong></span> <span class='ocrx_word' id='word_1_176' title='bbox 1407 1429 1476 1480; x_wconf 90' lang='lat' dir='ltr'><strong>una,</strong></span> <span class='ocrx_word' id='word_1_177' title='bbox 1502 1417 1530 1469; x_wconf 85' lang='lat' dir='ltr'><strong>al</strong></span> <span class='ocrx_word' id='word_1_178' title='bbox 1550 1414 1680 1472; x_wconf 81' lang='lat' dir='ltr'><strong>Ecclesia</strong></span> <span class='ocrx_word' id='word_1_179' title='bbox 1705 1432 1764 1473; x_wconf 92' lang='lat' dir='ltr'><strong>una</strong></span> 
     </span>
     <span class='ocr_line' id='line_1_14' title="bbox 55 1500 1765 1574; baseline 0.001 -14"><span class='ocrx_word' id='word_1_180' title='bbox 55 1503 170 1571; x_wconf 86' lang='lat' dir='ltr'><strong>citieus,</strong></span> <span class='ocrx_word' id='word_1_181' title='bbox 196 1506 286 1558; x_wconf 84' lang='lat' dir='ltr'><strong>Deum</strong></span> <span class='ocrx_word' id='word_1_182' title='bbox 316 1501 431 1558; x_wconf 88' lang='lat' dir='ltr'><strong>invocat</strong></span> <span class='ocrx_word' id='word_1_183' title='bbox 457 1500 660 1574; x_wconf 88' lang='lat' dir='ltr'><strong>blasphemus,</strong></span> <span class='ocrx_word' id='word_1_184' title='bbox 688 1501 885 1558; x_wconf 86' lang='lat' dir='ltr'><strong>sacerdotium</strong></span> <span class='ocrx_word' id='word_1_185' title='bbox 939 1506 994 1573; x_wconf 88' lang='lat' dir='ltr'><strong>eat,</strong></span> <span class='ocrx_word' id='word_1_186' title='bbox 1010 1501 1110 1574; x_wconf 91' lang='lat' dir='ltr'><strong>inqua</strong></span> <span class='ocrx_word' id='word_1_187' title='bbox 1136 1504 1195 1557; x_wconf 88' lang='lat' dir='ltr'><strong>stat</strong></span> <span class='ocrx_word' id='word_1_188' title='bbox 1214 1517 1306 1556; x_wconf 91' lang='lat' dir='ltr'><strong>uuum</strong></span> <span class='ocrx_word' id='word_1_189' title='bbox 1331 1501 1482 1572; x_wconf 91' lang='lat' dir='ltr'><strong>Baptisma</strong></span> <span class='ocrx_word' id='word_1_190' title='bbox 1505 1506 1533 1557; x_wconf 85' lang='lat' dir='ltr'><strong>et</strong></span> <span class='ocrx_word' id='word_1_191' title='bbox 1557 1505 1708 1574; x_wconf 82' lang='lat' dir='ltr'><strong>sanctitas,</strong></span> <span class='ocrx_word' id='word_1_192' title='bbox 1735 1509 1765 1562; x_wconf 88' lang='lat' dir='ltr'><strong>el</strong></span> 
     </span>
     <span class='ocr_line' id='line_1_15' title="bbox 56 1589 1767 1665; baseline 0.001 -15"><span class='ocrx_word' id='word_1_193' title='bbox 56 1591 246 1650; x_wconf 86' lang='lat' dir='ltr'><strong>administrat</strong></span> <span class='ocrx_word' id='word_1_194' title='bbox 260 1589 411 1662; x_wconf 81' lang='lat' dir='ltr'><strong>protenus,</strong></span> <span class='ocrx_word' id='word_1_195' title='bbox 428 1591 510 1663; x_wconf 89' lang='lat' dir='ltr'><strong>pouit</strong></span> <span class='ocrx_word' id='word_1_196' title='bbox 529 1590 620 1648; x_wconf 82' lang='lat' dir='ltr'><strong>altare</strong></span> <span class='ocrx_word' id='word_1_197' title='bbox 642 1590 813 1665; x_wconf 86' lang='lat' dir='ltr'><strong>sacrilegus.</strong></span> <span class='ocrx_word' id='word_1_198' title='bbox 840 1591 881 1645; x_wconf 76' lang='lat' dir='ltr'><strong>Ad</strong></span> <span class='ocrx_word' id='word_1_199' title='bbox 939 1595 1051 1647; x_wconf 80' lang='lat' dir='ltr'><strong>catera.</strong></span> <span class='ocrx_word' id='word_1_200' title='bbox 1067 1590 1140 1646; x_wconf 90' lang='lat' dir='ltr'><strong>Nam</strong></span> <span class='ocrx_word' id='word_1_201' title='bbox 1156 1607 1220 1662; x_wconf 83' lang='lat' dir='ltr'><strong>qua</strong></span> <span class='ocrx_word' id='word_1_202' title='bbox 1236 1589 1307 1646; x_wconf 91' lang='lat' dir='ltr'><strong>loris</strong></span> <span class='ocrx_word' id='word_1_203' title='bbox 1328 1593 1499 1647; x_wconf 82' lang='lat' dir='ltr'><strong>exercentur</strong></span> <span class='ocrx_word' id='word_1_204' title='bbox 1522 1592 1625 1649; x_wconf 73' lang='grc'><strong>1050</strong></span> <span class='ocrx_word' id='word_1_205' title='bbox 1651 1591 1767 1651; x_wconf 91' lang='lat' dir='ltr'><strong>nullum</strong></span> 
     </span>
     <span class='ocr_line' id='line_1_16' title="bbox 57 1678 1333 1749; baseline -0.002 -12"><span class='ocrx_word' id='word_1_206' title='bbox 57 1681 120 1737; x_wconf 85' lang='lat' dir='ltr'><strong>baec</strong></span> <span class='ocrx_word' id='word_1_207' title='bbox 135 1681 236 1736; x_wconf 91' lang='lat' dir='ltr'><strong>omnia</strong></span> <span class='ocrx_word' id='word_1_208' title='bbox 248 1680 361 1735; x_wconf 86' lang='lat' dir='ltr'><strong>accedit</strong></span> <span class='ocrx_word' id='word_1_209' title='bbox 375 1683 404 1734; x_wconf 88' lang='lat' dir='ltr'><strong>et</strong></span> <span class='ocrx_word' id='word_1_210' title='bbox 426 1678 500 1736; x_wconf 92' lang='lat' dir='ltr'><strong>illud</strong></span> <span class='ocrx_word' id='word_1_211' title='bbox 530 1680 653 1749; x_wconf 89' lang='lat' dir='ltr'><strong>malum,</strong></span> <span class='ocrx_word' id='word_1_212' title='bbox 680 1684 712 1736; x_wconf 89' lang='lat' dir='ltr'><strong>ul</strong></span> <span class='ocrx_word' id='word_1_213' title='bbox 736 1681 884 1737; x_wconf 88' lang='lat' dir='ltr'><strong>antistites</strong></span> <span class='ocrx_word' id='word_1_214' title='bbox 939 1681 1049 1736; x_wconf 86' lang='lat' dir='ltr'><strong>babent</strong></span> <span class='ocrx_word' id='word_1_215' title='bbox 1064 1678 1169 1736; x_wconf 91' lang='lat' dir='ltr'><strong>salutis</strong></span> <span class='ocrx_word' id='word_1_216' title='bbox 1185 1679 1333 1735; x_wconf 83' lang='lat' dir='ltr'><strong>ellectum.</strong></span> 
     </span>
     <span class='ocr_line' id='line_1_17' title="bbox 56 1768 884 1843; baseline -0.002 -15"><span class='ocrx_word' id='word_1_217' title='bbox 56 1769 168 1828; x_wconf 86' lang='lat' dir='ltr'><strong>diaboli</strong></span> <span class='ocrx_word' id='word_1_218' title='bbox 181 1769 309 1825; x_wconf 82' lang='lat' dir='ltr'><strong>audeaut</strong></span> <span class='ocrx_word' id='word_1_219' title='bbox 323 1768 537 1826; x_wconf 82' lang='lat' dir='ltr'><strong>Eucharistiaru</strong></span> <span class='ocrx_word' id='word_1_220' title='bbox 556 1770 667 1840; x_wconf 75' lang='lat' dir='ltr'><strong>lacere:</strong></span> <span class='ocrx_word' id='word_1_221' title='bbox 687 1775 738 1826; x_wconf 91' lang='lat' dir='ltr'><strong>aut</strong></span> <span class='ocrx_word' id='word_1_222' title='bbox 762 1770 812 1843; x_wconf 92' lang='lat' dir='ltr'><strong>qui</strong></span> <span class='ocrx_word' id='word_1_223' title='bbox 826 1770 884 1826; x_wconf 86' lang='lat' dir='ltr'><strong>illis</strong></span> 
     </span>
    </p>
   </div>
   <div class='ocr_carea' id='block_1_3' title="bbox 783 1872 1066 1937">
    <p class='ocr_par' dir='ltr' id='par_1_3' title="bbox 783 1872 1066 1937">
     <span class='ocr_line' id='line_1_18' title="bbox 783 1872 1066 1937; baseline -0.018 0"><span class='ocrx_word' id='word_1_224' title='bbox 783 1872 947 1937; x_wconf 78' lang='lat' dir='ltr'><strong>lariorum</strong></span> <span class='ocrx_word' id='word_1_225' title='bbox 971 1875 1066 1932; x_wconf 85' lang='lat' dir='ltr'><strong>uotae.</strong></span> 
     </span>
    </p>
   </div>
   <div class='ocr_carea' id='block_1_4' title="bbox 56 1964 1787 5759">
    <p class='ocr_par' dir='ltr' id='par_1_4' title="bbox 56 1964 1787 5759">
     <span class='ocr_line' id='line_1_19' title="bbox 59 1964 1768 2041; baseline 0.002 -17"><span class='ocrx_word' id='word_1_226' title='bbox 59 1968 158 2025; x_wconf 86' lang='lat' dir='ltr'><strong>brata.</strong></span> <span class='ocrx_word' id='word_1_227' title='bbox 174 1968 281 2023; x_wconf 86' lang='lat' dir='ltr'><strong>Notum</strong></span> <span class='ocrx_word' id='word_1_228' title='bbox 297 1972 342 2022; x_wconf 89' lang='lat' dir='ltr'><strong>est</strong></span> <span class='ocrx_word' id='word_1_229' title='bbox 356 1966 581 2023; x_wconf 84' lang='lat' dir='ltr'><strong>Constantinum</strong></span> <span class='ocrx_word' id='word_1_230' title='bbox 596 1967 635 2021; x_wconf 85' lang='lat' dir='ltr'><strong>ld.</strong></span> <span class='ocrx_word' id='word_1_231' title='bbox 652 1967 747 2024; x_wconf 89' lang='lat' dir='ltr'><strong>vocari</strong></span> <span class='ocrx_word' id='word_1_232' title='bbox 763 1972 976 2041; x_wconf 74' lang='lat' dir='ltr'><strong>column-Bul</strong></span> <span class='ocrx_word' id='word_1_233' title='bbox 990 1967 1083 2038; x_wconf 72' lang='lat' dir='ltr'><strong>sitiat,</strong></span> <span class='ocrx_word' id='word_1_234' title='bbox 1112 1965 1188 2021; x_wconf 89' lang='lat' dir='ltr'><strong>uude</strong></span> <span class='ocrx_word' id='word_1_235' title='bbox 1216 1964 1275 2032; x_wconf 89' lang='lat' dir='ltr'><strong>alii,</strong></span> <span class='ocrx_word' id='word_1_236' title='bbox 1304 1965 1399 2033; x_wconf 80' lang='lat' dir='ltr'><strong>cilliat,</strong></span> <span class='ocrx_word' id='word_1_237' title='bbox 1425 1966 1589 2024; x_wconf 80' lang='lat' dir='ltr'><strong>Rrasnrwa.</strong></span> <span class='ocrx_word' id='word_1_238' title='bbox 1612 2000 1647 2012; x_wconf 89' lang='lat'><em>-</em></span> <span class='ocrx_word' id='word_1_239' title='bbox 1668 1971 1712 2028; x_wconf 86' lang='lat' dir='ltr'><strong>lta</strong></span> <span class='ocrx_word' id='word_1_240' title='bbox 1738 1973 1768 2028; x_wconf 92' lang='lat' dir='ltr'><strong>iu</strong></span> 
     </span>
     <span class='ocr_line' id='line_1_20' title="bbox 60 2037 1768 2112; baseline 0.001 -16"><span class='ocrx_word' id='word_1_241' title='bbox 60 2057 128 2097; x_wconf 86' lang='lat' dir='ltr'><strong>uem</strong></span> <span class='ocrx_word' id='word_1_242' title='bbox 146 2042 303 2112; x_wconf 83' lang='lat' dir='ltr'><strong>episcopam</strong></span> <span class='ocrx_word' id='word_1_243' title='bbox 317 2039 395 2110; x_wconf 90' lang='lat' dir='ltr'><strong>apud</strong></span> <span class='ocrx_word' id='word_1_244' title='bbox 412 2039 580 2094; x_wconf 80' lang='lat' dir='ltr'><strong>Eusebium.</strong></span> <span class='ocrx_word' id='word_1_245' title='bbox 600 2038 669 2094; x_wconf 78' lang='lat' dir='ltr'><strong>Vide</strong></span> <span class='ocrx_word' id='word_1_246' title='bbox 688 2038 821 2095; x_wconf 79' lang='lat' dir='ltr'><strong>Catulorii</strong></span> <span class='ocrx_word' id='word_1_247' title='bbox 838 2057 890 2095; x_wconf 92' lang='lat' dir='ltr'><strong>no·</strong></span> <span class='ocrx_word' id='word_1_248' title='bbox 946 2037 1148 2094; x_wconf 78' lang='lat' dir='ltr'><strong>Commodiani</strong></span> <span class='ocrx_word' id='word_1_249' title='bbox 1164 2041 1304 2103; x_wconf 74' lang='lat' dir='ltr'><strong>trutinet,</strong></span> <span class='ocrx_word' id='word_1_250' title='bbox 1321 2054 1443 2093; x_wconf 85' lang='lat' dir='ltr'><strong>numero</strong></span> <span class='ocrx_word' id='word_1_251' title='bbox 1458 2040 1493 2094; x_wconf 86' lang='lat'><strong>37</strong></span> <span class='ocrx_word' id='word_1_252' title='bbox 1516 2040 1552 2094; x_wconf 90' lang='lat' dir='ltr'><strong>ad</strong></span> <span class='ocrx_word' id='word_1_253' title='bbox 1579 2058 1607 2112; x_wconf 93' lang='lat' dir='ltr'><strong>p.</strong></span> <span class='ocrx_word' id='word_1_254' title='bbox 1632 2044 1695 2112; x_wconf 78' lang='lat'><strong>230,</strong></span> <span class='ocrx_word' id='word_1_255' title='bbox 1721 2047 1768 2102; x_wconf 83' lang='lat' dir='ltr'><strong>ed.</strong></span> 
     </span>
     <span class='ocr_line' id='line_1_21' title="bbox 56 2108 1770 2188; baseline 0.002 -20"><span class='ocrx_word' id='word_1_256' title='bbox 56 2118 103 2169; x_wconf 77' lang='lat' dir='ltr'><strong>tas</strong></span> <span class='ocrx_word' id='word_1_257' title='bbox 120 2111 150 2165; x_wconf 91' lang='lat' dir='ltr'><strong>in</strong></span> <span class='ocrx_word' id='word_1_258' title='bbox 168 2109 322 2184; x_wconf 84' lang='lat' dir='ltr'><strong>epistolam</strong></span> <span class='ocrx_word' id='word_1_259' title='bbox 339 2109 495 2166; x_wconf 87' lang='lat' dir='ltr'><strong>Clementis</strong></span> <span class='ocrx_word' id='word_1_260' title='bbox 512 2110 547 2163; x_wconf 91' lang='lat' dir='ltr'><strong>ad</strong></span> <span class='ocrx_word' id='word_1_261' title='bbox 570 2109 723 2178; x_wconf 90' lang='lat' dir='ltr'><strong>Jacobum,</strong></span> <span class='ocrx_word' id='word_1_262' title='bbox 751 2117 780 2166; x_wconf 86' lang='lat' dir='ltr'><strong>et</strong></span> <span class='ocrx_word' id='word_1_263' title='bbox 806 2115 891 2166; x_wconf 70' lang='lat' dir='ltr'><strong>ltran·</strong></span> <span class='ocrx_word' id='word_1_264' title='bbox 946 2108 1042 2178; x_wconf 80' lang='lat' dir='ltr'><strong>Daris.</strong></span> <span class='ocrx_word' id='word_1_265' title='bbox 1061 2108 1163 2163; x_wconf 87' lang='lat' dir='ltr'><strong>titulus</strong></span> <span class='ocrx_word' id='word_1_266' title='bbox 1184 2113 1237 2174; x_wconf 84' lang='lat' dir='ltr'><strong>eat,</strong></span> <span class='ocrx_word' id='word_1_267' title='bbox 1255 2109 1487 2181; x_wconf 76' lang='lat' dir='ltr'><strong>Qraiy&#39;rtllaeidiaat</strong></span> <span class='ocrx_word' id='word_1_268' title='bbox 1513 2114 1631 2183; x_wconf 70' lang='lat' dir='ltr'><strong>lunatici</strong></span> <span class='ocrx_word' id='word_1_269' title='bbox 1651 2131 1703 2186; x_wconf 89' lang='lat' dir='ltr'><strong>pro</strong></span> <span class='ocrx_word' id='word_1_270' title='bbox 1721 2118 1770 2188; x_wconf 79' lang='lat' dir='ltr'><strong>ja·</strong></span> 
     </span>
     <span class='ocr_line' id='line_1_22' title="bbox 56 2178 1769 2252; baseline 0.002 -11"><span class='ocrx_word' id='word_1_271' title='bbox 56 2182 174 2241; x_wconf 71' lang='lat' dir='ltr'><strong>mecum</strong></span> <span class='ocrx_word' id='word_1_272' title='bbox 203 2181 415 2236; x_wconf 83' lang='lat' dir='ltr'><strong>Bernardinum</strong></span> <span class='ocrx_word' id='word_1_273' title='bbox 433 2181 608 2248; x_wconf 82' lang='lat' dir='ltr'><strong>Ferrarium,</strong></span> <span class='ocrx_word' id='word_1_274' title='bbox 634 2181 686 2238; x_wconf 90' lang='lat' dir='ltr'><strong>lib.</strong></span> <span class='ocrx_word' id='word_1_275' title='bbox 709 2198 750 2249; x_wconf 87' lang='grc' dir='ltr'><strong>ιιι,</strong></span> <span class='ocrx_word' id='word_1_276' title='bbox 769 2198 794 2238; x_wconf 90' lang='lat' dir='ltr'><strong>c.</strong></span> <span class='ocrx_word' id='word_1_277' title='bbox 811 2184 836 2249; x_wconf 88' lang='lat' dir='ltr'><strong>i,</strong></span> <span class='ocrx_word' id='word_1_278' title='bbox 859 2182 893 2238; x_wconf 86' lang='lat' dir='ltr'><strong>de</strong></span> <span class='ocrx_word' id='word_1_279' title='bbox 946 2179 1127 2248; x_wconf 83' lang='lat' dir='ltr'><strong>darnanl,ubi</strong></span> <span class='ocrx_word' id='word_1_280' title='bbox 1143 2178 1190 2234; x_wconf 87' lang='lat' dir='ltr'><strong>bie</strong></span> <span class='ocrx_word' id='word_1_281' title='bbox 1206 2179 1341 2252; x_wconf 77' lang='lat' dir='ltr'><strong>Cypriani</strong></span> <span class='ocrx_word' id='word_1_282' title='bbox 1364 2179 1445 2236; x_wconf 92' lang='lat' dir='ltr'><strong>locus</strong></span> <span class='ocrx_word' id='word_1_283' title='bbox 1473 2197 1539 2237; x_wconf 93' lang='lat' dir='ltr'><strong>cum</strong></span> <span class='ocrx_word' id='word_1_284' title='bbox 1560 2184 1769 2244; x_wconf 72' lang='lat' dir='ltr'><strong>Commodiano</strong></span> 
     </span>
     <span class='ocr_line' id='line_1_23' title="bbox 58 2251 1736 2327; baseline -0.004 -16"><span class='ocrx_word' id='word_1_285' title='bbox 58 2256 180 2325; x_wconf 67' lang='lat' dir='ltr'><strong>lneque</strong></span> <span class='ocrx_word' id='word_1_286' title='bbox 195 2253 449 2309; x_wconf 83' lang='lat' dir='ltr'><strong>Ecclesiasticarurn</strong></span> <span class='ocrx_word' id='word_1_287' title='bbox 462 2253 643 2323; x_wconf 81' lang='lat' dir='ltr'><strong>epistolarum</strong></span> <span class='ocrx_word' id='word_1_288' title='bbox 664 2269 771 2321; x_wconf 72' lang='lat' dir='ltr'><strong>penne.</strong></span> <span class='ocrx_word' id='word_1_289' title='bbox 789 2254 891 2309; x_wconf 79' lang='lat' dir='ltr'><strong>Bnnuz.</strong></span> <span class='ocrx_word' id='word_1_290' title='bbox 947 2252 1102 2308; x_wconf 89' lang='lat' dir='ltr'><strong>coulertur.</strong></span> <span class='ocrx_word' id='word_1_291' title='bbox 1120 2251 1230 2306; x_wconf 84' lang='lat' dir='ltr'><strong>Rouru.</strong></span> <span class='ocrx_word' id='word_1_292' title='bbox 1733 2319 1736 2327; x_wconf 26' lang='grc' dir='ltr'>Ι</span> 
     </span>
     <span class='ocr_line' id='line_1_24' title="bbox 59 2323 1771 2401; baseline 0.001 -19"><span class='ocrx_word' id='word_1_293' title='bbox 59 2355 95 2368; x_wconf 88' lang='lat'>-</span> <span class='ocrx_word' id='word_1_294' title='bbox 112 2324 224 2394; x_wconf 71' lang='lat' dir='ltr'><strong>Fenus,</strong></span> <span class='ocrx_word' id='word_1_295' title='bbox 246 2340 334 2396; x_wconf 85' lang='lat' dir='ltr'><strong>quom</strong></span> <span class='ocrx_word' id='word_1_296' title='bbox 363 2341 416 2397; x_wconf 89' lang='lat' dir='ltr'><strong>ego</strong></span> <span class='ocrx_word' id='word_1_297' title='bbox 445 2325 492 2378; x_wconf 90' lang='lat' dir='ltr'><strong>bic</strong></span> <span class='ocrx_word' id='word_1_298' title='bbox 516 2330 635 2380; x_wconf 85' lang='lat' dir='ltr'><strong>seculus</strong></span> <span class='ocrx_word' id='word_1_299' title='bbox 664 2342 741 2393; x_wconf 91' lang='lat' dir='ltr'><strong>sum,</strong></span> <span class='ocrx_word' id='word_1_300' title='bbox 771 2329 893 2380; x_wconf 87' lang='lat' dir='ltr'><strong>verbum</strong></span> <span class='ocrx_word' id='word_1_301' title='bbox 983 2323 1443 2401; x_wconf 22' lang='lat' dir='ltr'><strong>(lbtsacramentarnlinlerropat.</strong></span> <span class='ocrx_word' id='word_1_302' title='bbox 1470 2324 1660 2380; x_wconf 79' lang='lat' dir='ltr'><strong>Additurvox</strong></span> <span class='ocrx_word' id='word_1_303' title='bbox 1680 2330 1771 2383; x_wconf 87' lang='lat' dir='ltr'><strong>sacri·</strong></span> 
     </span>
     <span class='ocr_line' id='line_1_25' title="bbox 60 2392 1771 2466; baseline 0.002 -12"><span class='ocrx_word' id='word_1_304' title='bbox 60 2412 123 2454; x_wconf 78' lang='lat' dir='ltr'><strong>sese</strong></span> <span class='ocrx_word' id='word_1_305' title='bbox 139 2394 286 2452; x_wconf 86' lang='lat' dir='ltr'><strong>deleverat</strong></span> <span class='ocrx_word' id='word_1_306' title='bbox 301 2396 379 2466; x_wconf 89' lang='lat' dir='ltr'><strong>quod</strong></span> <span class='ocrx_word' id='word_1_307' title='bbox 404 2394 533 2451; x_wconf 80' lang='lat' dir='ltr'><strong>abluisse</strong></span> <span class='ocrx_word' id='word_1_308' title='bbox 548 2412 565 2451; x_wconf 90' lang='lat' dir='ltr'><strong>a</strong></span> <span class='ocrx_word' id='word_1_309' title='bbox 580 2412 636 2452; x_wconf 89' lang='lat' dir='ltr'><strong>ms.</strong></span> <span class='ocrx_word' id='word_1_310' title='bbox 662 2396 809 2452; x_wconf 86' lang='lat' dir='ltr'><strong>societatis</strong></span> <span class='ocrx_word' id='word_1_311' title='bbox 833 2413 893 2453; x_wconf 83' lang='lat' dir='ltr'><strong>sua</strong></span> <span class='ocrx_word' id='word_1_312' title='bbox 948 2396 1023 2463; x_wconf 74' lang='lat' dir='ltr'><strong>boas</strong></span> <span class='ocrx_word' id='word_1_313' title='bbox 1034 2394 1063 2448; x_wconf 93' lang='lat' dir='ltr'><strong>iu</strong></span> <span class='ocrx_word' id='word_1_314' title='bbox 1074 2394 1145 2448; x_wconf 86' lang='lat' dir='ltr'><strong>edil.</strong></span> <span class='ocrx_word' id='word_1_315' title='bbox 1161 2392 1281 2462; x_wconf 86' lang='lat' dir='ltr'><strong>llaluzu,</strong></span> <span class='ocrx_word' id='word_1_316' title='bbox 1293 2397 1416 2449; x_wconf 88' lang='lat' dir='ltr'><strong>l&#39;ortssse</strong></span> <span class='ocrx_word' id='word_1_317' title='bbox 1428 2409 1463 2448; x_wconf 82' lang='lat' dir='ltr'><strong>ex</strong></span> <span class='ocrx_word' id='word_1_318' title='bbox 1484 2411 1554 2451; x_wconf 88' lang='lat' dir='ltr'><strong>mss.</strong></span> <span class='ocrx_word' id='word_1_319' title='bbox 1575 2398 1771 2457; x_wconf 85' lang='lat' dir='ltr'><strong>nescientibus</strong></span> 
     </span>
     <span class='ocr_line' id='line_1_26' title="bbox 60 2464 1771 2537; baseline 0.001 -12"><span class='ocrx_word' id='word_1_320' title='bbox 60 2467 247 2525; x_wconf 83' lang='lat' dir='ltr'><strong>Jesuitarum</strong></span> <span class='ocrx_word' id='word_1_321' title='bbox 262 2466 429 2522; x_wconf 84' lang='lat' dir='ltr'><strong>Harduiuus</strong></span> <span class='ocrx_word' id='word_1_322' title='bbox 445 2466 632 2523; x_wconf 86' lang='lat' dir='ltr'><strong>Concilioram</strong></span> <span class='ocrx_word' id='word_1_323' title='bbox 646 2469 740 2524; x_wconf 86' lang='lat' dir='ltr'><strong>aditur</strong></span> <span class='ocrx_word' id='word_1_324' title='bbox 751 2472 892 2537; x_wconf 85' lang='lat' dir='ltr'><strong>testatur;</strong></span> <span class='ocrx_word' id='word_1_325' title='bbox 949 2470 1045 2521; x_wconf 84' lang='lat' dir='ltr'><strong>tauron</strong></span> <span class='ocrx_word' id='word_1_326' title='bbox 1061 2464 1235 2520; x_wconf 85' lang='lat' dir='ltr'><strong>vocabulum</strong></span> <span class='ocrx_word' id='word_1_327' title='bbox 1249 2465 1344 2528; x_wconf 80' lang='lat' dir='ltr'><strong>curtis,</strong></span> <span class='ocrx_word' id='word_1_328' title='bbox 1360 2464 1389 2520; x_wconf 94' lang='lat' dir='ltr'><strong>ui</strong></span> <span class='ocrx_word' id='word_1_329' title='bbox 1405 2465 1499 2536; x_wconf 82' lang='lat' dir='ltr'><strong>fallor,</strong></span> <span class='ocrx_word' id='word_1_330' title='bbox 1516 2468 1664 2536; x_wconf 89' lang='lat' dir='ltr'><strong>omnibus,</strong></span> <span class='ocrx_word' id='word_1_331' title='bbox 1680 2470 1771 2526; x_wconf 61' lang='lat' dir='ltr'><strong>latera</strong></span> 
     </span>
     <span class='ocr_line' id='line_1_27' title="bbox 64 2536 1771 2613; baseline 0 -16"><span class='ocrx_word' id='word_1_332' title='bbox 64 2555 164 2612; x_wconf 80' lang='lat' dir='ltr'><strong>aeque</strong></span> <span class='ocrx_word' id='word_1_333' title='bbox 191 2543 340 2610; x_wconf 87' lang='lat' dir='ltr'><strong>comparet</strong></span> <span class='ocrx_word' id='word_1_334' title='bbox 368 2538 446 2593; x_wconf 90' lang='lat' dir='ltr'><strong>istud</strong></span> <span class='ocrx_word' id='word_1_335' title='bbox 486 2554 542 2594; x_wconf 86' lang='lat' dir='ltr'><strong>esse</strong></span> <span class='ocrx_word' id='word_1_336' title='bbox 579 2539 656 2610; x_wconf 90' lang='lat' dir='ltr'><strong>apud</strong></span> <span class='ocrx_word' id='word_1_337' title='bbox 695 2541 893 2612; x_wconf 71' lang='lat' dir='ltr'><strong>augustinum</strong></span> <span class='ocrx_word' id='word_1_338' title='bbox 947 2538 1101 2610; x_wconf 83' lang='lat' dir='ltr'><strong>prelatione</strong></span> <span class='ocrx_word' id='word_1_339' title='bbox 1119 2552 1173 2607; x_wconf 80' lang='lat' dir='ltr'><strong>qua</strong></span> <span class='ocrx_word' id='word_1_340' title='bbox 1201 2537 1295 2592; x_wconf 76' lang='lat' dir='ltr'><strong>orara</strong></span> <span class='ocrx_word' id='word_1_341' title='bbox 1323 2539 1351 2591; x_wconf 89' lang='lat' dir='ltr'><strong>et</strong></span> <span class='ocrx_word' id='word_1_342' title='bbox 1375 2536 1539 2607; x_wconf 76' lang='lat' dir='ltr'><strong>Augustino.</strong></span> <span class='ocrx_word' id='word_1_343' title='bbox 1570 2538 1664 2596; x_wconf 79' lang='lat' dir='ltr'><strong>Deleri</strong></span> <span class='ocrx_word' id='word_1_344' title='bbox 1694 2559 1771 2613; x_wconf 80' lang='lat' dir='ltr'><strong>earn,</strong></span> 
     </span>
     <span class='ocr_line' id='line_1_28' title="bbox 64 2605 1770 2683; baseline 0.001 -16"><span class='ocrx_word' id='word_1_345' title='bbox 64 2612 116 2667; x_wconf 89' lang='lat' dir='ltr'><strong>lib.</strong></span> <span class='ocrx_word' id='word_1_346' title='bbox 133 2627 157 2666; x_wconf 87' lang='grc' dir='ltr'><strong>ιι</strong></span> <span class='ocrx_word' id='word_1_347' title='bbox 171 2615 267 2666; x_wconf 87' lang='lat' dir='ltr'><strong>contra</strong></span> <span class='ocrx_word' id='word_1_348' title='bbox 281 2611 431 2676; x_wconf 73' lang='lat' dir='ltr'><strong>donatist,</strong></span> <span class='ocrx_word' id='word_1_349' title='bbox 447 2609 498 2664; x_wconf 93' lang='lat' dir='ltr'><strong>ubi</strong></span> <span class='ocrx_word' id='word_1_350' title='bbox 512 2611 647 2683; x_wconf 81' lang='lat' dir='ltr'><strong>cypriani</strong></span> <span class='ocrx_word' id='word_1_351' title='bbox 662 2610 750 2666; x_wconf 87' lang='lat' dir='ltr'><strong>verba</strong></span> <span class='ocrx_word' id='word_1_352' title='bbox 765 2611 891 2682; x_wconf 90' lang='lat' dir='ltr'><strong>primum</strong></span> <span class='ocrx_word' id='word_1_353' title='bbox 948 2624 1014 2663; x_wconf 91' lang='lat' dir='ltr'><strong>oum</strong></span> <span class='ocrx_word' id='word_1_354' title='bbox 1033 2606 1103 2662; x_wconf 90' lang='lat' dir='ltr'><strong>mibi</strong></span> <span class='ocrx_word' id='word_1_355' title='bbox 1128 2607 1247 2679; x_wconf 88' lang='lat' dir='ltr'><strong>quidem</strong></span> <span class='ocrx_word' id='word_1_356' title='bbox 1271 2605 1349 2661; x_wconf 90' lang='lat' dir='ltr'><strong>haud</strong></span> <span class='ocrx_word' id='word_1_357' title='bbox 1375 2607 1501 2679; x_wconf 84' lang='lat' dir='ltr'><strong>placeret</strong></span> <span class='ocrx_word' id='word_1_358' title='bbox 1520 2610 1642 2681; x_wconf 87' lang='lat' dir='ltr'><strong>repetita</strong></span> <span class='ocrx_word' id='word_1_359' title='bbox 1665 2629 1719 2668; x_wconf 81' lang='lat' dir='ltr'><strong>vox</strong></span> <span class='ocrx_word' id='word_1_360' title='bbox 1741 2613 1770 2670; x_wconf 92' lang='lat' dir='ltr'><strong>iu</strong></span> 
     </span>
     <span class='ocr_line' id='line_1_29' title="bbox 65 2679 1770 2756; baseline 0.001 -17"><span class='ocrx_word' id='word_1_361' title='bbox 65 2682 266 2751; x_wconf 88' lang='lat' dir='ltr'><strong>adducuntur,</strong></span> <span class='ocrx_word' id='word_1_362' title='bbox 284 2697 350 2736; x_wconf 90' lang='lat' dir='ltr'><strong>nam</strong></span> <span class='ocrx_word' id='word_1_363' title='bbox 368 2681 466 2737; x_wconf 89' lang='lat' dir='ltr'><strong>omnia</strong></span> <span class='ocrx_word' id='word_1_364' title='bbox 482 2679 542 2736; x_wconf 82' lang='lat' dir='ltr'><strong>bac</strong></span> <span class='ocrx_word' id='word_1_365' title='bbox 560 2683 699 2753; x_wconf 78' lang='lat' dir='ltr'><strong>synodica</strong></span> <span class='ocrx_word' id='word_1_366' title='bbox 714 2683 760 2738; x_wconf 91' lang='lat' dir='ltr'><strong>bis</strong></span> <span class='ocrx_word' id='word_1_367' title='bbox 782 2683 823 2738; x_wconf 92' lang='lat' dir='ltr'><strong>ibi</strong></span> <span class='ocrx_word' id='word_1_368' title='bbox 843 2700 893 2755; x_wconf 91' lang='lat' dir='ltr'><strong>po·</strong></span> <span class='ocrx_word' id='word_1_369' title='bbox 948 2681 1047 2734; x_wconf 84' lang='lat' dir='ltr'><strong>statim</strong></span> <span class='ocrx_word' id='word_1_370' title='bbox 1066 2686 1131 2750; x_wconf 89' lang='lat' dir='ltr'><strong>post</strong></span> <span class='ocrx_word' id='word_1_371' title='bbox 1161 2680 1364 2751; x_wconf 89' lang='lat' dir='ltr'><strong>sequentibus,</strong></span> <span class='ocrx_word' id='word_1_372' title='bbox 1390 2682 1466 2745; x_wconf 79' lang='lat' dir='ltr'><strong>porris</strong></span> <span class='ocrx_word' id='word_1_373' title='bbox 1494 2681 1586 2737; x_wconf 86' lang='lat' dir='ltr'><strong>altare</strong></span> <span class='ocrx_word' id='word_1_374' title='bbox 1611 2686 1770 2756; x_wconf 70' lang='lat' dir='ltr'><strong>sacrilegas.</strong></span> 
     </span>
     <span class='ocr_line' id='line_1_30' title="bbox 66 2749 1772 2823; baseline 0 -11"><span class='ocrx_word' id='word_1_375' title='bbox 66 2757 191 2812; x_wconf 87' lang='lat' dir='ltr'><strong>uuutur.</strong></span> <span class='ocrx_word' id='word_1_376' title='bbox 214 2752 324 2809; x_wconf 82' lang='lat' dir='ltr'><strong>Rouru.</strong></span> <span class='ocrx_word' id='word_1_377' title='bbox 949 2751 1129 2807; x_wconf 68' lang='lat' dir='ltr'><strong>Surrentum</strong></span> <span class='ocrx_word' id='word_1_378' title='bbox 1145 2755 1242 2805; x_wconf 89' lang='lat' dir='ltr'><strong>aulem</strong></span> <span class='ocrx_word' id='word_1_379' title='bbox 1265 2749 1293 2803; x_wconf 92' lang='lat' dir='ltr'><strong>id</strong></span> <span class='ocrx_word' id='word_1_380' title='bbox 1309 2752 1421 2818; x_wconf 90' lang='lat' dir='ltr'><strong>censui,</strong></span> <span class='ocrx_word' id='word_1_381' title='bbox 1450 2753 1527 2822; x_wconf 90' lang='lat' dir='ltr'><strong>quod</strong></span> <span class='ocrx_word' id='word_1_382' title='bbox 1558 2753 1645 2823; x_wconf 85' lang='lat' dir='ltr'><strong>paulo</strong></span> <span class='ocrx_word' id='word_1_383' title='bbox 1673 2767 1772 2812; x_wconf 86' lang='lat' dir='ltr'><strong>autea</strong></span> 
     </span>
     <span class='ocr_line' id='line_1_31' title="bbox 100 2821 1769 2896; baseline 0.001 -15"><span class='ocrx_word' id='word_1_384' title='bbox 100 2824 258 2882; x_wconf 87' lang='lat' dir='ltr'><strong>Libertatis</strong></span> <span class='ocrx_word' id='word_1_385' title='bbox 271 2828 301 2879; x_wconf 87' lang='lat' dir='ltr'><strong>ot</strong></span> <span class='ocrx_word' id='word_1_386' title='bbox 316 2822 469 2894; x_wconf 86' lang='lat' dir='ltr'><strong>potestatis</strong></span> <span class='ocrx_word' id='word_1_387' title='bbox 485 2838 544 2877; x_wconf 83' lang='lat' dir='ltr'><strong>sua</strong></span> <span class='ocrx_word' id='word_1_388' title='bbox 559 2821 713 2878; x_wconf 84' lang='lat' dir='ltr'><strong>arbitrium</strong></span> <span class='ocrx_word' id='word_1_389' title='bbox 730 2823 892 2896; x_wconf 91' lang='lat' dir='ltr'><strong>proprium.</strong></span> <span class='ocrx_word' id='word_1_390' title='bbox 948 2821 1063 2878; x_wconf 87' lang='lat' dir='ltr'><strong>Bnluzio</strong></span> <span class='ocrx_word' id='word_1_391' title='bbox 1079 2822 1108 2875; x_wconf 93' lang='lat' dir='ltr'><strong>iu</strong></span> <span class='ocrx_word' id='word_1_392' title='bbox 1123 2826 1201 2876; x_wconf 80' lang='lat' dir='ltr'><strong>textu</strong></span> <span class='ocrx_word' id='word_1_393' title='bbox 1227 2821 1354 2893; x_wconf 89' lang='lat' dir='ltr'><strong>positum</strong></span> <span class='ocrx_word' id='word_1_394' title='bbox 1375 2830 1421 2876; x_wconf 83' lang='lat' dir='ltr'><strong>est</strong></span> <span class='ocrx_word' id='word_1_395' title='bbox 1445 2834 1580 2890; x_wconf 72' lang='lat' dir='ltr'><strong>pariantur</strong></span> <span class='ocrx_word' id='word_1_396' title='bbox 1607 2841 1658 2896; x_wconf 91' lang='lat' dir='ltr'><strong>pro</strong></span> <span class='ocrx_word' id='word_1_397' title='bbox 1680 2828 1769 2882; x_wconf 85' lang='lat' dir='ltr'><strong>veteri</strong></span> 
     </span>
     <span class='ocr_line' id='line_1_32' title="bbox 66 2893 1770 2969; baseline 0.001 -16"><span class='ocrx_word' id='word_1_398' title='bbox 66 2896 127 2953; x_wconf 90' lang='lat' dir='ltr'><strong>lloc</strong></span> <span class='ocrx_word' id='word_1_399' title='bbox 141 2901 196 2962; x_wconf 87' lang='lat' dir='ltr'><strong>ast,</strong></span> <span class='ocrx_word' id='word_1_400' title='bbox 215 2903 247 2951; x_wconf 89' lang='lat' dir='ltr'><strong>ut</strong></span> <span class='ocrx_word' id='word_1_401' title='bbox 261 2895 302 2950; x_wconf 89' lang='lat' dir='ltr'><strong>ait</strong></span> <span class='ocrx_word' id='word_1_402' title='bbox 312 2895 500 2959; x_wconf 88' lang='lat' dir='ltr'><strong>Marsballus,</strong></span> <span class='ocrx_word' id='word_1_403' title='bbox 512 2896 667 2965; x_wconf 86' lang='lat' dir='ltr'><strong>quitamen</strong></span> <span class='ocrx_word' id='word_1_404' title='bbox 679 2897 813 2966; x_wconf 91' lang='lat' dir='ltr'><strong>pluribus</strong></span> <span class='ocrx_word' id='word_1_405' title='bbox 824 2912 893 2951; x_wconf 91' lang='lat' dir='ltr'><strong>con·</strong></span> <span class='ocrx_word' id='word_1_406' title='bbox 948 2893 1070 2948; x_wconf 86' lang='lat' dir='ltr'><strong>lectione</strong></span> <span class='ocrx_word' id='word_1_407' title='bbox 1084 2896 1215 2961; x_wconf 72' lang='lat' dir='ltr'><strong>aquator,</strong></span> <span class='ocrx_word' id='word_1_408' title='bbox 1226 2899 1255 2947; x_wconf 88' lang='lat' dir='ltr'><strong>et</strong></span> <span class='ocrx_word' id='word_1_409' title='bbox 1270 2908 1336 2947; x_wconf 86' lang='lat' dir='ltr'><strong>mox</strong></span> <span class='ocrx_word' id='word_1_410' title='bbox 1360 2895 1396 2947; x_wconf 90' lang='lat' dir='ltr'><strong>ad</strong></span> <span class='ocrx_word' id='word_1_411' title='bbox 1413 2894 1500 2949; x_wconf 83' lang='lat' dir='ltr'><strong>finem</strong></span> <span class='ocrx_word' id='word_1_412' title='bbox 1526 2895 1616 2966; x_wconf 87' lang='lat' dir='ltr'><strong>bajus</strong></span> <span class='ocrx_word' id='word_1_413' title='bbox 1640 2898 1770 2969; x_wconf 73' lang='lat' dir='ltr'><strong>sullragfi</strong></span> 
     </span>
     <span class='ocr_line' id='line_1_33' title="bbox 67 2964 1333 3039; baseline -0.006 -15"><span class='ocrx_word' id='word_1_414' title='bbox 67 2974 113 3024; x_wconf 89' lang='lat' dir='ltr'><strong>tra</strong></span> <span class='ocrx_word' id='word_1_415' title='bbox 125 2966 259 3039; x_wconf 84' lang='lat' dir='ltr'><strong>cujusvis</strong></span> <span class='ocrx_word' id='word_1_416' title='bbox 274 2966 402 3039; x_wconf 87' lang='lat' dir='ltr'><strong>episcopi</strong></span> <span class='ocrx_word' id='word_1_417' title='bbox 417 2967 447 3020; x_wconf 95' lang='lat' dir='ltr'><strong>in</strong></span> <span class='ocrx_word' id='word_1_418' title='bbox 472 2964 566 3021; x_wconf 88' lang='lat' dir='ltr'><strong>aliena</strong></span> <span class='ocrx_word' id='word_1_419' title='bbox 589 2965 699 3022; x_wconf 89' lang='lat' dir='ltr'><strong>diliana</strong></span> <span class='ocrx_word' id='word_1_420' title='bbox 717 2971 893 3039; x_wconf 87' lang='lat' dir='ltr'><strong>potestatem</strong></span> <span class='ocrx_word' id='word_1_421' title='bbox 947 2966 1060 3020; x_wconf 87' lang='lat' dir='ltr'><strong>Dornino</strong></span> <span class='ocrx_word' id='word_1_422' title='bbox 1076 2982 1127 3034; x_wconf 90' lang='lat' dir='ltr'><strong>pro</strong></span> <span class='ocrx_word' id='word_1_423' title='bbox 1141 2965 1204 3020; x_wconf 83' lang='lat' dir='ltr'><strong>Deo.</strong></span> <span class='ocrx_word' id='word_1_424' title='bbox 1223 2964 1333 3019; x_wconf 82' lang='lat' dir='ltr'><strong>llouru.</strong></span> 
     </span>
     <span class='ocr_line' id='line_1_34' title="bbox 67 3034 1773 3121; baseline 0.001 -26"><span class='ocrx_word' id='word_1_425' title='bbox 67 3042 294 3113; x_wconf 78' lang='lat' dir='ltr'><strong>argumentatus</strong></span> <span class='ocrx_word' id='word_1_426' title='bbox 309 3044 380 3104; x_wconf 91' lang='lat' dir='ltr'><strong>erat,</strong></span> <span class='ocrx_word' id='word_1_427' title='bbox 397 3037 426 3091; x_wconf 91' lang='lat' dir='ltr'><strong>in</strong></span> <span class='ocrx_word' id='word_1_428' title='bbox 443 3037 580 3093; x_wconf 88' lang='lat' dir='ltr'><strong>rebusad</strong></span> <span class='ocrx_word' id='word_1_429' title='bbox 595 3037 781 3121; x_wconf 87' lang='lat' dir='ltr'><strong>disciplinam</strong></span> <span class='ocrx_word' id='word_1_430' title='bbox 801 3039 894 3095; x_wconf 86' lang='lat' dir='ltr'><strong>eccls—</strong></span> <span class='ocrx_word' id='word_1_431' title='bbox 984 3036 1039 3107; x_wconf 80' lang='grc'>(28)</span> <span class='ocrx_word' id='word_1_432' title='bbox 1055 3037 1163 3090; x_wconf 75' lang='lat' dir='ltr'><strong>Primus</strong></span> <span class='ocrx_word' id='word_1_433' title='bbox 1178 3053 1194 3091; x_wconf 87' lang='lat' dir='ltr'><strong>a</strong></span> <span class='ocrx_word' id='word_1_434' title='bbox 1209 3035 1346 3106; x_wconf 69' lang='lat' dir='ltr'><strong>illapirpa.</strong></span> <span class='ocrx_word' id='word_1_435' title='bbox 1375 3034 1448 3091; x_wconf 76' lang='lat' dir='ltr'><strong>Urbs</strong></span> <span class='ocrx_word' id='word_1_436' title='bbox 1471 3036 1644 3109; x_wconf 73' lang='lat' dir='ltr'><strong>Zeugitana.</strong></span> <span class='ocrx_word' id='word_1_437' title='bbox 1672 3044 1773 3112; x_wconf 78' lang='lat' dir='ltr'><strong>Augu-</strong></span> 
     </span>
     <span class='ocr_line' id='line_1_35' title="bbox 67 3105 1773 3183; baseline 0 -15"><span class='ocrx_word' id='word_1_438' title='bbox 67 3111 221 3168; x_wconf 86' lang='lat' dir='ltr'><strong>siasticam</strong></span> <span class='ocrx_word' id='word_1_439' title='bbox 238 3108 464 3182; x_wconf 89' lang='lat' dir='ltr'><strong>pertinentibus,</strong></span> <span class='ocrx_word' id='word_1_440' title='bbox 479 3110 515 3164; x_wconf 91' lang='lat' dir='ltr'><strong>de</strong></span> <span class='ocrx_word' id='word_1_441' title='bbox 530 3109 638 3180; x_wconf 91' lang='lat' dir='ltr'><strong>quibus</strong></span> <span class='ocrx_word' id='word_1_442' title='bbox 653 3108 726 3165; x_wconf 84' lang='lat' dir='ltr'><strong>nibil</strong></span> <span class='ocrx_word' id='word_1_443' title='bbox 742 3111 824 3183; x_wconf 88' lang='lat' dir='ltr'><strong>prius</strong></span> <span class='ocrx_word' id='word_1_444' title='bbox 836 3111 895 3166; x_wconf 80' lang='lat' dir='ltr'><strong>lue</strong></span> <span class='ocrx_word' id='word_1_445' title='bbox 948 3106 1044 3163; x_wconf 88' lang='lat' dir='ltr'><strong>atinus</strong></span> <span class='ocrx_word' id='word_1_446' title='bbox 1061 3106 1157 3174; x_wconf 87' lang='lat' dir='ltr'><strong>babet,</strong></span> <span class='ocrx_word' id='word_1_447' title='bbox 1173 3108 1281 3176; x_wconf 80' lang='lat' dir='ltr'><strong>primos</strong></span> <span class='ocrx_word' id='word_1_448' title='bbox 1304 3105 1383 3161; x_wconf 80' lang='lat' dir='ltr'><strong>Felix</strong></span> <span class='ocrx_word' id='word_1_449' title='bbox 1397 3122 1416 3160; x_wconf 93' lang='lat' dir='ltr'><strong>a</strong></span> <span class='ocrx_word' id='word_1_450' title='bbox 1431 3107 1576 3180; x_wconf 80' lang='lat' dir='ltr'><strong>llispirpa.</strong></span> <span class='ocrx_word' id='word_1_451' title='bbox 1606 3110 1696 3182; x_wconf 89' lang='lat' dir='ltr'><strong>ldque</strong></span> <span class='ocrx_word' id='word_1_452' title='bbox 1721 3128 1773 3168; x_wconf 94' lang='lat' dir='ltr'><strong>no·</strong></span> 
     </span>
     <span class='ocr_line' id='line_1_36' title="bbox 68 3179 1773 3254; baseline -0.001 -15"><span class='ocrx_word' id='word_1_453' title='bbox 68 3186 114 3239; x_wconf 87' lang='lat' dir='ltr'><strong>rat</strong></span> <span class='ocrx_word' id='word_1_454' title='bbox 127 3181 159 3238; x_wconf 90' lang='lat' dir='ltr'><strong>iu</strong></span> <span class='ocrx_word' id='word_1_455' title='bbox 176 3183 288 3254; x_wconf 74' lang='lat' dir='ltr'><strong>synodo</strong></span> <span class='ocrx_word' id='word_1_456' title='bbox 304 3180 404 3252; x_wconf 90' lang='lat' dir='ltr'><strong>aliqua</strong></span> <span class='ocrx_word' id='word_1_457' title='bbox 427 3181 585 3236; x_wconf 87' lang='lat' dir='ltr'><strong>decretum.</strong></span> <span class='ocrx_word' id='word_1_458' title='bbox 609 3184 818 3238; x_wconf 89' lang='lat' dir='ltr'><strong>Verumtamen</strong></span> <span class='ocrx_word' id='word_1_459' title='bbox 842 3183 893 3238; x_wconf 85' lang='lat' dir='ltr'><strong>ali·</strong></span> <span class='ocrx_word' id='word_1_460' title='bbox 948 3197 1016 3234; x_wconf 85' lang='lat' dir='ltr'><strong>meu</strong></span> <span class='ocrx_word' id='word_1_461' title='bbox 1032 3179 1150 3251; x_wconf 81' lang='lat' dir='ltr'><strong>sapius,</strong></span> <span class='ocrx_word' id='word_1_462' title='bbox 1167 3184 1195 3233; x_wconf 89' lang='lat' dir='ltr'><strong>et</strong></span> <span class='ocrx_word' id='word_1_463' title='bbox 1210 3179 1362 3250; x_wconf 88' lang='lat' dir='ltr'><strong>designato</strong></span> <span class='ocrx_word' id='word_1_464' title='bbox 1379 3179 1494 3248; x_wconf 89' lang='lat' dir='ltr'><strong>repetit.</strong></span> <span class='ocrx_word' id='word_1_465' title='bbox 1526 3185 1597 3235; x_wconf 78' lang='lat' dir='ltr'><strong>llum</strong></span> <span class='ocrx_word' id='word_1_466' title='bbox 1614 3198 1679 3239; x_wconf 89' lang='lat' dir='ltr'><strong>rero</strong></span> <span class='ocrx_word' id='word_1_467' title='bbox 1703 3199 1773 3240; x_wconf 93' lang='lat' dir='ltr'><strong>oon-</strong></span> 
     </span>
     <span class='ocr_line' id='line_1_37' title="bbox 67 3248 1776 3327; baseline -0.001 -17"><span class='ocrx_word' id='word_1_468' title='bbox 67 3252 204 3327; x_wconf 85' lang='lat' dir='ltr'><strong>quamiu</strong></span> <span class='ocrx_word' id='word_1_469' title='bbox 234 3251 282 3307; x_wconf 90' lang='lat' dir='ltr'><strong>his</strong></span> <span class='ocrx_word' id='word_1_470' title='bbox 311 3267 427 3324; x_wconf 85' lang='lat' dir='ltr'><strong>quoque</strong></span> <span class='ocrx_word' id='word_1_471' title='bbox 455 3252 542 3307; x_wconf 90' lang='lat' dir='ltr'><strong>rebus</strong></span> <span class='ocrx_word' id='word_1_472' title='bbox 568 3251 731 3309; x_wconf 87' lang='lat' dir='ltr'><strong>libertatem</strong></span> <span class='ocrx_word' id='word_1_473' title='bbox 763 3255 893 3309; x_wconf 86' lang='lat' dir='ltr'><strong>relictum</strong></span> <span class='ocrx_word' id='word_1_474' title='bbox 949 3254 1005 3306; x_wconf 86' lang='lat' dir='ltr'><strong>stet</strong></span> <span class='ocrx_word' id='word_1_475' title='bbox 1030 3250 1191 3322; x_wconf 89' lang='lat' dir='ltr'><strong>pluresbic</strong></span> <span class='ocrx_word' id='word_1_476' title='bbox 1215 3248 1355 3321; x_wconf 83' lang='lat' dir='ltr'><strong>subsequi</strong></span> <span class='ocrx_word' id='word_1_477' title='bbox 1379 3248 1506 3317; x_wconf 85' lang='lat' dir='ltr'><strong>Felices;</strong></span> <span class='ocrx_word' id='word_1_478' title='bbox 1530 3257 1559 3307; x_wconf 91' lang='lat' dir='ltr'><strong>el</strong></span> <span class='ocrx_word' id='word_1_479' title='bbox 1583 3251 1713 3309; x_wconf 87' lang='lat' dir='ltr'><strong>solemne</strong></span> <span class='ocrx_word' id='word_1_480' title='bbox 1737 3255 1776 3311; x_wconf 88' lang='lat' dir='ltr'><strong>sit</strong></span> 
     </span>
     <span class='ocr_line' id='line_1_38' title="bbox 69 3321 1778 3412; baseline 0 -30"><span class='ocrx_word' id='word_1_481' title='bbox 69 3325 163 3383; x_wconf 81' lang='lat' dir='ltr'><strong>luisse</strong></span> <span class='ocrx_word' id='word_1_482' title='bbox 179 3324 314 3396; x_wconf 90' lang='lat' dir='ltr'><strong>suspicor</strong></span> <span class='ocrx_word' id='word_1_483' title='bbox 329 3324 417 3379; x_wconf 89' lang='lat' dir='ltr'><strong>etiam</strong></span> <span class='ocrx_word' id='word_1_484' title='bbox 433 3330 499 3394; x_wconf 89' lang='lat' dir='ltr'><strong>post</strong></span> <span class='ocrx_word' id='word_1_485' title='bbox 512 3324 657 3396; x_wconf 81' lang='lat' dir='ltr'><strong>synodum</strong></span> <span class='ocrx_word' id='word_1_486' title='bbox 675 3329 822 3397; x_wconf 87' lang='lat' dir='ltr'><strong>peractam</strong></span> <span class='ocrx_word' id='word_1_487' title='bbox 845 3328 931 3412; x_wconf 63' lang='lat' dir='ltr'><strong>jue</strong></span> <span class='ocrx_word' id='word_1_488' title='bbox 951 3321 1083 3392; x_wconf 89' lang='lat' dir='ltr'><strong>ejusdem</strong></span> <span class='ocrx_word' id='word_1_489' title='bbox 1100 3321 1228 3376; x_wconf 90' lang='lat' dir='ltr'><strong>nominis</strong></span> <span class='ocrx_word' id='word_1_490' title='bbox 1242 3322 1408 3394; x_wconf 87' lang='lat' dir='ltr'><strong>episcopos,</strong></span> <span class='ocrx_word' id='word_1_491' title='bbox 1423 3322 1538 3393; x_wconf 73' lang='lat' dir='ltr'><strong>adjecta</strong></span> <span class='ocrx_word' id='word_1_492' title='bbox 1555 3321 1654 3396; x_wconf 90' lang='lat' dir='ltr'><strong>aliqua</strong></span> <span class='ocrx_word' id='word_1_493' title='bbox 1677 3329 1778 3383; x_wconf 87' lang='lat' dir='ltr'><strong>notata</strong></span> 
     </span>
     <span class='ocr_line' id='line_1_39' title="bbox 69 3391 1775 3474; baseline -0.001 -20"><span class='ocrx_word' id='word_1_494' title='bbox 69 3396 149 3454; x_wconf 88' lang='lat' dir='ltr'><strong>dicio</strong></span> <span class='ocrx_word' id='word_1_495' title='bbox 165 3394 401 3466; x_wconf 86' lang='lat' dir='ltr'><strong>uniuscujusque</strong></span> <span class='ocrx_word' id='word_1_496' title='bbox 415 3395 555 3467; x_wconf 90' lang='lat' dir='ltr'><strong>episcopi.</strong></span> <span class='ocrx_word' id='word_1_497' title='bbox 572 3395 614 3451; x_wconf 86' lang='lat' dir='ltr'><strong>lla</strong></span> <span class='ocrx_word' id='word_1_498' title='bbox 625 3395 655 3450; x_wconf 94' lang='lat' dir='ltr'><strong>in</strong></span> <span class='ocrx_word' id='word_1_499' title='bbox 670 3397 750 3469; x_wconf 85' lang='lat' dir='ltr'><strong>epist.</strong></span> <span class='ocrx_word' id='word_1_500' title='bbox 767 3396 895 3452; x_wconf 66' lang='lat' dir='ltr'><strong>adinto-</strong></span> <span class='ocrx_word' id='word_1_501' title='bbox 952 3393 1072 3463; x_wconf 80' lang='lat' dir='ltr'><strong>reliquis</strong></span> <span class='ocrx_word' id='word_1_502' title='bbox 1093 3393 1297 3474; x_wconf 79' lang='lat' dir='ltr'><strong>distinguere:</strong></span> <span class='ocrx_word' id='word_1_503' title='bbox 1327 3391 1429 3449; x_wconf 90' lang='lat' dir='ltr'><strong>subest</strong></span> <span class='ocrx_word' id='word_1_504' title='bbox 1452 3410 1510 3449; x_wconf 94' lang='lat' dir='ltr'><strong>non</strong></span> <span class='ocrx_word' id='word_1_505' title='bbox 1539 3391 1609 3451; x_wconf 87' lang='lat' dir='ltr'><strong>levis</strong></span> <span class='ocrx_word' id='word_1_506' title='bbox 1636 3397 1775 3469; x_wconf 85' lang='lat' dir='ltr'><strong>eusicio,</strong></span> 
     </span>
     <span class='ocr_line' id='line_1_40' title="bbox 68 3413 1777 3538; baseline 0 -14"><span class='ocrx_word' id='word_1_507' title='bbox 68 3469 200 3531; x_wconf 78' lang='lat' dir='ltr'><strong>sianum,</strong></span> <span class='ocrx_word' id='word_1_508' title='bbox 217 3483 244 3537; x_wconf 88' lang='lat' dir='ltr'><strong>p.</strong></span> <span class='ocrx_word' id='word_1_509' title='bbox 260 3467 305 3530; x_wconf 83' lang='grc'><strong>72,</strong></span> <span class='ocrx_word' id='word_1_510' title='bbox 322 3466 383 3521; x_wconf 82' lang='lat' dir='ltr'><strong>hac</strong></span> <span class='ocrx_word' id='word_1_511' title='bbox 405 3465 503 3537; x_wconf 89' lang='lat' dir='ltr'><strong>posuit</strong></span> <span class='ocrx_word' id='word_1_512' title='bbox 531 3466 710 3538; x_wconf 85' lang='lat' dir='ltr'><strong>Cyprianus:</strong></span> <span class='ocrx_word' id='word_1_513' title='bbox 732 3470 765 3523; x_wconf 82' lang='lat' dir='ltr'><strong>lit</strong></span> <span class='ocrx_word' id='word_1_514' title='bbox 789 3468 895 3538; x_wconf 85' lang='lat' dir='ltr'><strong>quidem</strong></span> <span class='ocrx_word' id='word_1_515' title='bbox 950 3463 1034 3519; x_wconf 92' lang='lat' dir='ltr'><strong>illum</strong></span> <span class='ocrx_word' id='word_1_516' title='bbox 1050 3479 1099 3535; x_wconf 84' lang='lat' dir='ltr'><strong>qur</strong></span> <span class='ocrx_word' id='word_1_517' title='bbox 1116 3464 1169 3520; x_wconf 86' lang='lat' dir='ltr'><strong>hoe</strong></span> <span class='ocrx_word' id='word_1_518' title='bbox 1185 3463 1248 3519; x_wconf 92' lang='lat' dir='ltr'><strong>loon</strong></span> <span class='ocrx_word' id='word_1_519' title='bbox 1263 3464 1444 3521; x_wconf 89' lang='lat' dir='ltr'><strong>seutentiam</strong></span> <span class='ocrx_word' id='word_1_520' title='bbox 1460 3465 1528 3520; x_wconf 91' lang='lat' dir='ltr'><strong>tulit</strong></span> <span class='ocrx_word' id='word_1_521' title='bbox 1543 3465 1665 3523; x_wconf 79' lang='lat' dir='ltr'><strong>Felicem</strong></span> <span class='ocrx_word' id='word_1_522' title='bbox 1686 3413 1777 3525; x_wconf 76' lang='lat' dir='ltr'><strong>llusse</strong></span> 
     </span>
     <span class='ocr_line' id='line_1_41' title="bbox 68 3536 1775 3618; baseline 0.002 -25"><span class='ocrx_word' id='word_1_523' title='bbox 68 3539 149 3611; x_wconf 80' lang='lat' dir='ltr'><strong>apud</strong></span> <span class='ocrx_word' id='word_1_524' title='bbox 162 3548 345 3594; x_wconf 76' lang='lat' dir='ltr'><strong>antecessores</strong></span> <span class='ocrx_word' id='word_1_525' title='bbox 358 3540 463 3593; x_wconf 80' lang='lat' dir='ltr'><strong>nostros</strong></span> <span class='ocrx_word' id='word_1_526' title='bbox 481 3537 595 3608; x_wconf 65' lang='lat' dir='ltr'><strong>qumans</strong></span> <span class='ocrx_word' id='word_1_527' title='bbox 613 3538 646 3593; x_wconf 86' lang='lat' dir='ltr'><strong>de</strong></span> <span class='ocrx_word' id='word_1_528' title='bbox 668 3540 811 3611; x_wconf 81' lang='lat' dir='ltr'><strong>episcopia,</strong></span> <span class='ocrx_word' id='word_1_529' title='bbox 835 3542 898 3594; x_wconf 87' lang='lat' dir='ltr'><strong>istic</strong></span> <span class='ocrx_word' id='word_1_530' title='bbox 952 3536 1141 3607; x_wconf 85' lang='lat' dir='ltr'><strong>appellatum,</strong></span> <span class='ocrx_word' id='word_1_531' title='bbox 1157 3540 1185 3589; x_wconf 88' lang='lat' dir='ltr'><strong>el</strong></span> <span class='ocrx_word' id='word_1_532' title='bbox 1201 3537 1270 3618; x_wconf 82' lang='lat' dir='ltr'><strong>quia</strong></span> <span class='ocrx_word' id='word_1_533' title='bbox 1285 3543 1352 3591; x_wconf 89' lang='lat' dir='ltr'><strong>ante</strong></span> <span class='ocrx_word' id='word_1_534' title='bbox 1366 3538 1496 3607; x_wconf 88' lang='lat' dir='ltr'><strong>reliquos</strong></span> <span class='ocrx_word' id='word_1_535' title='bbox 1510 3537 1632 3603; x_wconf 79' lang='lat' dir='ltr'><strong>dixerat,</strong></span> <span class='ocrx_word' id='word_1_536' title='bbox 1647 3540 1775 3612; x_wconf 90' lang='lat' dir='ltr'><strong>primum</strong></span> 
     </span>
     <span class='ocr_line' id='line_1_42' title="bbox 69 3607 1776 3683; baseline -0.001 -16"><span class='ocrx_word' id='word_1_537' title='bbox 69 3615 103 3667; x_wconf 81' lang='lat' dir='ltr'><strong>in</strong></span> <span class='ocrx_word' id='word_1_538' title='bbox 115 3611 267 3683; x_wconf 81' lang='lat' dir='ltr'><strong>prouincia</strong></span> <span class='ocrx_word' id='word_1_539' title='bbox 280 3618 376 3665; x_wconf 86' lang='lat' dir='ltr'><strong>nostra</strong></span> <span class='ocrx_word' id='word_1_540' title='bbox 390 3609 511 3664; x_wconf 81' lang='lat' dir='ltr'><strong>dandam</strong></span> <span class='ocrx_word' id='word_1_541' title='bbox 523 3625 617 3680; x_wconf 85' lang='lat' dir='ltr'><strong>pacem</strong></span> <span class='ocrx_word' id='word_1_542' title='bbox 629 3612 742 3665; x_wconf 81' lang='lat' dir='ltr'><strong>macbis</strong></span> <span class='ocrx_word' id='word_1_543' title='bbox 764 3626 820 3666; x_wconf 90' lang='lat' dir='ltr'><strong>non</strong></span> <span class='ocrx_word' id='word_1_544' title='bbox 843 3627 897 3683; x_wconf 85' lang='lat' dir='ltr'><strong>pu·</strong></span> <span class='ocrx_word' id='word_1_545' title='bbox 952 3608 1058 3677; x_wconf 76' lang='lat' dir='ltr'><strong>vocam,</strong></span> <span class='ocrx_word' id='word_1_546' title='bbox 1075 3612 1108 3662; x_wconf 94' lang='lat' dir='ltr'><strong>ut</strong></span> <span class='ocrx_word' id='word_1_547' title='bbox 1123 3624 1140 3661; x_wconf 90' lang='lat' dir='ltr'><strong>a</strong></span> <span class='ocrx_word' id='word_1_548' title='bbox 1155 3607 1248 3662; x_wconf 71' lang='lat' dir='ltr'><strong>lialrce</strong></span> <span class='ocrx_word' id='word_1_549' title='bbox 1272 3625 1289 3662; x_wconf 94' lang='lat' dir='ltr'><strong>a</strong></span> <span class='ocrx_word' id='word_1_550' title='bbox 1306 3608 1403 3679; x_wconf 83' lang='lat' dir='ltr'><strong>lingui,</strong></span> <span class='ocrx_word' id='word_1_551' title='bbox 1421 3608 1478 3663; x_wconf 89' lang='lat' dir='ltr'><strong>alio</strong></span> <span class='ocrx_word' id='word_1_552' title='bbox 1495 3609 1585 3664; x_wconf 66' lang='lat' dir='ltr'><strong>lielicc</strong></span> <span class='ocrx_word' id='word_1_553' title='bbox 1602 3613 1637 3666; x_wconf 85' lang='lat' dir='ltr'><strong>ab</strong></span> <span class='ocrx_word' id='word_1_554' title='bbox 1658 3611 1776 3681; x_wconf 86' lang='lat' dir='ltr'><strong>Uthina,</strong></span> 
     </span>
     <span class='ocr_line' id='line_1_43' title="bbox 70 3678 1779 3753; baseline 0 -15"><span class='ocrx_word' id='word_1_555' title='bbox 70 3685 213 3746; x_wconf 70' lang='lat' dir='ltr'><strong>woennt,</strong></span> <span class='ocrx_word' id='word_1_556' title='bbox 229 3690 255 3736; x_wconf 91' lang='lat' dir='ltr'><strong>et</strong></span> <span class='ocrx_word' id='word_1_557' title='bbox 269 3684 299 3737; x_wconf 90' lang='lat' dir='ltr'><strong>in</strong></span> <span class='ocrx_word' id='word_1_558' title='bbox 313 3684 400 3736; x_wconf 76' lang='lat' dir='ltr'><strong>totana</strong></span> <span class='ocrx_word' id='word_1_559' title='bbox 411 3682 579 3751; x_wconf 74' lang='lat' dir='ltr'><strong>paenitentiae</strong></span> <span class='ocrx_word' id='word_1_560' title='bbox 591 3682 681 3736; x_wconf 85' lang='lat' dir='ltr'><strong>locunt</strong></span> <span class='ocrx_word' id='word_1_561' title='bbox 698 3688 795 3738; x_wconf 88' lang='lat' dir='ltr'><strong>contro</strong></span> <span class='ocrx_word' id='word_1_562' title='bbox 820 3681 899 3737; x_wconf 87' lang='lat' dir='ltr'><strong>adal·</strong></span> <span class='ocrx_word' id='word_1_563' title='bbox 953 3695 970 3735; x_wconf 90' lang='lat' dir='ltr'><strong>a</strong></span> <span class='ocrx_word' id='word_1_564' title='bbox 986 3678 1141 3745; x_wconf 85' lang='lat' dir='ltr'><strong>Maroaaui,</strong></span> <span class='ocrx_word' id='word_1_565' title='bbox 1156 3694 1172 3732; x_wconf 89' lang='lat' dir='ltr'><strong>a</strong></span> <span class='ocrx_word' id='word_1_566' title='bbox 1188 3679 1368 3745; x_wconf 85' lang='lat' dir='ltr'><strong>Buslaceuis,</strong></span> <span class='ocrx_word' id='word_1_567' title='bbox 1392 3684 1451 3735; x_wconf 86' lang='lat' dir='ltr'><strong>eta</strong></span> <span class='ocrx_word' id='word_1_568' title='bbox 1479 3680 1652 3753; x_wconf 85' lang='lat' dir='ltr'><strong>Gurgitibus</strong></span> <span class='ocrx_word' id='word_1_569' title='bbox 1674 3683 1779 3739; x_wconf 87' lang='lat' dir='ltr'><strong>distin·</strong></span> 
     </span>
     <span class='ocr_line' id='line_1_44' title="bbox 70 3750 1779 3825; baseline 0 -15"><span class='ocrx_word' id='word_1_570' title='bbox 70 3758 148 3811; x_wconf 77' lang='lat' dir='ltr'><strong>teror</strong></span> <span class='ocrx_word' id='word_1_571' title='bbox 167 3753 337 3807; x_wconf 85' lang='lat' dir='ltr'><strong>clauserant.</strong></span> <span class='ocrx_word' id='word_1_572' title='bbox 365 3752 425 3807; x_wconf 85' lang='lat' dir='ltr'><strong>lton</strong></span> <span class='ocrx_word' id='word_1_573' title='bbox 451 3754 542 3807; x_wconf 86' lang='lat' dir='ltr'><strong>lamen</strong></span> <span class='ocrx_word' id='word_1_574' title='bbox 559 3770 579 3807; x_wconf 89' lang='lat' dir='ltr'><strong>a</strong></span> <span class='ocrx_word' id='word_1_575' title='bbox 592 3755 813 3825; x_wconf 85' lang='lat' dir='ltr'><strong>coepiscoporum</strong></span> <span class='ocrx_word' id='word_1_576' title='bbox 836 3766 900 3809; x_wconf 84' lang='lat' dir='ltr'><strong>suo·</strong></span> <span class='ocrx_word' id='word_1_577' title='bbox 953 3755 1093 3823; x_wconf 88' lang='lat' dir='ltr'><strong>gueretur</strong></span> <span class='ocrx_word' id='word_1_578' title='bbox 1104 3767 1111 3817; x_wconf 90' lang='lat'>;</span> <span class='ocrx_word' id='word_1_579' title='bbox 1123 3753 1151 3804; x_wconf 89' lang='lat' dir='ltr'><strong>et</strong></span> <span class='ocrx_word' id='word_1_580' title='bbox 1162 3751 1212 3819; x_wconf 89' lang='lat' dir='ltr'><strong>ita,</strong></span> <span class='ocrx_word' id='word_1_581' title='bbox 1226 3751 1308 3821; x_wconf 88' lang='lat' dir='ltr'><strong>lapsu</strong></span> <span class='ocrx_word' id='word_1_582' title='bbox 1333 3750 1407 3806; x_wconf 89' lang='lat' dir='ltr'><strong>satis</strong></span> <span class='ocrx_word' id='word_1_583' title='bbox 1425 3750 1556 3822; x_wconf 89' lang='lat' dir='ltr'><strong>proclivi,</strong></span> <span class='ocrx_word' id='word_1_584' title='bbox 1569 3755 1656 3824; x_wconf 88' lang='lat' dir='ltr'><strong>primi</strong></span> <span class='ocrx_word' id='word_1_585' title='bbox 1678 3771 1779 3810; x_wconf 88' lang='lat' dir='ltr'><strong>vocem</strong></span> 
     </span>
     <span class='ocr_line' id='line_1_45' title="bbox 71 3821 1779 3894; baseline 0.001 -14"><span class='ocrx_word' id='word_1_586' title='bbox 71 3840 137 3880; x_wconf 75' lang='lat' dir='ltr'><strong>ram</strong></span> <span class='ocrx_word' id='word_1_587' title='bbox 165 3823 281 3892; x_wconf 72' lang='lat' dir='ltr'><strong>collegio</strong></span> <span class='ocrx_word' id='word_1_588' title='bbox 309 3832 486 3887; x_wconf 86' lang='lat' dir='ltr'><strong>recesserunt,</strong></span> <span class='ocrx_word' id='word_1_589' title='bbox 513 3831 561 3878; x_wconf 90' lang='lat' dir='ltr'><strong>aut</strong></span> <span class='ocrx_word' id='word_1_590' title='bbox 592 3826 736 3880; x_wconf 70' lang='lat' dir='ltr'><strong>catholiam</strong></span> <span class='ocrx_word' id='word_1_591' title='bbox 773 3825 900 3879; x_wconf 75' lang='lat' dir='ltr'><strong>Ecclesia</strong></span> <span class='ocrx_word' id='word_1_592' title='bbox 955 3821 1779 3894; x_wconf 81' lang='lat' dir='ltr'><strong>quanumerumsolummododesiguabal,veronomine,</strong></span> 
     </span>
     <span class='ocr_line' id='line_1_46' title="bbox 72 3893 1779 3964; baseline 0 -12"><span class='ocrx_word' id='word_1_593' title='bbox 72 3893 394 3952; x_wconf 72' lang='lat' dir='ltr'><strong>mitatemueldaritie</strong></span> <span class='ocrx_word' id='word_1_594' title='bbox 417 3895 459 3949; x_wconf 86' lang='lat' dir='ltr'><strong>oel</strong></span> <span class='ocrx_word' id='word_1_595' title='bbox 487 3909 612 3952; x_wconf 78' lang='lat' dir='ltr'><strong>censurae</strong></span> <span class='ocrx_word' id='word_1_596' title='bbox 641 3911 697 3950; x_wconf 77' lang='lat' dir='ltr'><strong>sue</strong></span> <span class='ocrx_word' id='word_1_597' title='bbox 720 3895 902 3951; x_wconf 81' lang='lat' dir='ltr'><strong>obstinatione</strong></span> <span class='ocrx_word' id='word_1_598' title='bbox 954 3899 1096 3963; x_wconf 89' lang='lat' dir='ltr'><strong>tauquam</strong></span> <span class='ocrx_word' id='word_1_599' title='bbox 1117 3907 1340 3964; x_wconf 77' lang='lat' dir='ltr'><strong>supervacaneo,</strong></span> <span class='ocrx_word' id='word_1_600' title='bbox 1365 3893 1474 3948; x_wconf 90' lang='lat' dir='ltr'><strong>omisso</strong></span> <span class='ocrx_word' id='word_1_601' title='bbox 1498 3893 1527 3949; x_wconf 90' lang='lat' dir='ltr'><strong>in</strong></span> <span class='ocrx_word' id='word_1_602' title='bbox 1552 3910 1658 3950; x_wconf 90' lang='lat' dir='ltr'><strong>nomen</strong></span> <span class='ocrx_word' id='word_1_603' title='bbox 1682 3902 1779 3953; x_wconf 87' lang='lat' dir='ltr'><strong>traus-</strong></span> 
     </span>
     <span class='ocr_line' id='line_1_47' title="bbox 71 3963 1780 4038; baseline 0.001 -16"><span class='ocrx_word' id='word_1_604' title='bbox 71 3972 272 4038; x_wconf 66' lang='lat' dir='ltr'><strong>mperanlmt</strong></span> <span class='ocrx_word' id='word_1_605' title='bbox 286 3969 352 4037; x_wconf 82' lang='lat' dir='ltr'><strong>qaia</strong></span> <span class='ocrx_word' id='word_1_606' title='bbox 366 3966 440 4033; x_wconf 82' lang='lat' dir='ltr'><strong>aparl</strong></span> <span class='ocrx_word' id='word_1_607' title='bbox 455 3967 524 4021; x_wconf 89' lang='lat' dir='ltr'><strong>otios</strong></span> <span class='ocrx_word' id='word_1_608' title='bbox 538 3966 673 4021; x_wconf 74' lang='lat' dir='ltr'><strong>adulteris</strong></span> <span class='ocrx_word' id='word_1_609' title='bbox 693 3982 751 4037; x_wconf 80' lang='lat' dir='ltr'><strong>poe</strong></span> <span class='ocrx_word' id='word_1_610' title='bbox 773 3967 901 4032; x_wconf 85' lang='lat' dir='ltr'><strong>dabatur,</strong></span> <span class='ocrx_word' id='word_1_611' title='bbox 955 3964 1034 4018; x_wconf 90' lang='lat' dir='ltr'><strong>iisse.</strong></span> <span class='ocrx_word' id='word_1_612' title='bbox 1051 3963 1181 4019; x_wconf 84' lang='lat' dir='ltr'><strong>Civitatis</strong></span> <span class='ocrx_word' id='word_1_613' title='bbox 1203 3965 1292 4034; x_wconf 87' lang='lat' dir='ltr'><strong>hujus</strong></span> <span class='ocrx_word' id='word_1_614' title='bbox 1315 3963 1445 4037; x_wconf 86' lang='lat' dir='ltr'><strong>episcopi</strong></span> <span class='ocrx_word' id='word_1_615' title='bbox 1465 3967 1642 4020; x_wconf 85' lang='lat' dir='ltr'><strong>mentionem</strong></span> <span class='ocrx_word' id='word_1_616' title='bbox 1668 3967 1780 4024; x_wconf 83' lang='lat' dir='ltr'><strong>faciunt</strong></span> 
     </span>
     <span class='ocr_line' id='line_1_48' title="bbox 71 4032 1779 4112; baseline 0 -19"><span class='ocrx_word' id='word_1_617' title='bbox 71 4040 125 4112; x_wconf 72' lang='lat' dir='ltr'><strong>gai</strong></span> <span class='ocrx_word' id='word_1_618' title='bbox 151 4051 208 4092; x_wconf 88' lang='lat' dir='ltr'><strong>non</strong></span> <span class='ocrx_word' id='word_1_619' title='bbox 231 4036 313 4091; x_wconf 74' lang='lat' dir='ltr'><strong>datm</strong></span> <span class='ocrx_word' id='word_1_620' title='bbox 341 4038 374 4092; x_wconf 87' lang='lat' dir='ltr'><strong>de</strong></span> <span class='ocrx_word' id='word_1_621' title='bbox 399 4038 519 4092; x_wconf 81' lang='lat' dir='ltr'><strong>Ecclesia</strong></span> <span class='ocrx_word' id='word_1_622' title='bbox 550 4042 736 4108; x_wconf 80' lang='lat' dir='ltr'><strong>aeparmelur.</strong></span> <span class='ocrx_word' id='word_1_623' title='bbox 774 4041 902 4093; x_wconf 71' lang='lat' dir='ltr'><strong>monente</strong></span> <span class='ocrx_word' id='word_1_624' title='bbox 956 4032 1238 4092; x_wconf 83' lang='lat' dir='ltr'><strong>interuliosCullst.</strong></span> <span class='ocrx_word' id='word_1_625' title='bbox 1256 4035 1392 4106; x_wconf 78' lang='lat' dir='ltr'><strong>Ganhng.</strong></span> <span class='ocrx_word' id='word_1_626' title='bbox 1409 4035 1525 4091; x_wconf 89' lang='lat' dir='ltr'><strong>etVict.</strong></span> <span class='ocrx_word' id='word_1_627' title='bbox 1542 4036 1597 4092; x_wconf 89' lang='lat' dir='ltr'><strong>Vit.</strong></span> <span class='ocrx_word' id='word_1_628' title='bbox 1615 4039 1703 4093; x_wconf 91' lang='lat' dir='ltr'><strong>Porro</strong></span> <span class='ocrx_word' id='word_1_629' title='bbox 1728 4054 1779 4094; x_wconf 92' lang='lat' dir='ltr'><strong>no·</strong></span> 
     </span>
     <span class='ocr_line' id='line_1_49' title="bbox 69 4105 1779 4181; baseline 0.002 -20"><span class='ocrx_word' id='word_1_630' title='bbox 69 4108 231 4167; x_wconf 69' lang='lat' dir='ltr'><strong>murdim</strong></span> <span class='ocrx_word' id='word_1_631' title='bbox 245 4109 354 4163; x_wconf 86' lang='lat' dir='ltr'><strong>uinculo</strong></span> <span class='ocrx_word' id='word_1_632' title='bbox 368 4115 394 4162; x_wconf 86' lang='lat' dir='ltr'><strong>et</strong></span> <span class='ocrx_word' id='word_1_633' title='bbox 409 4115 606 4176; x_wconf 80' lang='lat' dir='ltr'><strong>perseverante</strong></span> <span class='ocrx_word' id='word_1_634' title='bbox 618 4110 761 4165; x_wconf 68' lang='lat' dir='ltr'><strong>cateruam</strong></span> <span class='ocrx_word' id='word_1_635' title='bbox 775 4110 903 4165; x_wconf 77' lang='lat' dir='ltr'><strong>Ecclesiae</strong></span> <span class='ocrx_word' id='word_1_636' title='bbox 956 4106 1089 4170; x_wconf 87' lang='lat' dir='ltr'><strong>tandum,</strong></span> <span class='ocrx_word' id='word_1_637' title='bbox 1108 4105 1136 4159; x_wconf 90' lang='lat' dir='ltr'><strong>in</strong></span> <span class='ocrx_word' id='word_1_638' title='bbox 1148 4107 1242 4162; x_wconf 89' lang='lat' dir='ltr'><strong>lllrina</strong></span> <span class='ocrx_word' id='word_1_639' title='bbox 1256 4109 1406 4175; x_wconf 69' lang='lat' dir='ltr'><strong>ortmann,</strong></span> <span class='ocrx_word' id='word_1_640' title='bbox 1424 4124 1480 4161; x_wconf 91' lang='lat' dir='ltr'><strong>uon</strong></span> <span class='ocrx_word' id='word_1_641' title='bbox 1496 4108 1532 4162; x_wconf 90' lang='lat' dir='ltr'><strong>ab</strong></span> <span class='ocrx_word' id='word_1_642' title='bbox 1543 4108 1660 4163; x_wconf 90' lang='lat' dir='ltr'><strong>urbium</strong></span> <span class='ocrx_word' id='word_1_643' title='bbox 1674 4109 1779 4181; x_wconf 91' lang='lat' dir='ltr'><strong>opibus</strong></span> 
     </span>
     <span class='ocr_line' id='line_1_50' title="bbox 70 4179 1780 4251; baseline -0.001 -14"><span class='ocrx_word' id='word_1_644' title='bbox 70 4179 220 4237; x_wconf 77' lang='lat' dir='ltr'><strong>indiuiduo</strong></span> <span class='ocrx_word' id='word_1_645' title='bbox 233 4189 411 4247; x_wconf 69' lang='lat' dir='ltr'><strong>sumomonte,</strong></span> <span class='ocrx_word' id='word_1_646' title='bbox 427 4189 518 4234; x_wconf 88' lang='lat' dir='ltr'><strong>actum</strong></span> <span class='ocrx_word' id='word_1_647' title='bbox 531 4195 613 4234; x_wconf 84' lang='lat' dir='ltr'><strong>sunm</strong></span> <span class='ocrx_word' id='word_1_648' title='bbox 639 4181 759 4251; x_wconf 85' lang='lat' dir='ltr'><strong>disponit</strong></span> <span class='ocrx_word' id='word_1_649' title='bbox 781 4189 807 4235; x_wconf 89' lang='lat' dir='ltr'><strong>et</strong></span> <span class='ocrx_word' id='word_1_650' title='bbox 832 4180 902 4234; x_wconf 86' lang='lat' dir='ltr'><strong>diri·</strong></span> <span class='ocrx_word' id='word_1_651' title='bbox 957 4184 1006 4232; x_wconf 89' lang='lat' dir='ltr'><strong>aul</strong></span> <span class='ocrx_word' id='word_1_652' title='bbox 1022 4179 1209 4250; x_wconf 75' lang='lat' dir='ltr'><strong>prerogativa</strong></span> <span class='ocrx_word' id='word_1_653' title='bbox 1223 4181 1271 4234; x_wconf 74' lang='lat' dir='ltr'><strong>sert</strong></span> <span class='ocrx_word' id='word_1_654' title='bbox 1285 4182 1434 4234; x_wconf 81' lang='lat' dir='ltr'><strong>secandum</strong></span> <span class='ocrx_word' id='word_1_655' title='bbox 1458 4183 1563 4250; x_wconf 84' lang='lat' dir='ltr'><strong>ternpus</strong></span> <span class='ocrx_word' id='word_1_656' title='bbox 1586 4195 1642 4235; x_wconf 81' lang='lat' dir='ltr'><strong>suae</strong></span> <span class='ocrx_word' id='word_1_657' title='bbox 1665 4181 1780 4237; x_wconf 75' lang='lat' dir='ltr'><strong>ordina·</strong></span> 
     </span>
     <span class='ocr_line' id='line_1_51' title="bbox 69 4250 1780 4332; baseline 0.001 -25"><span class='ocrx_word' id='word_1_658' title='bbox 69 4254 115 4324; x_wconf 70' lang='lat' dir='ltr'><strong>ait</strong></span> <span class='ocrx_word' id='word_1_659' title='bbox 142 4251 330 4332; x_wconf 65' lang='lat' dir='ltr'><strong>anusqussqae</strong></span> <span class='ocrx_word' id='word_1_660' title='bbox 360 4251 499 4322; x_wconf 81' lang='lat' dir='ltr'><strong>episcopas</strong></span> <span class='ocrx_word' id='word_1_661' title='bbox 527 4254 663 4307; x_wconf 85' lang='lat' dir='ltr'><strong>rationem</strong></span> <span class='ocrx_word' id='word_1_662' title='bbox 690 4253 822 4323; x_wconf 81' lang='lat' dir='ltr'><strong>propositi</strong></span> <span class='ocrx_word' id='word_1_663' title='bbox 858 4252 904 4306; x_wconf 86' lang='lat' dir='ltr'><strong>sai</strong></span> <span class='ocrx_word' id='word_1_664' title='bbox 957 4251 1049 4316; x_wconf 89' lang='lat' dir='ltr'><strong>tionis,</strong></span> <span class='ocrx_word' id='word_1_665' title='bbox 1068 4257 1100 4304; x_wconf 89' lang='lat' dir='ltr'><strong>ut</strong></span> <span class='ocrx_word' id='word_1_666' title='bbox 1120 4253 1222 4304; x_wconf 74' lang='lat' dir='ltr'><strong>lenuis</strong></span> <span class='ocrx_word' id='word_1_667' title='bbox 1247 4250 1282 4305; x_wconf 78' lang='lat' dir='ltr'><strong>lx</strong></span> <span class='ocrx_word' id='word_1_668' title='bbox 1307 4252 1403 4306; x_wconf 79' lang='lat' dir='ltr'><strong>verbis</strong></span> <span class='ocrx_word' id='word_1_669' title='bbox 1426 4256 1501 4307; x_wconf 89' lang='lat' dir='ltr'><strong>utar.</strong></span> <span class='ocrx_word' id='word_1_670' title='bbox 1522 4252 1633 4305; x_wconf 89' lang='lat' dir='ltr'><strong>censeri</strong></span> <span class='ocrx_word' id='word_1_671' title='bbox 1658 4251 1780 4309; x_wconf 87' lang='lat' dir='ltr'><strong>solitos:</strong></span> 
     </span>
     <span class='ocr_line' id='line_1_52' title="bbox 75 4320 1780 4394; baseline 0 -15"><span class='ocrx_word' id='word_1_672' title='bbox 75 4320 375 4379; x_wconf 81' lang='lat' dir='ltr'><strong>Domrnoreddttaraa.</strong></span> <span class='ocrx_word' id='word_1_673' title='bbox 404 4321 508 4377; x_wconf 89' lang='lat' dir='ltr'><strong>Conl&#39;er</strong></span> <span class='ocrx_word' id='word_1_674' title='bbox 534 4338 602 4377; x_wconf 81' lang='lat' dir='ltr'><strong>vero</strong></span> <span class='ocrx_word' id='word_1_675' title='bbox 630 4324 762 4394; x_wconf 86' lang='lat' dir='ltr'><strong>egregias</strong></span> <span class='ocrx_word' id='word_1_676' title='bbox 792 4323 903 4378; x_wconf 84' lang='lat' dir='ltr'><strong>litteras</strong></span> <span class='ocrx_word' id='word_1_677' title='bbox 958 4321 1462 4393; x_wconf 80' lang='lat' dir='ltr'><strong>atqueideosencsappellabaulur.</strong></span> <span class='ocrx_word' id='word_1_678' title='bbox 1491 4326 1612 4394; x_wconf 87' lang='lat' dir='ltr'><strong>insuper</strong></span> <span class='ocrx_word' id='word_1_679' title='bbox 1630 4323 1780 4379; x_wconf 81' lang='lat' dir='ltr'><strong>insalira&#39;·</strong></span> 
     </span>
     <span class='ocr_line' id='line_1_53' title="bbox 77 4392 1782 4468; baseline -0.001 -18"><span class='ocrx_word' id='word_1_680' title='bbox 77 4392 156 4450; x_wconf 86' lang='lat' dir='ltr'><strong>Petri</strong></span> <span class='ocrx_word' id='word_1_681' title='bbox 172 4392 311 4465; x_wconf 71' lang='lat' dir='ltr'><strong>dunning</strong></span> <span class='ocrx_word' id='word_1_682' title='bbox 325 4393 454 4462; x_wconf 88' lang='lat' dir='ltr'><strong>episcopi</strong></span> <span class='ocrx_word' id='word_1_683' title='bbox 468 4392 592 4449; x_wconf 85' lang='lat' dir='ltr'><strong>Eliansie</strong></span> <span class='ocrx_word' id='word_1_684' title='bbox 607 4394 641 4448; x_wconf 90' lang='lat' dir='ltr'><strong>ad</strong></span> <span class='ocrx_word' id='word_1_685' title='bbox 659 4393 838 4448; x_wconf 90' lang='lat' dir='ltr'><strong>Sbeldouum</strong></span> <span class='ocrx_word' id='word_1_686' title='bbox 855 4411 904 4448; x_wconf 83' lang='lat' dir='ltr'><strong>ar·</strong></span> <span class='ocrx_word' id='word_1_687' title='bbox 958 4394 1015 4463; x_wconf 85' lang='lat' dir='ltr'><strong>giis</strong></span> <span class='ocrx_word' id='word_1_688' title='bbox 1030 4392 1156 4447; x_wconf 86' lang='lat' dir='ltr'><strong>terendis</strong></span> <span class='ocrx_word' id='word_1_689' title='bbox 1171 4393 1197 4446; x_wconf 87' lang='lat' dir='ltr'><strong>is</strong></span> <span class='ocrx_word' id='word_1_690' title='bbox 1212 4393 1266 4447; x_wconf 88' lang='lat' dir='ltr'><strong>luit</strong></span> <span class='ocrx_word' id='word_1_691' title='bbox 1281 4408 1346 4447; x_wconf 88' lang='lat' dir='ltr'><strong>mos</strong></span> <span class='ocrx_word' id='word_1_692' title='bbox 1360 4399 1526 4465; x_wconf 87' lang='lat' dir='ltr'><strong>parpcluus,</strong></span> <span class='ocrx_word' id='word_1_693' title='bbox 1543 4399 1576 4447; x_wconf 92' lang='lat' dir='ltr'><strong>ut</strong></span> <span class='ocrx_word' id='word_1_694' title='bbox 1590 4394 1609 4447; x_wconf 90' lang='lat' dir='ltr'><strong>ii</strong></span> <span class='ocrx_word' id='word_1_695' title='bbox 1626 4395 1676 4467; x_wconf 90' lang='lat' dir='ltr'><strong>qui</strong></span> <span class='ocrx_word' id='word_1_696' title='bbox 1693 4395 1782 4468; x_wconf 92' lang='lat' dir='ltr'><strong>primi</strong></span> 
     </span>
     <span class='ocr_line' id='line_1_54' title="bbox 71 4463 1782 4535; baseline 0.001 -14"><span class='ocrx_word' id='word_1_697' title='bbox 71 4463 298 4535; x_wconf 76' lang='lat' dir='ltr'><strong>corepiscopum</strong></span> <span class='ocrx_word' id='word_1_698' title='bbox 312 4464 550 4519; x_wconf 70' lang='lat' dir='ltr'><strong>cantuariensem</strong></span> <span class='ocrx_word' id='word_1_699' title='bbox 566 4465 601 4518; x_wconf 92' lang='lat' dir='ltr'><strong>de</strong></span> <span class='ocrx_word' id='word_1_700' title='bbox 616 4464 682 4519; x_wconf 86' lang='lat' dir='ltr'><strong>istis</strong></span> <span class='ocrx_word' id='word_1_701' title='bbox 704 4465 734 4519; x_wconf 93' lang='lat' dir='ltr'><strong>in</strong></span> <span class='ocrx_word' id='word_1_702' title='bbox 756 4463 811 4519; x_wconf 90' lang='lat' dir='ltr'><strong>boc</strong></span> <span class='ocrx_word' id='word_1_703' title='bbox 835 4481 903 4520; x_wconf 90' lang='lat' dir='ltr'><strong>con·</strong></span> <span class='ocrx_word' id='word_1_704' title='bbox 959 4464 993 4518; x_wconf 91' lang='lat' dir='ltr'><strong>ad</strong></span> <span class='ocrx_word' id='word_1_705' title='bbox 1004 4463 1204 4534; x_wconf 88' lang='lat' dir='ltr'><strong>episcopatum</strong></span> <span class='ocrx_word' id='word_1_706' title='bbox 1217 4463 1352 4535; x_wconf 91' lang='lat' dir='ltr'><strong>promoti,</strong></span> <span class='ocrx_word' id='word_1_707' title='bbox 1370 4470 1437 4519; x_wconf 87' lang='lat' dir='ltr'><strong>aute</strong></span> <span class='ocrx_word' id='word_1_708' title='bbox 1451 4463 1524 4519; x_wconf 87' lang='lat' dir='ltr'><strong>alios</strong></span> <span class='ocrx_word' id='word_1_709' title='bbox 1541 4467 1718 4522; x_wconf 86' lang='lat' dir='ltr'><strong>senteutiam</strong></span> <span class='ocrx_word' id='word_1_710' title='bbox 1738 4466 1782 4521; x_wconf 90' lang='lat' dir='ltr'><strong>di·</strong></span> 
     </span>
     <span class='ocr_line' id='line_1_55' title="bbox 73 4532 1781 4611; baseline 0.001 -18"><span class='ocrx_word' id='word_1_711' title='bbox 73 4534 145 4593; x_wconf 81' lang='lat' dir='ltr'><strong>oillo</strong></span> <span class='ocrx_word' id='word_1_712' title='bbox 159 4535 296 4607; x_wconf 79' lang='lat' dir='ltr'><strong>Cypriani</strong></span> <span class='ocrx_word' id='word_1_713' title='bbox 311 4535 415 4602; x_wconf 78' lang='lat' dir='ltr'><strong>serbis,</strong></span> <span class='ocrx_word' id='word_1_714' title='bbox 432 4534 556 4605; x_wconf 83' lang='lat' dir='ltr'><strong>aliisque</strong></span> <span class='ocrx_word' id='word_1_715' title='bbox 568 4534 639 4590; x_wconf 90' lang='lat' dir='ltr'><strong>locis</strong></span> <span class='ocrx_word' id='word_1_716' title='bbox 654 4534 813 4602; x_wconf 88' lang='lat' dir='ltr'><strong>similibus,</strong></span> <span class='ocrx_word' id='word_1_717' title='bbox 830 4552 904 4607; x_wconf 80' lang='lat' dir='ltr'><strong>qrios</strong></span> <span class='ocrx_word' id='word_1_718' title='bbox 959 4539 1065 4589; x_wconf 83' lang='lat' dir='ltr'><strong>carent.</strong></span> <span class='ocrx_word' id='word_1_719' title='bbox 1083 4536 1176 4599; x_wconf 83' lang='lat' dir='ltr'><strong>Quare</strong></span> <span class='ocrx_word' id='word_1_720' title='bbox 1191 4532 1257 4589; x_wconf 87' lang='lat' dir='ltr'><strong>illos</strong></span> <span class='ocrx_word' id='word_1_721' title='bbox 1273 4535 1321 4605; x_wconf 87' lang='lat' dir='ltr'><strong>qui</strong></span> <span class='ocrx_word' id='word_1_722' title='bbox 1338 4533 1386 4590; x_wconf 90' lang='lat' dir='ltr'><strong>hic</strong></span> <span class='ocrx_word' id='word_1_723' title='bbox 1409 4535 1542 4590; x_wconf 90' lang='lat' dir='ltr'><strong>ordinem</strong></span> <span class='ocrx_word' id='word_1_724' title='bbox 1568 4537 1690 4605; x_wconf 90' lang='lat' dir='ltr'><strong>ducunt,</strong></span> <span class='ocrx_word' id='word_1_725' title='bbox 1716 4554 1781 4611; x_wconf 88' lang='lat' dir='ltr'><strong>pro-</strong></span> 
     </span>
     <span class='ocr_line' id='line_1_56' title="bbox 74 4604 1783 4692; baseline 0.001 -28"><span class='ocrx_word' id='word_1_726' title='bbox 74 4604 212 4664; x_wconf 75' lang='lat' dir='ltr'><strong>adsoloa</strong></span> <span class='ocrx_word' id='word_1_727' title='bbox 239 4607 393 4678; x_wconf 87' lang='lat' dir='ltr'><strong>episcopos</strong></span> <span class='ocrx_word' id='word_1_728' title='bbox 422 4606 522 4660; x_wconf 84' lang='lat' dir='ltr'><strong>elisua</strong></span> <span class='ocrx_word' id='word_1_729' title='bbox 550 4605 670 4661; x_wconf 86' lang='lat' dir='ltr'><strong>ditionis</strong></span> <span class='ocrx_word' id='word_1_730' title='bbox 694 4605 838 4676; x_wconf 79' lang='lat' dir='ltr'><strong>pertinere</strong></span> <span class='ocrx_word' id='word_1_731' title='bbox 862 4608 905 4661; x_wconf 82' lang='lat' dir='ltr'><strong>vir</strong></span> <span class='ocrx_word' id='word_1_732' title='bbox 958 4605 1541 4676; x_wconf 83' lang='lat' dir='ltr'><strong>vinciarumprimatesluisseexistimo.</strong></span> <span class='ocrx_word' id='word_1_733' title='bbox 1571 4609 1687 4681; x_wconf 89' lang='lat' dir='ltr'><strong>Septem</strong></span> <span class='ocrx_word' id='word_1_734' title='bbox 1714 4610 1783 4692; x_wconf 84' lang='lat' dir='ltr'><strong>qui·</strong></span> 
     </span>
     <span class='ocr_line' id='line_1_57' title="bbox 74 4676 1784 4754; baseline -0.001 -17"><span class='ocrx_word' id='word_1_735' title='bbox 74 4677 273 4737; x_wconf 86' lang='lat' dir='ltr'><strong>doctissimus</strong></span> <span class='ocrx_word' id='word_1_736' title='bbox 285 4679 397 4732; x_wconf 87' lang='lat' dir='ltr'><strong>statuit.</strong></span> <span class='ocrx_word' id='word_1_737' title='bbox 416 4677 505 4732; x_wconf 84' lang='lat' dir='ltr'><strong>Edita</strong></span> <span class='ocrx_word' id='word_1_738' title='bbox 519 4678 633 4733; x_wconf 88' lang='lat' dir='ltr'><strong>suntin</strong></span> <span class='ocrx_word' id='word_1_739' title='bbox 651 4676 820 4733; x_wconf 75' lang='lat' dir='ltr'><strong>Bibliotheca</strong></span> <span class='ocrx_word' id='word_1_740' title='bbox 835 4679 905 4733; x_wconf 88' lang='lat' dir='ltr'><strong>litle-</strong></span> <span class='ocrx_word' id='word_1_741' title='bbox 959 4676 1025 4731; x_wconf 90' lang='lat' dir='ltr'><strong>dem</strong></span> <span class='ocrx_word' id='word_1_742' title='bbox 1036 4676 1155 4731; x_wconf 88' lang='lat' dir='ltr'><strong>luerunt</strong></span> <span class='ocrx_word' id='word_1_743' title='bbox 1170 4677 1341 4748; x_wconf 81' lang='lat' dir='ltr'><strong>partitiones</strong></span> <span class='ocrx_word' id='word_1_744' title='bbox 1356 4679 1467 4742; x_wconf 79' lang='lat' dir='ltr'><strong>Africa,</strong></span> <span class='ocrx_word' id='word_1_745' title='bbox 1482 4684 1613 4750; x_wconf 89' lang='lat' dir='ltr'><strong>respectu</strong></span> <span class='ocrx_word' id='word_1_746' title='bbox 1631 4681 1784 4754; x_wconf 77' lang='lat' dir='ltr'><strong>regiminis</strong></span> 
     </span>
     <span class='ocr_line' id='line_1_58' title="bbox 75 4745 1784 4819; baseline 0.002 -14"><span class='ocrx_word' id='word_1_747' title='bbox 75 4750 315 4818; x_wconf 82' lang='lat' dir='ltr'><strong>raria,num.x1,</strong></span> <span class='ocrx_word' id='word_1_748' title='bbox 331 4749 443 4819; x_wconf 80' lang='lat' dir='ltr'><strong>qrraecl.</strong></span> <span class='ocrx_word' id='word_1_749' title='bbox 460 4749 531 4803; x_wconf 85' lang='lat' dir='ltr'><strong>viris</strong></span> <span class='ocrx_word' id='word_1_750' title='bbox 549 4748 653 4804; x_wconf 86' lang='lat' dir='ltr'><strong>lebbio</strong></span> <span class='ocrx_word' id='word_1_751' title='bbox 669 4754 696 4803; x_wconf 89' lang='lat' dir='ltr'><strong>et</strong></span> <span class='ocrx_word' id='word_1_752' title='bbox 714 4751 827 4804; x_wconf 88' lang='lat' dir='ltr'><strong>Wassio</strong></span> <span class='ocrx_word' id='word_1_753' title='bbox 851 4750 903 4804; x_wconf 91' lang='lat' dir='ltr'><strong>ad·</strong></span> <span class='ocrx_word' id='word_1_754' title='bbox 959 4745 1070 4803; x_wconf 89' lang='lat' dir='ltr'><strong>civilis:</strong></span> <span class='ocrx_word' id='word_1_755' title='bbox 1093 4748 1143 4803; x_wconf 91' lang='lat' dir='ltr'><strong>sed</strong></span> <span class='ocrx_word' id='word_1_756' title='bbox 1166 4752 1226 4803; x_wconf 79' lang='lat' dir='ltr'><strong>tren</strong></span> <span class='ocrx_word' id='word_1_757' title='bbox 1251 4752 1365 4803; x_wconf 88' lang='lat' dir='ltr'><strong>lantum</strong></span> <span class='ocrx_word' id='word_1_758' title='bbox 1394 4750 1482 4804; x_wconf 83' lang='lat' dir='ltr'><strong>luisse</strong></span> <span class='ocrx_word' id='word_1_759' title='bbox 1505 4752 1728 4814; x_wconf 81' lang='lat' dir='ltr'><strong>ecclesiasticas.</strong></span> <span class='ocrx_word' id='word_1_760' title='bbox 1748 4767 1784 4807; x_wconf 87' lang='lat' dir='ltr'><strong>ex</strong></span> 
     </span>
     <span class='ocr_line' id='line_1_59' title="bbox 76 4817 1782 4893; baseline -0.001 -14"><span class='ocrx_word' id='word_1_761' title='bbox 76 4821 257 4892; x_wconf 82' lang='lat' dir='ltr'><strong>scriptaest.</strong></span> <span class='ocrx_word' id='word_1_762' title='bbox 275 4820 497 4876; x_wconf 85' lang='lat' dir='ltr'><strong>Etcouveniens</strong></span> <span class='ocrx_word' id='word_1_763' title='bbox 512 4821 580 4874; x_wconf 84' lang='lat' dir='ltr'><strong>hura</strong></span> <span class='ocrx_word' id='word_1_764' title='bbox 602 4826 647 4875; x_wconf 91' lang='lat' dir='ltr'><strong>est</strong></span> <span class='ocrx_word' id='word_1_765' title='bbox 672 4820 827 4875; x_wconf 91' lang='lat' dir='ltr'><strong>verborum</strong></span> <span class='ocrx_word' id='word_1_766' title='bbox 852 4824 904 4893; x_wconf 81' lang='lat' dir='ltr'><strong>cy-</strong></span> <span class='ocrx_word' id='word_1_767' title='bbox 960 4818 1062 4890; x_wconf 85' lang='lat' dir='ltr'><strong>synodi</strong></span> <span class='ocrx_word' id='word_1_768' title='bbox 1079 4817 1167 4889; x_wconf 85' lang='lat' dir='ltr'><strong>hujus</strong></span> <span class='ocrx_word' id='word_1_769' title='bbox 1181 4818 1264 4875; x_wconf 87' lang='lat' dir='ltr'><strong>initio</strong></span> <span class='ocrx_word' id='word_1_770' title='bbox 1280 4821 1366 4874; x_wconf 90' lang='lat' dir='ltr'><strong>datur</strong></span> <span class='ocrx_word' id='word_1_771' title='bbox 1380 4821 1472 4875; x_wconf 87' lang='lat' dir='ltr'><strong>intelli</strong></span> <span class='ocrx_word' id='word_1_772' title='bbox 1495 4821 1513 4877; x_wconf 89' lang='lat' dir='ltr'><strong>i.</strong></span> <span class='ocrx_word' id='word_1_773' title='bbox 1531 4823 1650 4879; x_wconf 82' lang='lat' dir='ltr'><strong>Faunus.</strong></span> <span class='ocrx_word' id='word_1_774' title='bbox 1668 4855 1702 4864; x_wconf 93' lang='lat'>-</span> <span class='ocrx_word' id='word_1_775' title='bbox 1717 4823 1782 4878; x_wconf 90' lang='lat' dir='ltr'><strong>Vid.</strong></span> 
     </span>
     <span class='ocr_line' id='line_1_60' title="bbox 78 4837 1784 4965; baseline -0.001 -17"><span class='ocrx_word' id='word_1_776' title='bbox 78 4890 178 4965; x_wconf 84' lang='lat' dir='ltr'><strong>priaui</strong></span> <span class='ocrx_word' id='word_1_777' title='bbox 191 4889 403 4962; x_wconf 84' lang='lat' dir='ltr'><strong>interpretatio,</strong></span> <span class='ocrx_word' id='word_1_778' title='bbox 431 4892 516 4962; x_wconf 88' lang='lat' dir='ltr'><strong>cujus</strong></span> <span class='ocrx_word' id='word_1_779' title='bbox 542 4896 643 4946; x_wconf 88' lang='lat' dir='ltr'><strong>auctor</strong></span> <span class='ocrx_word' id='word_1_780' title='bbox 665 4895 710 4946; x_wconf 90' lang='lat' dir='ltr'><strong>est</strong></span> <span class='ocrx_word' id='word_1_781' title='bbox 723 4891 751 4946; x_wconf 84' lang='lat' dir='ltr'><strong>S.</strong></span> <span class='ocrx_word' id='word_1_782' title='bbox 768 4894 904 4963; x_wconf 74' lang='lat' dir='ltr'><strong>Augunu&#39;-</strong></span> <span class='ocrx_word' id='word_1_783' title='bbox 964 4906 1063 4961; x_wconf 90' lang='lat' dir='ltr'><strong>supra,</strong></span> <span class='ocrx_word' id='word_1_784' title='bbox 1080 4905 1108 4960; x_wconf 92' lang='lat' dir='ltr'><strong>p.</strong></span> <span class='ocrx_word' id='word_1_785' title='bbox 1126 4890 1187 4944; x_wconf 80' lang='lat'><strong>151.</strong></span> <span class='ocrx_word' id='word_1_786' title='bbox 1211 4889 1364 4946; x_wconf 89' lang='lat' dir='ltr'><strong>Notaverat</strong></span> <span class='ocrx_word' id='word_1_787' title='bbox 1389 4897 1456 4947; x_wconf 85' lang='lat' dir='ltr'><strong>ante</strong></span> <span class='ocrx_word' id='word_1_788' title='bbox 1475 4837 1636 4955; x_wconf 63' lang='lat' dir='ltr'><strong>lamellas,</strong></span> <span class='ocrx_word' id='word_1_789' title='bbox 1661 4918 1675 4940; x_wconf 74' lang='lat' dir='ltr'><strong>u</strong></span> <span class='ocrx_word' id='word_1_790' title='bbox 1691 4894 1784 4948; x_wconf 86' lang='lat' dir='ltr'><strong>Omiei</strong></span> 
     </span>
     <span class='ocr_line' id='line_1_61' title="bbox 79 4961 1785 5035; baseline -0.001 -14"><span class='ocrx_word' id='word_1_791' title='bbox 79 4979 173 5021; x_wconf 87' lang='lat' dir='ltr'><strong>aus...</strong></span> <span class='ocrx_word' id='word_1_792' title='bbox 192 4978 199 5016; x_wconf 91' lang='lat'><strong>:</strong></span> <span class='ocrx_word' id='word_1_793' title='bbox 217 4963 312 5034; x_wconf 77' lang='lat' dir='ltr'><strong>illique</strong></span> <span class='ocrx_word' id='word_1_794' title='bbox 340 4965 370 5018; x_wconf 87' lang='lat' dir='ltr'><strong>in</strong></span> <span class='ocrx_word' id='word_1_795' title='bbox 394 4961 438 5016; x_wconf 85' lang='lat' dir='ltr'><strong>bis</strong></span> <span class='ocrx_word' id='word_1_796' title='bbox 461 4963 670 5033; x_wconf 67' lang='lat' dir='ltr'><strong>questionibus,</strong></span> <span class='ocrx_word' id='word_1_797' title='bbox 699 4979 759 5034; x_wconf 74' lang='lat' dir='ltr'><strong>aare</strong></span> <span class='ocrx_word' id='word_1_798' title='bbox 785 4965 908 5018; x_wconf 88' lang='lat' dir='ltr'><strong>nondum</strong></span> <span class='ocrx_word' id='word_1_799' title='bbox 961 4977 1027 5017; x_wconf 89' lang='lat' dir='ltr'><strong>cum</strong></span> <span class='ocrx_word' id='word_1_800' title='bbox 1045 4977 1101 5015; x_wconf 87' lang='lat' dir='ltr'><strong>rus.</strong></span> <span class='ocrx_word' id='word_1_801' title='bbox 1130 4966 1159 5015; x_wconf 84' lang='lat' dir='ltr'><strong>et</strong></span> <span class='ocrx_word' id='word_1_802' title='bbox 1188 4964 1314 5017; x_wconf 80' lang='lat' dir='ltr'><strong>ltanutio</strong></span> <span class='ocrx_word' id='word_1_803' title='bbox 1338 4964 1414 5035; x_wconf 84' lang='lat' dir='ltr'><strong>quod</strong></span> <span class='ocrx_word' id='word_1_804' title='bbox 1455 4964 1683 5021; x_wconf 84' lang='lat' dir='ltr'><strong>interserebatur</strong></span> <span class='ocrx_word' id='word_1_805' title='bbox 1709 4965 1785 5020; x_wconf 77' lang='lat' dir='ltr'><strong>t‘elix</strong></span> 
     </span>
     <span class='ocr_line' id='line_1_62' title="bbox 78 5032 1783 5118; baseline 0 -28"><span class='ocrx_word' id='word_1_806' title='bbox 78 5035 285 5108; x_wconf 69' lang='lat' dir='ltr'><strong>eliquatissima</strong></span> <span class='ocrx_word' id='word_1_807' title='bbox 298 5038 483 5105; x_wconf 85' lang='lat' dir='ltr'><strong>perspectione</strong></span> <span class='ocrx_word' id='word_1_808' title='bbox 509 5033 637 5089; x_wconf 72' lang='lat' dir='ltr'><strong>incussa</strong></span> <span class='ocrx_word' id='word_1_809' title='bbox 662 5039 734 5099; x_wconf 89' lang='lat' dir='ltr'><strong>sant,</strong></span> <span class='ocrx_word' id='word_1_810' title='bbox 761 5033 810 5089; x_wconf 90' lang='lat' dir='ltr'><strong>lib.</strong></span> <span class='ocrx_word' id='word_1_811' title='bbox 828 5051 860 5089; x_wconf 93' lang='grc' dir='ltr'><strong>ιιι</strong></span> <span class='ocrx_word' id='word_1_812' title='bbox 874 5035 908 5090; x_wconf 86' lang='lat' dir='ltr'><strong>de</strong></span> <span class='ocrx_word' id='word_1_813' title='bbox 961 5039 1024 5089; x_wconf 86' lang='lat' dir='ltr'><strong>lum</strong></span> <span class='ocrx_word' id='word_1_814' title='bbox 1039 5032 1068 5087; x_wconf 91' lang='lat' dir='ltr'><strong>in</strong></span> <span class='ocrx_word' id='word_1_815' title='bbox 1085 5033 1201 5088; x_wconf 84' lang='lat' dir='ltr'><strong>excrtsis</strong></span> <span class='ocrx_word' id='word_1_816' title='bbox 1215 5039 1278 5087; x_wconf 89' lang='lat' dir='ltr'><strong>tum</strong></span> <span class='ocrx_word' id='word_1_817' title='bbox 1293 5035 1370 5106; x_wconf 91' lang='lat' dir='ltr'><strong>apud</strong></span> <span class='ocrx_word' id='word_1_818' title='bbox 1387 5035 1420 5088; x_wconf 84' lang='lat' dir='ltr'><strong>l).</strong></span> <span class='ocrx_word' id='word_1_819' title='bbox 1437 5037 1645 5118; x_wconf 73' lang='lat' dir='ltr'><strong>augustinum,</strong></span> <span class='ocrx_word' id='word_1_820' title='bbox 1662 5052 1695 5090; x_wconf 73' lang='lat' dir='ltr'><strong>eo</strong></span> <span class='ocrx_word' id='word_1_821' title='bbox 1706 5036 1783 5107; x_wconf 86' lang='lat' dir='ltr'><strong>quod</strong></span> 
     </span>
     <span class='ocr_line' id='line_1_63' title="bbox 81 5103 1785 5191; baseline 0 -30"><span class='ocrx_word' id='word_1_822' title='bbox 81 5108 173 5175; x_wconf 67' lang='lat' dir='ltr'><strong>bapt„</strong></span> <span class='ocrx_word' id='word_1_823' title='bbox 189 5120 215 5160; x_wconf 90' lang='lat' dir='ltr'><strong>c.</strong></span> <span class='ocrx_word' id='word_1_824' title='bbox 230 5106 256 5173; x_wconf 85' lang='lat'><strong>3,</strong></span> <span class='ocrx_word' id='word_1_825' title='bbox 272 5105 365 5176; x_wconf 86' lang='lat' dir='ltr'><strong>donec,</strong></span> <span class='ocrx_word' id='word_1_826' title='bbox 379 5111 412 5160; x_wconf 90' lang='lat' dir='ltr'><strong>ut</strong></span> <span class='ocrx_word' id='word_1_827' title='bbox 427 5104 496 5160; x_wconf 91' lang='lat' dir='ltr'><strong>alibi</strong></span> <span class='ocrx_word' id='word_1_828' title='bbox 512 5106 693 5176; x_wconf 79' lang='lat' dir='ltr'><strong>Augustinus</strong></span> <span class='ocrx_word' id='word_1_829' title='bbox 706 5106 830 5175; x_wconf 88' lang='lat' dir='ltr'><strong>dixerat,</strong></span> <span class='ocrx_word' id='word_1_830' title='bbox 846 5105 906 5177; x_wconf 86' lang='lat' dir='ltr'><strong>ple·</strong></span> <span class='ocrx_word' id='word_1_831' title='bbox 961 5103 1074 5177; x_wconf 87' lang='lat' dir='ltr'><strong>primus</strong></span> <span class='ocrx_word' id='word_1_832' title='bbox 1089 5107 1244 5176; x_wconf 86' lang='lat' dir='ltr'><strong>episeopus</strong></span> <span class='ocrx_word' id='word_1_833' title='bbox 1256 5122 1344 5178; x_wconf 91' lang='lat' dir='ltr'><strong>supra</strong></span> <span class='ocrx_word' id='word_1_834' title='bbox 1360 5111 1440 5161; x_wconf 89' lang='lat' dir='ltr'><strong>tomo</strong></span> <span class='ocrx_word' id='word_1_835' title='bbox 1455 5122 1549 5177; x_wconf 88' lang='lat' dir='ltr'><strong>pruno</strong></span> <span class='ocrx_word' id='word_1_836' title='bbox 1565 5123 1630 5163; x_wconf 86' lang='lat' dir='ltr'><strong>cum</strong></span> <span class='ocrx_word' id='word_1_837' title='bbox 1648 5106 1785 5191; x_wconf 86' lang='lat' dir='ltr'><strong>aliisepi·</strong></span> 
     </span>
     <span class='ocr_line' id='line_1_64' title="bbox 78 5176 1786 5249; baseline -0.001 -14"><span class='ocrx_word' id='word_1_838' title='bbox 78 5179 164 5235; x_wconf 69' lang='lat' dir='ltr'><strong>carlo</strong></span> <span class='ocrx_word' id='word_1_839' title='bbox 174 5177 258 5232; x_wconf 82' lang='lat' dir='ltr'><strong>lolius</strong></span> <span class='ocrx_word' id='word_1_840' title='bbox 272 5178 350 5232; x_wconf 86' lang='lat' dir='ltr'><strong>orbis</strong></span> <span class='ocrx_word' id='word_1_841' title='bbox 366 5176 492 5241; x_wconf 78' lang='lat' dir='ltr'><strong>cornilio,</strong></span> <span class='ocrx_word' id='word_1_842' title='bbox 506 5177 578 5246; x_wconf 79' lang='lat' dir='ltr'><strong>qaod</strong></span> <span class='ocrx_word' id='word_1_843' title='bbox 605 5178 787 5233; x_wconf 85' lang='lat' dir='ltr'><strong>saluberrime</strong></span> <span class='ocrx_word' id='word_1_844' title='bbox 809 5179 907 5233; x_wconf 80' lang='lat' dir='ltr'><strong>sentis·</strong></span> <span class='ocrx_word' id='word_1_845' title='bbox 963 5176 1069 5232; x_wconf 91' lang='lat' dir='ltr'><strong>stolam</strong></span> <span class='ocrx_word' id='word_1_846' title='bbox 1082 5192 1165 5231; x_wconf 86' lang='lat' dir='ltr'><strong>uxvru</strong></span> <span class='ocrx_word' id='word_1_847' title='bbox 1181 5178 1341 5248; x_wconf 88' lang='lat' dir='ltr'><strong>scripserit.</strong></span> <span class='ocrx_word' id='word_1_848' title='bbox 1360 5198 1374 5227; x_wconf 84' lang='lat' dir='ltr'><strong>n</strong></span> <span class='ocrx_word' id='word_1_849' title='bbox 1391 5177 1520 5249; x_wconf 90' lang='lat' dir='ltr'><strong>Epistola</strong></span> <span class='ocrx_word' id='word_1_850' title='bbox 1536 5178 1596 5234; x_wconf 77' lang='lat' dir='ltr'><strong>heac</strong></span> <span class='ocrx_word' id='word_1_851' title='bbox 1611 5184 1655 5235; x_wconf 88' lang='lat' dir='ltr'><strong>est</strong></span> <span class='ocrx_word' id='word_1_852' title='bbox 1670 5178 1786 5234; x_wconf 80' lang='lat' dir='ltr'><strong>concilii</strong></span> 
     </span>
     <span class='ocr_line' id='line_1_65' title="bbox 81 5247 1784 5322; baseline 0.001 -17"><span class='ocrx_word' id='word_1_853' title='bbox 81 5248 559 5305; x_wconf 81' lang='lat' dir='ltr'><strong>balareliamremotisdabrlalt&#39;one</strong></span> <span class='ocrx_word' id='word_1_854' title='bbox 575 5249 869 5320; x_wconf 79' lang='lat' dir='ltr'><strong>firmaretur.llouru.</strong></span> <span class='ocrx_word' id='word_1_855' title='bbox 962 5247 1259 5319; x_wconf 83' lang='lat' dir='ltr'><strong>superlusnumerati</strong></span> <span class='ocrx_word' id='word_1_856' title='bbox 1285 5248 1482 5304; x_wconf 69' lang='lat' dir='ltr'><strong>asscribitur</strong></span> <span class='ocrx_word' id='word_1_857' title='bbox 1511 5248 1581 5305; x_wconf 91' lang='lat' dir='ltr'><strong>urbs</strong></span> <span class='ocrx_word' id='word_1_858' title='bbox 1609 5251 1730 5322; x_wconf 80' lang='lat' dir='ltr'><strong>llipirpo</strong></span> <span class='ocrx_word' id='word_1_859' title='bbox 1754 5251 1784 5306; x_wconf 87' lang='lat' dir='ltr'><strong>in</strong></span> 
     </span>
     <span class='ocr_line' id='line_1_66' title="bbox 116 5318 1787 5390; baseline 0.002 -18"><span class='ocrx_word' id='word_1_860' title='bbox 116 5319 176 5389; x_wconf 84' lang='grc'>(25)</span> <span class='ocrx_word' id='word_1_861' title='bbox 190 5318 448 5376; x_wconf 79' lang='lat' dir='ltr'><strong>Gaeciliasaliilta.</strong></span> <span class='ocrx_word' id='word_1_862' title='bbox 464 5319 548 5375; x_wconf 91' lang='lat' dir='ltr'><strong>Hunc</strong></span> <span class='ocrx_word' id='word_1_863' title='bbox 571 5320 706 5375; x_wconf 89' lang='lat' dir='ltr'><strong>eumdem</strong></span> <span class='ocrx_word' id='word_1_864' title='bbox 732 5334 796 5376; x_wconf 89' lang='lat' dir='ltr'><strong>essa</strong></span> <span class='ocrx_word' id='word_1_865' title='bbox 820 5325 908 5390; x_wconf 85' lang='lat' dir='ltr'><strong>atquc</strong></span> <span class='ocrx_word' id='word_1_866' title='bbox 961 5321 1027 5375; x_wconf 81' lang='lat' dir='ltr'><strong>edd.</strong></span> <span class='ocrx_word' id='word_1_867' title='bbox 1054 5319 1173 5387; x_wconf 85' lang='lat' dir='ltr'><strong>Erasmi,</strong></span> <span class='ocrx_word' id='word_1_868' title='bbox 1204 5321 1324 5376; x_wconf 75' lang='lat' dir='ltr'><strong>Munatii</strong></span> <span class='ocrx_word' id='word_1_869' title='bbox 1343 5335 1385 5385; x_wconf 84' lang='lat' dir='ltr'><strong>ue,</strong></span> <span class='ocrx_word' id='word_1_870' title='bbox 1415 5321 1566 5389; x_wconf 78' lang='lat' dir='ltr'><strong>lapustino</strong></span> <span class='ocrx_word' id='word_1_871' title='bbox 1597 5327 1626 5375; x_wconf 90' lang='lat' dir='ltr'><strong>et</strong></span> <span class='ocrx_word' id='word_1_872' title='bbox 1662 5323 1787 5376; x_wconf 69' lang='lat' dir='ltr'><strong>conaliis</strong></span> 
     </span>
     <span class='ocr_line' id='line_1_67' title="bbox 80 5388 1785 5464; baseline 0.002 -19"><span class='ocrx_word' id='word_1_873' title='bbox 80 5388 498 5462; x_wconf 68' lang='lat' dir='ltr'><strong>Caeciliumillumadquem</strong></span> <span class='ocrx_word' id='word_1_874' title='bbox 519 5389 610 5447; x_wconf 88' lang='lat' dir='ltr'><strong>mittit</strong></span> <span class='ocrx_word' id='word_1_875' title='bbox 626 5391 793 5447; x_wconf 86' lang='lat' dir='ltr'><strong>Tractatum</strong></span> <span class='ocrx_word' id='word_1_876' title='bbox 818 5406 907 5446; x_wconf 88' lang='lat' dir='ltr'><strong>suum</strong></span> <span class='ocrx_word' id='word_1_877' title='bbox 961 5390 1315 5458; x_wconf 85' lang='lat' dir='ltr'><strong>editis‚etrectius,uam</strong></span> <span class='ocrx_word' id='word_1_878' title='bbox 1360 5391 1455 5464; x_wconf 84' lang='lat' dir='ltr'><strong>igirpa</strong></span> <span class='ocrx_word' id='word_1_879' title='bbox 1469 5393 1579 5446; x_wconf 72' lang='lat' dir='ltr'><strong>carmin</strong></span> <span class='ocrx_word' id='word_1_880' title='bbox 1597 5393 1700 5448; x_wconf 88' lang='lat' dir='ltr'><strong>Notilia</strong></span> <span class='ocrx_word' id='word_1_881' title='bbox 1721 5398 1785 5450; x_wconf 91' lang='lat' dir='ltr'><strong>tum</strong></span> 
     </span>
     <span class='ocr_line' id='line_1_68' title="bbox 80 5459 1785 5537; baseline 0.002 -19"><span class='ocrx_word' id='word_1_882' title='bbox 80 5464 116 5518; x_wconf 83' lang='lat' dir='ltr'><strong>lle</strong></span> <span class='ocrx_word' id='word_1_883' title='bbox 129 5459 215 5516; x_wconf 73' lang='lat' dir='ltr'><strong>Caena</strong></span> <span class='ocrx_word' id='word_1_884' title='bbox 230 5462 375 5518; x_wconf 74' lang='lat' dir='ltr'><strong>dominic</strong></span> <span class='ocrx_word' id='word_1_885' title='bbox 397 5463 528 5533; x_wconf 85' lang='lat' dir='ltr'><strong>prianus,</strong></span> <span class='ocrx_word' id='word_1_886' title='bbox 540 5463 655 5533; x_wconf 87' lang='lat' dir='ltr'><strong>judicat</strong></span> <span class='ocrx_word' id='word_1_887' title='bbox 669 5461 791 5528; x_wconf 77' lang='lat' dir='ltr'><strong>ceillier,</strong></span> <span class='ocrx_word' id='word_1_888' title='bbox 808 5461 839 5517; x_wconf 91' lang='lat' dir='ltr'><strong>iu</strong></span> <span class='ocrx_word' id='word_1_889' title='bbox 851 5462 909 5517; x_wconf 87' lang='lat' dir='ltr'><strong>llis-</strong></span> <span class='ocrx_word' id='word_1_890' title='bbox 963 5463 993 5516; x_wconf 93' lang='lat' dir='ltr'><strong>iu</strong></span> <span class='ocrx_word' id='word_1_891' title='bbox 1011 5460 1111 5516; x_wconf 86' lang='lat' dir='ltr'><strong>Collol.</strong></span> <span class='ocrx_word' id='word_1_892' title='bbox 1138 5461 1265 5529; x_wconf 79' lang='lat' dir='ltr'><strong>Cartbap.</strong></span> <span class='ocrx_word' id='word_1_893' title='bbox 1292 5468 1463 5528; x_wconf 85' lang='lat' dir='ltr'><strong>memorata,</strong></span> <span class='ocrx_word' id='word_1_894' title='bbox 1489 5464 1518 5517; x_wconf 93' lang='lat' dir='ltr'><strong>iu</strong></span> <span class='ocrx_word' id='word_1_895' title='bbox 1545 5465 1693 5535; x_wconf 87' lang='lat' dir='ltr'><strong>provincia</strong></span> <span class='ocrx_word' id='word_1_896' title='bbox 1720 5481 1785 5537; x_wconf 91' lang='lat' dir='ltr'><strong>prn-</strong></span> 
     </span>
     <span class='ocr_line' id='line_1_69' title="bbox 79 5532 1785 5608; baseline 0.002 -18"><span class='ocrx_word' id='word_1_897' title='bbox 79 5534 152 5590; x_wconf 84' lang='lat' dir='ltr'><strong>loire</strong></span> <span class='ocrx_word' id='word_1_898' title='bbox 165 5532 295 5604; x_wconf 67' lang='lat' dir='ltr'><strong>penbale</strong></span> <span class='ocrx_word' id='word_1_899' title='bbox 308 5532 354 5588; x_wconf 88' lang='lat' dir='ltr'><strong>des</strong></span> <span class='ocrx_word' id='word_1_900' title='bbox 388 5538 482 5589; x_wconf 84' lang='lat' dir='ltr'><strong>clears</strong></span> <span class='ocrx_word' id='word_1_901' title='bbox 495 5533 625 5590; x_wconf 75' lang='lat' dir='ltr'><strong>ramesei</strong></span> <span class='ocrx_word' id='word_1_902' title='bbox 645 5533 751 5600; x_wconf 74' lang='lat' dir='ltr'><strong>eccles..</strong></span> <span class='ocrx_word' id='word_1_903' title='bbox 775 5533 831 5588; x_wconf 78' lang='lat' dir='ltr'><strong>vol.</strong></span> <span class='ocrx_word' id='word_1_904' title='bbox 858 5533 907 5604; x_wconf 90' lang='lat' dir='ltr'><strong>lll,</strong></span> <span class='ocrx_word' id='word_1_905' title='bbox 962 5532 1109 5588; x_wconf 84' lang='lat' dir='ltr'><strong>consulari</strong></span> <span class='ocrx_word' id='word_1_906' title='bbox 1134 5533 1191 5588; x_wconf 88' lang='lat' dir='ltr'><strong>sita</strong></span> <span class='ocrx_word' id='word_1_907' title='bbox 1206 5538 1259 5589; x_wconf 87' lang='lat' dir='ltr'><strong>est.</strong></span> <span class='ocrx_word' id='word_1_908' title='bbox 1271 5532 1336 5588; x_wconf 91' lang='lat' dir='ltr'><strong>Vid.</strong></span> <span class='ocrx_word' id='word_1_909' title='bbox 1355 5534 1468 5605; x_wconf 82' lang='lat' dir='ltr'><strong>uupinil</strong></span> <span class='ocrx_word' id='word_1_910' title='bbox 1490 5534 1653 5608; x_wconf 82' lang='lat' dir='ltr'><strong>Gangrapb.</strong></span> <span class='ocrx_word' id='word_1_911' title='bbox 1671 5553 1785 5594; x_wconf 87' lang='lat' dir='ltr'><strong>sacram</strong></span> 
     </span>
     <span class='ocr_line' id='line_1_70' title="bbox 83 5603 1786 5678; baseline 0.004 -17"><span class='ocrx_word' id='word_1_912' title='bbox 83 5618 110 5661; x_wconf 85' lang='lat' dir='ltr'><strong>e.</strong></span> <span class='ocrx_word' id='word_1_913' title='bbox 123 5604 239 5677; x_wconf 53' lang='lat' dir='ltr'><strong>3¹.st</strong></span> <span class='ocrx_word' id='word_1_914' title='bbox 255 5620 283 5674; x_wconf 87' lang='lat' dir='ltr'><strong>p.</strong></span> <span class='ocrx_word' id='word_1_915' title='bbox 296 5604 359 5660; x_wconf 79' lang='lat'><strong>570.</strong></span> <span class='ocrx_word' id='word_1_916' title='bbox 377 5604 485 5660; x_wconf 80' lang='lat' dir='ltr'><strong>Rouru.</strong></span> <span class='ocrx_word' id='word_1_917' title='bbox 961 5604 1062 5660; x_wconf 76' lang='lat' dir='ltr'><strong>Africae</strong></span> <span class='ocrx_word' id='word_1_918' title='bbox 1082 5603 1109 5659; x_wconf 91' lang='lat' dir='ltr'><strong>S.</strong></span> <span class='ocrx_word' id='word_1_919' title='bbox 1126 5604 1221 5676; x_wconf 86' lang='lat' dir='ltr'><strong>Optato</strong></span> <span class='ocrx_word' id='word_1_920' title='bbox 1235 5606 1382 5676; x_wconf 81' lang='lat' dir='ltr'><strong>prmtlxam</strong></span> <span class='ocrx_word' id='word_1_921' title='bbox 1400 5622 1427 5678; x_wconf 91' lang='lat' dir='ltr'><strong>p.</strong></span> <span class='ocrx_word' id='word_1_922' title='bbox 1450 5607 1495 5661; x_wconf 83' lang='lat'><strong>32.</strong></span> <span class='ocrx_word' id='word_1_923' title='bbox 1526 5607 1584 5662; x_wconf 88' lang='lat' dir='ltr'><strong>Etsi</strong></span> <span class='ocrx_word' id='word_1_924' title='bbox 1609 5613 1690 5664; x_wconf 89' lang='lat' dir='ltr'><strong>notat</strong></span> <span class='ocrx_word' id='word_1_925' title='bbox 1713 5612 1786 5668; x_wconf 85' lang='lat' dir='ltr'><strong>llar-</strong></span> 
     </span>
     <span class='ocr_line' id='line_1_71' title="bbox 129 5674 1611 5759; baseline 0.003 -26"><span class='ocrx_word' id='word_1_926' title='bbox 129 5675 180 5749; x_wconf 77' lang='grc'><strong>26)</strong></span> <span class='ocrx_word' id='word_1_927' title='bbox 196 5675 354 5731; x_wconf 63' lang='lat' dir='ltr'><strong>warns.</strong></span> <span class='ocrx_word' id='word_1_928' title='bbox 370 5679 402 5731; x_wconf 91' lang='lat' dir='ltr'><strong>In</strong></span> <span class='ocrx_word' id='word_1_929' title='bbox 419 5677 503 5732; x_wconf 87' lang='lat' dir='ltr'><strong>codd.</strong></span> <span class='ocrx_word' id='word_1_930' title='bbox 519 5674 679 5733; x_wconf 88' lang='lat' dir='ltr'><strong>Veronensi</strong></span> <span class='ocrx_word' id='word_1_931' title='bbox 694 5680 724 5732; x_wconf 89' lang='lat' dir='ltr'><strong>et</strong></span> <span class='ocrx_word' id='word_1_932' title='bbox 745 5675 811 5732; x_wconf 77' lang='lat' dir='ltr'><strong>lox.</strong></span> <span class='ocrx_word' id='word_1_933' title='bbox 831 5689 909 5732; x_wconf 80' lang='lat' dir='ltr'><strong>eaor·</strong></span> <span class='ocrx_word' id='word_1_934' title='bbox 962 5675 1072 5733; x_wconf 86' lang='lat' dir='ltr'><strong>doinus</strong></span> <span class='ocrx_word' id='word_1_935' title='bbox 1087 5674 1144 5749; x_wconf 89' lang='lat' dir='ltr'><strong>lagi</strong></span> <span class='ocrx_word' id='word_1_936' title='bbox 1159 5674 1189 5732; x_wconf 92' lang='lat' dir='ltr'><strong>in</strong></span> <span class='ocrx_word' id='word_1_937' title='bbox 1205 5692 1262 5735; x_wconf 79' lang='lat' dir='ltr'><strong>ms.</strong></span> <span class='ocrx_word' id='word_1_938' title='bbox 1277 5692 1332 5737; x_wconf 87' lang='lat' dir='ltr'><strong>suo</strong></span> <span class='ocrx_word' id='word_1_939' title='bbox 1346 5677 1483 5759; x_wconf 73' lang='lat' dir='ltr'><strong>llitcbpu.</strong></span> <span class='ocrx_word' id='word_1_940' title='bbox 1500 5676 1611 5739; x_wconf 73' lang='lat' dir='ltr'><strong>eoum.</strong></span> 
     </span>
    </p>
   </div>
   <div class='ocr_carea' id='block_1_5' title="bbox 101 5745 910 5833">
    <p class='ocr_par' dir='ltr' id='par_1_5' title="bbox 101 5745 910 5833">
     <span class='ocr_line' id='line_1_72' title="bbox 101 5745 910 5833; baseline -0.026 -6"><span class='ocrx_word' id='word_1_941' title='bbox 101 5822 108 5829; x_wconf 88' lang='lat'><strong>.</strong></span> <span class='ocrx_word' id='word_1_942' title='bbox 172 5787 182 5825; x_wconf 78' lang='grc' dir='ltr'><strong>ι</strong></span> <span class='ocrx_word' id='word_1_943' title='bbox 209 5745 290 5833; x_wconf 77' lang='lat' dir='ltr'><strong>qaod</strong></span> <span class='ocrx_word' id='word_1_944' title='bbox 304 5761 340 5809; x_wconf 82' lang='lat' dir='ltr'><strong>ex</strong></span> <span class='ocrx_word' id='word_1_945' title='bbox 351 5746 457 5809; x_wconf 76' lang='lat' dir='ltr'><strong>riuum</strong></span> <span class='ocrx_word' id='word_1_946' title='bbox 469 5747 708 5831; x_wconf 74' lang='lat' dir='ltr'><strong>pronuntiatione</strong></span> <span class='ocrx_word' id='word_1_947' title='bbox 726 5745 815 5827; x_wconf 81' lang='lat' dir='ltr'><strong>veuit,</strong></span> <span class='ocrx_word' id='word_1_948' title='bbox 829 5747 910 5807; x_wconf 75' lang='lat' dir='ltr'><strong>aaut</strong></span> 
     </span>
    </p>
   </div>
   <div class='ocr_carea' id='block_1_6' title="bbox 0 0 1977 6100">
    <p class='ocr_par' dir='ltr' id='par_1_6' title="bbox 0 0 1977 6100">
     <span class='ocr_line' id='line_1_73' title="bbox 0 0 1977 6100; baseline 0 0"><span class='ocrx_word' id='word_1_949' title='bbox 0 0 1977 6100; x_wconf 95' lang='lat' dir='ltr'><strong> </strong></span> 
     </span>
    </p>
   </div>
  </div>
 </body>
</html>
