3892 6104
145 266 221 327 tini
670 254 723 315 nit
743 252 1041 319 mannitione!
1060 256 1329 325 carnisumis.
1770 278 1835 343 mg

144 397 212 453 dem
240 392 435 449 horatianum
459 389 553 462 legem
577 390 678 445 tenere
708 400 798 457 qoam
822 383 967 441 catholice
979 388 1101 461 grinte,
1116 388 1223 462 iuquit,
1237 392 1410 463 fiilialeroet
1426 406 1469 455 nit
1487 416 1545 459 nois
1567 402 1679 461 accedat
1700 408 1835 481 qaum

141 482 272 540 Ecclesia
284 484 390 547 teneat,
407 478 509 535 eodem
524 474 660 549 symbolo
673 490 731 547 quo
754 476 784 529 et
798 488 851 529 nos
865 474 963 545 bapti·
1024 477 1183 549 olienipma
1201 482 1251 553 qai
1264 498 1319 539 ocii
1332 494 1374 541 eit
1400 502 1437 543 ec
1463 492 1569 547 camiac
1590 492 1682 551 Aaron
1708 498 1836 568 inopom

140 589 216 640 zore,
234 571 369 628 eumdem
390 584 478 625 nosse
491 566 581 623 Deum
608 564 735 633 Patrem,
756 563 893 619 eumdem
918 562 963 619 lli·
1018 566 1243 626 incantamenta
1269 572 1429 641 Dominam,
1453 583 1485 633 at
1507 596 1566 635 noa
1589 586 1628 637 sit
1649 583 1723 641 ucat
1747 586 1831 645 chon,

138 662 214 719 lium
241 661 403 729 Christum,
432 657 570 714 eumdem
597 652 739 727 Spiritum
767 656 964 721 annotamus
1017 654 1053 709 Et
1064 660 1162 713 tamen
1179 658 1221 714 illi
1236 661 1350 719 achima
1365 681 1422 720 non
1435 665 1573 739 fecerant,
1585 686 1638 727 aec
1654 672 1733 731 iores
1747 690 1834 749 egres.

139 756 260 825 propter
272 750 327 805 hoc
342 762 486 819 usurpare
504 760 571 800 enin
597 746 770 815 potestatem
795 741 962 813 baptizandi
1017 743 1055 811 si,
1070 752 1172 803 contra
1187 748 1235 804 Dei
1246 751 1412 809 sacerdotes
1423 755 1741 834 impudenteriiaique
1756 764 1834 823 hm·

138 856 226 913 posse
248 838 327 911 qnod
351 836 484 894 videatur
513 833 541 888 in
569 829 796 902 interrogatione
821 828 963 901 baptismi
1016 829 1083 889 liter
1097 834 1318 909 rebellaverunt,
1335 842 1413 911 quod
1429 860 1508 901 nunc
1526 845 1558 901 hi
1583 848 1744 907 Ecclesiam
1764 854 1833 911 scin.

139 917 855 994 auobio⁸⁰nondiscreparo‚soiatquisquishoc
870 934 962 991 oppo-
1016 921 1119 977 dentes
1137 928 1166 979 et
1188 930 1290 983 contra
1319 944 1420 999 pacem
1448 940 1539 1005 atquo
1566 938 1711 995 unitatem
1735 940 1833 1001 Christi

139 1017 269 1074 neudum
280 1014 506 1088 putat,primum
515 1026 574 1067 noa
584 1024 743 1064 cesennam
756 1006 841 1063 nohis
851 1006 963 1063 etechi·
1016 1009 1140 1067 rebelles
1154 1014 1322 1072 cathedram
1338 1017 1394 1073 sibi
1409 1023 1586 1079 constituere
1600 1036 1630 1081 et
1639 1028 1800 1099 primatum
1812 1034 1833 1077 ’ὁ

138 1106 270 1163 atuaticis
285 1102 415 1177 Symboli
431 1102 535 1173 legem,
550 1114 643 1169 neque
656 1095 962 1167 eamdemiuterroge-
1016 1114 1166 1156 assumere
1182 1102 1235 1170 (26(
1249 1108 1278 1159 et
1290 1104 1459 1179 baptizandi
1474 1116 1564 1183 atque
1587 1114 1729 1173 offerendi
1749 1118 1832 1177 lieen-

137 1196 259 1251 tionom.
276 1194 349 1249 Nem
366 1207 432 1247 cuni
446 1189 548 1245 dicunt
563 1206 570 1243 :
588 1188 691 1241 ΙΙΔΔ
715 1184 798 1241 Credi
821 1186 959 1240 rciiiiioio·
1015 1188 1085 1243 tiam
1102 1189 1249 1247 vindicare
1269 1199 1421 1253 conantur.
1445 1201 1594 1264 Quomodo
1615 1206 1756 1276 perlicere
1774 1226 1831 1281 qua

136 1301 202 1341 ueni
215 1282 272 1353 (33(
284 1284 467 1353 peccatoram,
482 1282 508 1334 et
522 1279 613 1333 citam
626 1279 758 1331 auruum
774 1290 826 1345 per
837 1277 962 1329 eoactum
1015 1278 1116 1335 11Δὸ
1131 1286 1223 1351 agunt
1235 1288 1286 1337 aut
1304 1282 1462 1356 impetrare
1475 1288 1586 1361 aliquid
1614 1291 1728 1352 illicitis
1751 1312 1830 1355 coee-

139 1373 296 1438 Ecclesiam,
317 1368 501 1425 mentiuntnr
524 1366 553 1419 in
577 1362 814 1434 interrogatione,
842 1362 960 1433 quaudo
1015 1364 1096 1423 tibus
1108 1384 1125 1421 a
1138 1367 1196 1425 Deo
1211 1376 1334 1441 possunt
1347 1375 1399 1445 qui
1410 1382 1511 1433 contra
1526 1379 1713 1453 Deum,quod
1725 1386 1769 1442 eis
1780 1404 1830 1443 non

138 1479 197 1519 non
225 1460 352 1516 habeant
380 1455 547 1513 Ecclesiam.
576 1454 658 1507 'luno
676 1450 781 1507 deindo
808 1466 876 1505 voce
905 1466 961 1506 eiiii
1014 1451 1641 1535 licet⁹⁸moliuntur?QorsquiNovatiano
1669 1472 1732 1529 sive
1755 1480 1831 1531 ceste-

136 1548 193 1621 ipsi
208 1548 385 1605 confitentur
397 1544 602 1601 remissionom
617 1543 804 1611 peccatorum
820 1554 878 1593 uon
893 1536 959 1593 dari
1013 1541 1054 1597 ris
1068 1544 1214 1613 ejusmodi
1229 1547 1425 1609 schismaticis
1443 1554 1466 1589 ⁰⁸
1481 1557 1706 1627 patrocinantur
1731 1562 1832 1620 stum

137 1638 194 1695 nisi
210 1654 262 1710 per
276 1640 409 1693 sanctam
424 1632 584 1688 Ecclesiam
609 1644 713 1701 posse;
729 1644 818 1699 quain
833 1643 891 1684 non
907 1626 959 1683 ha·
1012 1633 1193 1689 contendunt
1211 1636 1353 1709 baptizari
1376 1645 1406 1696 et
1428 1644 1605 1702 sanctificari
1629 1646 1691 1704 illic
1705 1649 1830 1723 aliquam

135 1728 249 1797 hentes,
264 1723 424 1781 ostendunt
435 1718 546 1776 remitti
561 1717 622 1773 illio
638 1720 757 1787 peccata
775 1732 834 1771 non
860 1732 955 1786 posse.
1012 1719 1133 1777 salutari
1148 1722 1294 1795 baptismo
1310 1744 1397 1799 posse
1411 1731 1461 1786 ubi
1476 1740 1590 1791 constet
1604 1736 1830 1810 baptizantamu

171 1814 246 1869 Vlll.
262 1812 344 1877 Quod
358 1826 424 1867 iero
440 1808 576 1865 eumdem
592 1822 680 1878 quein
690 1808 720 1861 et
735 1820 789 1860 nos
802 1803 895 1860 Deum
905 1808 959 1859 Pa·
1011 1808 1176 1881 baptizandi
1192 1812 1339 1871 licentiam
1354 1818 1377 1853 ⁹⁸
1392 1834 1449 1875 non
1466 1819 1585 1879 habere,

133 1908 220 1969 trem,
235 1902 372 1959 eumdem
389 1898 494 1955 Filium
518 1895 678 1963 Christum,
702 1894 839 1950 eumdem
863 1894 957 1964 Spiri-
1048 1898 1830 1986 {limiqueutiungisintelligipossetcentraejusmodi

132 1996 197 2049 ium
217 1995 353 2048 sanetum
379 2004 465 2044 nosse
488 1984 637 2051 dicuntur,
663 1998 716 2037 nec
740 1983 795 2037 hoo
818 1981 957 2053 adiuvare
1010 1987 1163 2043 audaciam
1179 1990 1236 2062 (37)
1251 2008 1315 2062 quae
1335 1994 1374 2050 sit
1397 2012 1522 2054 censura
1543 1999 1644 2058 divine
1667 2002 1830 2064 invenimus

131 2081 205 2137 talos
231 2084 335 2153 potest.
361 2077 434 2135 usn
457 2080 486 2131 si
509 2074 600 2129 Chore
618 2078 647 2127 ei
661 2071 773 2128 [laihan
796 2074 826 2125 θῑ
845 2069 955 2126 Abiroe
1009 2073 1040 2128 in
1055 2074 1105 2131 tali
1122 2076 1247 2135 iocinore
1262 2097 1319 2137 nou
1334 2082 1432 2139 solum
1446 2085 1534 2143 duces
1546 2093 1576 2145 et
1592 2096 1730 2149 auctores
1745 2096 1830 2151 sedat

132 2188 201 2227 cuin
215 2169 364 2225 secerdote
380 2174 476 2221 Aaron
491 2167 520 2219 et
535 2162 632 2233 Moyse
646 2160 783 2216 eumdem
794 2159 887 2214 Deum
902 2176 955 2215 uo·
1008 2165 1165 2237 participes
1180 2168 1273 2238 poenis
1287 2171 1440 2241 destinari,
1457 2175 1513 2231 nisi
1526 2194 1559 2233 so
1582 2196 1601 2234 a
1623 2184 1828 2242 communion,

131 2266 242 2327 ierant,
260 2257 322 2331 pori
336 2257 398 2329 lege
414 2258 442 2311 et
456 2252 595 2323 religione
610 2252 632 2286 ⁰⁰
655 2250 794 2315 viventes,
810 2265 903 2306 unum
926 2253 955 2306 et
1008 2252 1153 2309 malorum
1169 2260 1562 2335 separaverintpraicipiente
1576 2284 1630 2338 per
1645 2272 1765 2343 Moysen
1779 2274 1828 2331 ito.

130 2366 231 2406 verum
261 2347 366 2413 Deum,
399 2344 449 2415 qui
477 2341 618 2399 colendus
653 2343 742 2409 atquo
773 2338 953 2395 invocandus
1008 2341 1479 2419 minoetdicente:Scporomiaia
1494 2354 1828 2417 taberiiocalishnmimim

131 2439 233 2501 inerat,
250 2435 435 2493 invocabant.
450 2432 560 2487 Temen
581 2430 650 2500 quia
670 2428 724 2484 loni
749 2428 795 2482 eiii
821 2426 953 2483 ministe·
1006 2428 1121 2486 istorum
1135 2432 1356 2503 durissimorum,
1373 2440 1497 2496 etiiolite
1518 2445 1634 2513 tenpore
1657 2448 1693 2503 at
1706 2452 1827 2507 munic„

130 2527 207 2584 rium
224 2524 400 2597 transgressi
415 2526 517 2577 eontra
531 2524 626 2573 Aaron
642 2516 822 2573 sacerdotem
838 2516 889 2589 qui
904 2533 952 2573 sa·
1006 2532 1068 2589 qim
1086 2523 1152 2575 seat
1174 2523 1225 2591 eis,
1240 2539 1275 2579 iic
1295 2526 1381 2582 simul
1401 2531 1519 2598 pereatis
1542 2534 1575 2587 iii
1596 2540 1712 2605 peccato
1734 2554 1825 2597 eoram

129 2612 470 2685 cerdotiumlegitimum
495 2606 662 2679 dignatione
686 2604 737 2662 Dei
761 2610 849 2676 atque
873 2606 951 2660 ordi·
1003 2605 1098 2675 (Nam,
1121 2610 1190 2679 xvi).
1206 2610 1242 2665 Iit
1256 2613 1333 2683 quod
1351 2617 1548 2675 comminatus
1563 2636 1617 2693 per
1638 2623 1760 2698 Moysen
1775 2628 1825 2685 ite·

128 2706 246 2763 natione
260 2700 375 2760 Domini
391 2704 568 2772 perceperat,
589 2694 773 2751 sacrificandi
789 2693 845 2749 sihi
860 2692 950 2751 licon-
1006 2694 1105 2752 minus
1116 2697 1211 2753 luerat
1226 2699 1367 2773 implevit,
1384 2710 1417 2759 ut
1432 2706 1568 2779 quisquis
1583 2711 1605 2745 ⁹⁰
1616 2728 1650 2767 se
1663 2730 1682 2768 a
1694 2714 1824 2773 choi-002

128 2795 200 2851 tiein
214 2791 444 2853 vindicaverunt,
459 2785 599 2841 divinitus
614 2784 747 2855 percussi
768 2798 870 2855 pesnas
892 2788 951 2839 sta·
1004 2783 1117 2840 Dethau
1132 2790 1161 2841 ot
1175 2788 1284 2844 ithiroo
1299 2806 1358 2847 uon
1374 2808 1406 2848 se
1421 2802 1597 2867 separasset,
1610 2816 1716 2872 pennu
1731 2806 1821 2861 ,mim

127 2884 182 2940 tim
211 2899 262 2955 pro
291 2877 400 2934 illicitis
427 2874 581 2932 conatibus
608 2872 809 2945 pependerunt
831 2872 852 2906 ⁹¹
881 2872 950 2943 (si),
1005 2873 1585 2953 proimpiscommuuioneporsolverst.
1607 2889 1671 2954 Quo
1695 2892 1819 2966 exemplo

126 2988 180 3029 neo
195 2972 353 3045 potuerunt
367 2970 432 3021 reta
445 2964 502 3036 (35)
513 2978 578 3019 csse
592 2965 621 3017 et
644 2960 783 3033 prolicere
807 2960 950 3017 sacrificia
1003 2962 1169 3018 ostenditur
1182 2968 1211 3020 et
1224 2966 1365 3037 probatur
1378 2970 1518 3029 obnoxios
1533 2990 1639 3034 omues
1648 2984 1678 3035 st
1691 2981 1817 3055 cnlpoot

124 3061 287 3133 irreligiose
301 3062 330 3114 et
344 3055 443 3110 illicite
458 3058 560 3108 contro
570 3052 621 3122 jus
636 3049 738 3104 divina
749 3048 949 3121 dispositionis
1003 3065 1094 3121 poena
1105 3050 1219 3108 loturos
1229 3054 1279 3125 qui
1290 3072 1322 3111 se
1332 3057 1529 3117 schismaticis
1539 3069 1643 3121 contra
1654 3071 1813 3141 praepositos

126 3150 232 3207 ohlete.
249 3145 411 3203 Thurihula
424 3157 541 3215 qnoque
556 3138 667 3211 ipsein
678 3138 947 3209 quibusincensum
963 3122 985 3190 C
1004 3142 1034 3195 et
1047 3140 1211 3197 sacerdotes
1227 3142 1391 3217 irreligiose
1403 3148 1568 3207 temeritate
1580 3154 1761 3215 miscuerint.
1777 3160 1810 3215 si-

125 3238 226 3295 illicite
242 3238 337 3293 luerat
351 3232 493 3297 oblatum,
510 3245 546 3284 ne
560 3229 590 3283 iii
609 3245 665 3283 usu
680 3228 716 3283 de
733 3232 836 3282 caetero
850 3234 951 3283 essent
1003 3228 1151 3284 cutstiem
1162 3246 1215 3301 per
1225 3232 1614 3310 tlsceprophetnmSpirituii
1626 3253 1809 3304 sanctorem·

125 3324 336 3392 sacerdotibus,
352 3322 403 3378 scd
424 3320 521 3393 potius
543 3314 753 3389 indignationis
775 3321 804 3370 ot
828 3314 949 3371 ultionis
1001 3318 1127 3373 testatur
1142 3322 1171 3373 et
1185 3319 1256 3375 dicit
1272 3337 1280 3389 ;
1296 3322 1442 3393 Sacrificio
1465 3342 1562 3383 eoram
1587 3333 1723 3403 tanquam
1741 3337 1807 3405 pm

124 3415 229 3473 divinae
239 3411 410 3469 memoriam
424 3406 601 3478 corrigendis
613 3404 736 3477 posteris
746 3404 949 3460 exhibuerim*
1002 3404 1102 3474 lactas,
1125 3412 1288 3481 omnesqui
1309 3412 1476 3471 mordacem
1499 3433 1534 3473 ea
1561 3424 1805 3481 marcommannas

120 3506 208 3577 jussu
239 3501 352 3558 nomini
381 3498 507 3553 conflate
536 3500 623 3566 atque
658 3496 724 3565 igne
764 3499 888 3565 purgate
916 3494 945 3549 in
1001 3493 1431 3567 (Osee,ixidocensscilicetet
1456 3507 1616 3564 ostendens
1641 3528 1801 3569 omneson-

123 3592 249 3650 lemines
264 3587 387 3644 ductiles
403 3586 604 3658 producuntur
621 3590 650 3637 et
673 3582 836 3653 alligantur
849 3580 947 3649 alteri,
1001 3582 1070 3637 uino
1082 3599 1149 3639 cum
1162 3586 1332 3643 auctoribus
1349 3589 1493 3663 supplicio
1505 3596 1646 3670 conjungi
1657 3601 1704 3670 qui
1714 3602 1800 3657 suerint

122 3680 286 3739 secundnm
302 3676 379 3750 quod
394 3674 524 3745 loquitur
534 3672 686 3743 Scriptura
708 3670 829 3729 diviua:
847 3671 945 3728 hereo·
1000 3674 1118 3743 psccato
1132 3675 1337 3731 contaminati.

829 3849 931 3911 Variae
945 3850 1106 3911 lectiones.

155 4002 327 4059 ”Videntur
345 3995 603 4123 interrogationes
620 3994 794 4050 nobislom.
825 3994 1166 4051 neocaesarius.
1204 3995 1317 4068 ”Lege
1336 4000 1366 4053 et
1394 3999 1560 4059 conditione
1586 4006 1612 4061 N
1626 4006 1654 4061 C.
1669 4008 1696 4063 2.
1730 4008 1793 4063 ”tic

121 4074 276 4139 tecum.
292 4070 318 4126 3.
336 4068 511 4125 comem.
527 4068 580 4122 Liri
594 4066 646 4122 NG.
665 4068 690 4131 l,
705 4066 734 4121 2.
747 4066 913 4121 Penderunt
929 4064 1016 4121 Oeen·
1068 4066 1395 4125 '‘Exhibercnturltod.
1415 4071 1443 4126 3.
1494 4074 1518 4107 ¹³
1541 4074 1583 4131 lm
1609 4078 1791 4135 udentsitna

120 4144 283 4203 Bocchori.
304 4137 606 4207 i‚2,iin.ut.i‚2
655 4136 892 4209 ’‘Principatnm
909 4136 991 4193 Cori.
1042 4136 1066 4171 ⁸⁸
1087 4136 1168 4201 Quod
1192 4138 1247 4194 sihi
1274 4156 1331 4195 non
1356 4140 1424 4197 licet
1446 4144 1555 4201 ctae
1594 4152 1652 4205 .2.
1675 4150 1793 4207 Nonlioit

122 4218 191 4273 Bod.
209 4220 235 4271 l.
273 4208 788 4269 ⁹⁶Heereticisvelliim.ttondit.
810 4210 837 4263 l.
874 4208 898 4243 ⁸⁷
922 4206 1198 4280 Baptizanteslam.
1229 4210 1309 4266 Etor.
1337 4212 1403 4268 Boii.
1431 4214 1459 4269 2.
1483 4218 1513 4271 Ν
1539 4216 1569 4273 C.
1599 4220 1625 4275 l.
1675 4222 1696 4258 ⁸⁸
1717 4222 1790 4277 (ian-

118 4290 190 4345 tiaiu
205 4292 234 4344 et
248 4285 399 4343 audaciam
417 4280 480 4338 eod.
496 4281 522 4337 3.
575 4280 598 4316 ⁰⁰
611 4278 666 4336 Sic.
683 4280 758 4335 tom.
774 4280 836 4336 tiri.
849 4279 931 4336 Ebur.
950 4278 1006 4337 Nd.
1023 4280 1048 4336 l.
1064 4282 1091 4337 2.
1106 4280 1245 4351 Quisquis
1258 4298 1276 4337 a
1289 4282 1381 4340 Chore
1394 4284 1481 4341 Osos.

789 4446 900 4527 Steph.
915 4446 1032 4509 Baluzii
1048 4456 1141 4509 eota.

155 4590 210 4671 (33)
225 4588 431 4671 lamissionem.
447 4582 581 4655 Plerique
596 4582 663 4638 libri
678 4586 791 4638 veteres
806 4580 915 4637 hahent
930 4598 937 4639 :
953 4590 977 4657 Β
993 4581 1218 4709 qqtteqiagtqqqirim
1235 4582 1491 4711 qchismstlicorum
1506 4590 1655 4676 primatus
1665 4590 1788 4659 amoreil

120 4660 506 4802 crfglllllehgllgssffffillta
529 4724 684 4781 duodecim
722 4722 789 4779 lihri
818 4728 940 4781 veteres.
994 4723 1163 4808 retinuisse,
1179 4672 1423 4785 gontpiqqqqilquiss,
1445 4676 1787 4811 llllanl,c¹;¹1la⁸t⁰dl,⁸llitlill

117 4802 172 4882 Alii
189 4802 319 4873 quinque
333 4807 361 4856 et
376 4798 464 4855 editio
480 4796 649 4853 llorelliena
664 4796 854 4876 rependerem.
887 4865 906 4921 h
994 4795 1082 4921 tallqm
1097 4802 1244 4879 primatus
1259 4776 1509 4924 qmore'noluisse·
1528 4810 1711 4879 acquiescere
1724 4808 1786 4865 risio·

117 4873 277 5031 aiflleli
300 4872 537 5028 nihilist&
553 4868 940 5064 llhoi‘llildllillhah
993 4872 1787 5068 itiititttttitttt⁰tttt,rettinhasili
1845 4950 1848 4955 ·

116 5018 274 5146 illiciti
288 5019 313 5071 ⁶‘
327 5018 532 5072 “mmm
551 5026 598 5083 ³¹⁴⁸
621 5010 738 5161 Ψ
769 5018 939 5163 “”Ϊ’“’Ῐο””
991 5013 1786 5153 itiitilitatessciscitasti?tttttt

152 5162 209 5242 e>
234 5158 558 5239 ((((
583 5150 657 5277 tii
685 5150 939 5277 inicedit
990 5150 1581 5287 cietintercicidisse
1597 5167 1786 5291 ((3

116 5233 620 5359 ξζὲἓιαῑξὲἰεἒέἓεῖῗὲιῗεῗέεξέῐὲξέἆιί
635 5238 937 5376 olinpriinsisllisum·
991 5241 1309 5355 eiamtttchnnpordcre
1330 5244 1783 5382 semebotfullalqllzwgr‘omgoaquel

116 5372 157 5427 mi
173 5375 327 5445 pontilicis.
344 5372 443 5445 Neque
462 5377 561 5426 tamen
576 5372 693 5423 transeo
714 5381 743 5419 in
768 5365 936 5437 opinionem
991 5364 1116 5449 Rufinus
1139 5367 1250 5425 dixerat
1269 5372 1408 5442 primates
1439 5390 1536 5433 ocare
1557 5376 1691 5440 Gelosins
1711 5372 1783 5456 poenit

115 5442 245 5499 Goulerti
277 5442 495 5516 pronuntiantis
515 5439 575 5495 hieo
606 5438 700 5502 verba,
724 5440 937 5517 'qua-constet
989 5453 1061 5510 eptae
1096 5443 1273 5496 otusomore.

114 5520 228 5596 exstare
251 5516 280 5597 iu
308 5516 442 5597 antiquis.
459 5512 611 5570 codicibus
633 5514 664 5564 et
685 5508 875 5590 editionibus,
901 5522 935 5563 ex
1025 5510 1070 5577 (33
1096 5511 1241 5593 Ejusmodi
1254 5512 1557 5605 audaciamqouatuor
1570 5519 1638 5579 libri
1656 5514 1781 5603 reteresel

114 5600 247 5667 margine
266 5600 419 5667 irrepsisse
435 5603 464 5640 in
489 5590 610 5666 tentum.
638 5580 763 5663 Facilius
786 5579 934 5636 crederem
988 5584 1099 5661 veteres
1114 5582 1268 5649 editiones,
1308 5587 1420 5642 asmodi
1439 5586 1583 5647 luentium
1604 5600 1632 5651 ct
1653 5594 1779 5651 nummu

112 5654 290 5731 cyprianum
306 5656 402 5712 diuers
422 5655 551 5711 voluisse
574 5652 770 5709 Novatiaunm
784 5650 888 5707 ducem
904 5654 934 5707 ct
988 5650 1062 5707 Vide
1075 5656 1159 5711 notas
1173 5654 1210 5711 ad
1225 5652 1288 5727 epis
1319 5654 1380 5715 ism
1393 5674 1492 5731 vattt,
1506 5676 1576 5737 pag.
1587 5664 1650 5723 iso.
