3892 6104
1309 84 1312 91 ·
1373 39 1449 81 “·
1567 39 1860 134 (5φρῗῆ

2 194 17 308 ζ
118 222 199 285 sier
642 222 695 285 cn
715 218 1014 285 sunsncosuu
1035 216 1300 283 seruauere.
1602 182 1608 191 ’
1745 208 1858 291 iros'

154 352 262 411 Paulus
275 351 333 424 (80)
346 352 384 409 ab
398 351 481 409 Obba
494 352 552 427 (81)
566 354 659 410 dixit:
676 354 721 411 hle
735 370 795 409 non
810 358 906 409 morat
919 352 945 409 si
959 353 989 421 A
1038 350 1194 409 Marcellus
1207 368 1227 407 a
1239 352 1329 409 Zama
1340 352 1398 425 (88)
1407 350 1501 411 dixit:
1516 352 1591 413 Gom
1615 360 1740 429 peccata
1753 374 1825 417 nou·

116 441 226 513 aliquis
240 440 374 499 Ecclesia
390 442 477 497 fidem
502 447 531 497 et
547 443 698 499 veritatem
728 459 786 499 non
802 442 941 509 vindicat,
999 441 1055 497 nisi
1070 439 1205 497 Ecclesie
1221 440 1369 512 baptismo
1384 443 1640 517 remittantur‚qui
1655 444 1826 507 haereticum

115 530 233 603 quando
250 529 405 602 Apostolus
420 530 498 587 dicat
513 532 602 600 (Rom.
620 548 661 597 ιιι,
678 534 720 605 3);
738 532 808 602 Quid
827 534 903 589 enim
917 532 944 586 si
998 546 1056 586 nou
1073 529 1213 602 baptizat,
1229 530 1373 602 peccatori
1388 534 1597 589 communicat.

113 618 307 677 eectderonta
321 618 373 691 fide
382 618 626 691 peidcmitlorum
636 622 783 692 thrrqeid
794 620 944 691 infidelitas
1035 618 1162 673 ireneus
1176 618 1233 689 (87)
1243 618 1280 673 ab
1296 617 1389 675 Ululis
1400 620 1493 676 dixit:
1508 620 1539 677 si
1553 622 1620 677 ideo
1634 622 1826 681 liccleaiuhm

116 723 211 765 sorum
234 708 318 779 fidem
343 709 391 763 Dei
417 710 580 765 evacuavit?
606 708 703 765 Absit!
717 712 762 765 Est
785 710 862 765 enim
875 710 945 765 Deus
999 708 1124 764 relicum
1138 707 1241 763 1088
1258 723 1318 764 ιιοιι
1333 708 1463 781 baptizat
1476 711 1555 781 quod
1571 712 1689 769 dicatur
1702 714 1764 787 iam
1778 714 1826 772 ba·

118 812 215 869 ceree,
230 798 321 853 manis
336 806 427 853 oetam
451 798 531 855 homo
555 799 684 854 mendae.
700 798 729 854 Si
754 804 852 855 autem
867 798 944 855 Deua
1001 796 1128 870 ptizatus
1143 812 1208 853 esse
1221 796 1348 853 Heresis
1363 798 1458 869 major
1469 805 1513 854 est
1527 800 1596 872 (88).

117 902 205 943 verax
218 890 273 953 est,
290 886 436 957 quomodo
452 902 517 943 esse
541 888 620 960 apud
639 887 790 944 hereticos
805 887 945 960 baptismi
1036 889 1165 942 Donatus
1182 885 1360 943 acibalieua
1383 886 1473 943 dixit:
1489 892 1550 961 ligo
1564 907 1655 946 unam
1670 891 1828 951 Ecclesiam

118 976 227 1031 veritas
242 978 347 1047 potest,
364 977 440 1047 apud
456 992 530 1047 quos
546 982 620 1033 Deus
635 992 692 1033 non
709 976 777 1032 est?
1000 980 1029 1031 et
1044 991 1137 1030 uuum
1153 974 1303 1047 baptisma
1316 976 1382 1046 ejus
1396 977 1473 1032 novi.
1489 976 1520 1034 Si
1535 983 1581 1035 ast
1603 980 1656 1053 qui
1671 981 1752 1037 dicat
1767 998 1828 1041 essa

156 1063 336 1136 Pomponius
351 1082 368 1119 a
383 1064 561 1137 Dionysiana
584 1066 677 1122 dixit:
699 1066 887 1123 Manifestum
902 1070 947 1122 est
1000 1064 1077 1137 apud
1093 1064 1247 1120 haereticos
1261 1064 1400 1137 baptismi
1421 1066 1558 1139 gratiam,
1575 1074 1644 1126 autc
1660 1074 1706 1126 eat
1733 1076 1768 1127 ut
1781 1088 1827 1129 os·

120 1154 274 1211 haereticos
290 1171 347 1209 non
363 1171 448 1226 posse
463 1155 611 1228 baptizare
625 1161 654 1212 et
668 1156 871 1213 remissionem
884 1172 947 1229 pec·
1002 1154 1103 1209 tondat
1117 1156 1146 1208 et
1159 1153 1263 1225 probet
1276 1167 1341 1209 essa
1357 1151 1416 1209 illic
1431 1154 1600 1212 Ecclesiam.

121 1248 254 1300 catorum
271 1244 373 1299 1088
387 1245 466 1309 dere,
484 1244 534 1316 qui
561 1250 736 1317 potestatem
765 1262 822 1302 non
837 1245 948 1301 habent
1036 1244 1169 1298 Zosimus
1185 1257 1202 1296 a
1217 1241 1364 1297 'Pheraeae
1377 1241 1451 1298 dixit
1462 1243 1658 1302 :Revelatione
1670 1246 1827 1305 lactaveri-

121 1337 154 1388 ut
167 1336 219 1387 aut
233 1331 343 1387 solvere
358 1338 408 1387 aut
431 1332 523 1405 ligare
540 1332 652 1405 aliquid
669 1334 698 1389 in
721 1334 807 1390 terris
823 1334 947 1406 possint.
1001 1331 1081 1394 tatis.
1098 1330 1182 1386 cedat
1196 1345 1277 1386 error
1290 1330 1407 1387 ueritati
1421 1356 1428 1399 t
1440 1332 1510 1405 quia
1524 1337 1553 1389 et
1569 1334 1674 1391 Petrus
1686 1337 1739 1407 qui
1752 1338 1828 1409 prius

159 1420 321 1476 venantius
344 1438 362 1475 e
386 1420 497 1477 Timisa
526 1422 617 1477 dixit:
634 1422 664 1478 Si
689 1422 813 1479 maritus
829 1438 948 1495 peregre
1002 1418 1242 1485 circumcidebat,
1258 1418 1348 1475 cessit
1372 1418 1461 1475 Paulo
1484 1420 1637 1478 veritatem
1661 1425 1828 1495 predicanti

122 1508 311 1581 proficiscens
323 1509 475 1565 amicosne
486 1512 722 1567 commendasset
732 1528 852 1567 uxorem
862 1528 948 1568 suam
1003 1508 1076 1580 (dcl.
1093 1510 1146 1579 ιιι).

122 1598 949 1673 custodiendam,comnicudatamsibiillequantapoeset
1038 1596 1175 1653 Julianus
1199 1612 1216 1651 a
1239 1595 1355 1668 Telepte
1385 1596 1640 1672 dixit:Scriptum
1670 1607 1717 1658 est
1744 1603 1828 1671 (tous.

123 1686 277 1759 diligentia
292 1694 487 1757 conservaret,
499 1704 536 1743 ne
550 1689 586 1744 ab
602 1688 701 1761 aliquo
716 1690 835 1747 castitas
845 1691 909 1762 ejus
919 1695 949 1746 et
1003 1703 1046 1751 111,
1061 1686 1227 1757 29):Nemo
1252 1690 1340 1758 potest
1367 1687 1474 1759 aliquid
1501 1692 1638 1761 occipere,
1653 1692 1713 1746 nisi
1740 1690 1829 1748 dmum

126 1775 268 1833 sanctitas
283 1775 509 1832 adulteraretur.
526 1777 657 1834 Christus
671 1777 814 1835 Dominus
828 1784 858 1834 et
872 1779 950 1835 Deus
1004 1778 1090 1848 sumit
1104 1775 1149 1830 illi
1162 1775 1283 1830 decreto.
1300 1774 1331 1830 Si
1346 1774 1470 1833 Heresis
1484 1776 1521 1831 de
1535 1776 1607 1834 coelo
1622 1784 1678 1851 est,
1695 1786 1794 1852 potest
1805 1786 1831 1838 et

126 1868 226 1922 noster
240 1865 276 1921 ad
289 1866 403 1921 Patrem
418 1866 605 1937 proficiscens
619 1884 758 1940 sponsam
771 1884 855 1924 suam
866 1868 951 1925 nohis
1005 1864 1154 1937 baptisma
1167 1864 1248 1920 dare.

129 1953 356 2010 commendavit.
372 1954 513 2011 Utrumne
540 1972 605 2012 eam
634 1956 834 2029 incorruptam
859 1962 888 2013 et
906 1958 951 2012 in·
1043 1954 1167 2010 Faustus
1181 1952 1237 2025 (89)
1265 1969 1282 2008 a
1311 1954 1426 2009 'timida
1454 1954 1534 2027 regia
1561 1956 1653 2013 dixit:
1684 1958 1753 2015 Non
1780 1960 1831 2015 sibi

127 2042 264 2100 violatum
280 2044 533 2113 custodiemus,an
549 2044 954 2117 iutegritatemejusstcasti-
1008 2041 1197 2099 blandiantur
1220 2040 1271 2115 qui
1294 2041 1438 2099 hereticis
1463 2046 1699 2116 patrocinantur.
1716 2048 1773 2114 Oui
1787 2066 1831 2121 pro

126 2136 217 2187 tatem
234 2132 953 2205 moechisstcorruptoribusprodemustQuieuim
1008 2130 1151 2188 hereticis
1173 2129 1369 2187 ecclesiastico
1396 2132 1565 2204 baptismati
1586 2134 1757 2205 intercedit,
1773 2137 1832 2195 illos

127 2218 274 2294 baptisma
288 2218 423 2277 Ecclesia
437 2238 594 2278 commuue
619 2238 686 2279 cum
715 2222 858 2280 hereticis
873 2223 953 2293 iacit,
1008 2220 1185 2277 christianos
1199 2223 1229 2276 ct
1243 2236 1296 2277 uos
1311 2220 1463 2279 haereticos
1480 2223 1558 2279 lacit.

127 2324 270 2382 sponsam
284 2308 392 2365 Christi
407 2309 549 2368 adulteris
563 2312 670 2385 prodit.
1047 2308 1200 2366 Geminius
1214 2326 1230 2365 a
1245 2309 1351 2365 Furnis
1362 2310 1435 2365 dixit
1447 2328 1453 2367 :
1465 2312 1590 2377 Quidam
1606 2314 1644 2370 dc
1655 2314 1778 2389 collegis
1786 2316 1834 2373 hs·

162 2395 316 2469 Ahymnus
328 2398 364 2453 ab
376 2406 513 2471 Ausuaga
526 2400 599 2455 dixit
608 2416 615 2455 ι
624 2400 683 2457 Nos
697 2417 791 2457 uuum
810 2400 957 2473 baptisma
1011 2398 1116 2455 reticos
1131 2414 1298 2470 preponere
1313 2398 1369 2455 sibi
1382 2405 1517 2472 possunt,
1529 2402 1615 2459 nohis
1631 2420 1693 2459 uon
1707 2412 1832 2477 possunt

130 2486 311 2559 accepimus,
327 2492 355 2543 et
370 2487 468 2560 ipsum
489 2494 625 2545 tenemus
653 2495 682 2545 et
696 2506 863 2547 exercemus
888 2491 956 2563 (82).
1012 2488 1047 2543 Et
1061 2486 1125 2542 idco
1141 2487 1219 2558 quod
1235 2486 1325 2543 semel
1340 2488 1522 2545 decrevimus
1537 2494 1726 2563 tenemus,ut
1739 2494 1775 2551 ab
1787 2494 1833 2551 ha·

131 2574 185 2639 Qui
200 2578 298 2631 autem
323 2576 395 2631 dicit
409 2576 479 2648 quie
502 2582 532 2633 et
554 2577 696 2634 hereticis
711 2577 779 2633 licet
801 2580 956 2651 baptizare,
1013 2574 1111 2632 reticis
1126 2574 1276 2633 venientes
1289 2575 1481 2648 baptizemus.

131 2664 195 2736 ipse
210 2663 268 2720 duo
280 2663 455 2736 baptismata
469 2665 547 2721 lacit.
1049 2663 1231 2737 Rogatianus
1246 2682 1263 2719 a
1278 2664 1455 2721 Novedixit:
1472 2665 1632 2725 Ecclesiam
1651 2669 1787 2729 Christus
1798 2672 1832 2729 in·

168 2752 346 2808 Saturninus
358 2754 414 2824 (83)
430 2771 446 2808 a
459 2754 628 2810 Victoriana
641 2754 731 2811 dixit:
748 2755 778 2811 Si
793 2756 858 2812 licet
868 2756 958 2813 here·
1013 2754 1120 2820 stituit,
1137 2752 1275 2809 heresim
1288 2752 1433 2810 diabolus.
1449 2755 1601 2819 Quomodo
1621 2762 1722 2830 potest
1737 2760 1830 2817 habero

134 2840 201 2897 tiois
217 2840 506 2914 baptizare,excuseti
521 2848 590 2899 suut
604 2848 634 2899 et
648 2844 760 2901 dolensi
775 2844 878 2901 illicita
893 2848 957 2918 (tor.
1014 2842 1194 2914 baptismum
1211 2840 1316 2897 Christi
1333 2858 1483 2915 synagoga
1496 2844 1637 2901 Sateuoe‘l

134 2928 216 2985 licita
229 2930 371 2999 llorshot.)
387 2932 526 2987 iacientes
542 2931 607 3003 (84).
623 2931 680 2988 Nec
696 2933 778 2989 video
800 2950 890 3006 quare
910 2951 960 2993 ecs
1050 2930 1214 3002 Therepiue
1226 2928 1281 3001 (90)
1298 2948 1314 2985 t
1339 2930 1424 2986 Bulla
1446 2932 1539 2988 dixit:
1555 2933 1612 2997 oui
1627 2935 1773 2994 hereticis
1785 2940 1826 2995 ltc-

133 3023 184 3074 aut
198 3017 332 3075 Christus
344 3020 527 3077 adversarios
549 3037 620 3077 suos
644 3027 696 3078 aut
710 3022 869 3095 Apostolus
884 3024 958 3080 auti·
1015 3018 1109 3075 cleeie
1124 3019 1271 3091 baptisma
1280 3020 1414 3076 concedit
1423 3026 1452 3077 et
1466 3022 1650 3095 prodit‚quid
1660 3024 1743 3082 aliud
1753 3042 1825 3099 quam

132 3106 258 3164 christoe
274 3108 438 3181 appellavit.
974 3090 996 3158 C
1014 3109 1029 3165 J
1034 3109 1106 3165 udas
1121 3124 1236 3181 sponsae
1250 3107 1359 3163 Christi
1374 3109 1511 3165 exsistit?

166 3197 375 3254 Saturninusa
399 3199 515 3255 Thuoca
529 3200 622 3257 dixit:
654 3200 797 3269 Gentiles,
825 3202 960 3273 quamvis
1051 3202 1122 3254 item
1139 3195 1215 3253 elius
1230 3196 1368 3253 Luciuea
1394 3198 1558 3255 Membresa
1578 3199 1672 3258 dixit:
1693 3204 1822 3277 Scriptum

132 3284 210 3342 idola
224 3286 434 3352 colant,tamcn
446 3305 598 3345 summum
607 3290 871 3362 Deuru(85)pstrem
882 3306 960 3347 crea-
1013 3293 1076 3344 est:
1092 3288 1162 3343 Deras
1172 3293 1340 3358 peecatorem
1354 3302 1408 3342 non
1430 3287 1511 3344 cudit
1530 3289 1635 3362 ticon..
1651 3309 1694 3363 rx,
1709 3294 1761 3363 31).
1774 3292 1822 3349 lla·

129 3378 223 3429 torem
240 3382 422 3448 cognoscunt
436 3382 465 3434 et
486 3378 672 3433 confitentur.
688 3380 719 3434 ln
736 3378 812 3435 huuc
829 3379 958 3435 lilarciou
1013 3378 1131 3443 raucus,
1148 3375 1198 3447 qui
1214 3380 1347 3447 peccator
1377 3380 1433 3445 eet,
1449 3378 1599 3448 quomodo
1615 3382 1715 3437 audiri
1740 3382 1766 3437 iu
1785 3382 1822 3436 bs·

131 3462 325 3536 blasphemat,
341 3466 503 3537 etquidem
520 3484 577 3521 non
599 3467 777 3524 erubescunt
802 3469 958 3525 Marcionis
1013 3465 1122 3537 ptismo
1138 3464 1257 3535 potest?

130 3552 313 3623 baptismum
329 3555 461 3625 probare.
478 3554 629 3619 Quomodo
645 3555 717 3612 tales
732 3558 899 3614 sacerdotes
915 3574 959 3613 se·
1050 3555 1119 3609 ltem
1143 3552 1218 3608 alius
1246 3551 1325 3607 Felix
1350 3569 1367 3607 a
1395 3552 1571 3611 bussacenis
1600 3558 1657 3625 (31)
1688 3558 1771 3615 dixit:
1793 3562 1818 3612 lu

131 3638 294 3695 cerdotium
305 3639 355 3695 Dei
371 3644 422 3696 aut
437 3645 554 3697 servant
564 3650 613 3697 eut
629 3642 779 3699 vindicant
792 3645 843 3715 qui
858 3643 958 3702 hostes
1014 3642 1155 3701 hereticis
1191 3641 1255 3697 eine
1292 3640 1426 3697 Ecclesiae
1463 3642 1612 3715 baptismo
1649 3646 1817 3703 admittendis

132 3726 183 3783 Dei
199 3743 257 3784 non
272 3728 431 3800 baptizant,
447 3734 477 3786 et
491 3730 533 3787 sic
548 3729 607 3787 illis
621 3732 865 3789 communicanti
1013 3748 1099 3789 nemo
1115 3730 1365 3787 consuetudinem
1383 3729 1492 3788 rationi
1509 3736 1538 3788 et
1561 3734 1678 3791 veritati
1694 3738 1821 3809 prepouat

851 3877 1017 3940 variorum
1046 3881 1140 3937 notae.

167 4006 227 4077 (80)
243 4007 356 4062 Pectus.
372 4007 433 4062 Vox
447 4009 590 4079 consessor
613 4008 726 4065 nomini
748 4010 817 4066 huie
840 4015 869 4068 ct
882 4011 955 4067 duo·
1013 4008 1111 4066 monio
1125 4006 1325 4064 Tertullianus
1340 4006 1391 4063 lib.
1417 4008 1454 4064 de
1477 4009 1641 4068 Testimou.
1667 4012 1770 4075 Animi,
1782 4010 1818 4065 lh·

132 4078 199 4139 bus.
216 4095 280 4149 quse
295 4078 425 4151 proxime
440 4085 603 4150 sequuntur
624 4081 776 4152 premissa
789 4086 834 4138 est
850 4084 879 4137 in
895 4083 955 4139 edi·
1010 4098 1090 4137 caur.
1110 4112 1124 4120 -
1157 4078 1301 4135 Summam
1315 4079 1410 4135 Deum.
1425 4080 1527 4138 iovem
1551 4081 1705 4152 nimirum,
1721 4084 1767 4157 qui
1778 4098 1818 4155 ps·

130 4148 261 4205 tionibus
276 4154 343 4205 ante
358 4150 518 4206 Baluziuru.
536 4151 648 4207 Rouru.
1010 4158 1054 4209 ter
1068 4157 1097 4207 et
1111 4152 1232 4205 deorum
1249 4150 1341 4206 audit.
1360 4152 1439 4207 Petu.

167 4222 223 4293 (81)
238 4221 277 4276 Ab
292 4221 374 4276 oeta.
391 4222 573 4279 Pohlessrhe
585 4222 865 4279 Mauritanie.0bba
879 4224 958 4280 dicta
1045 4226 1101 4291 (88)
1124 4224 1218 4277 Zcmc.
1249 4222 1322 4278 lirbs
1351 4222 1507 4278 Numidis.
1536 4226 1641 4279 Aramo
1671 4224 1818 4283 Ptoleml

130 4291 160 4346 in
175 4293 240 4348 Not.
255 4292 341 4349 Atrio.
358 4300 385 4349 et
400 4294 496 4350 collat.
513 4294 660 4363 carthag,
685 4295 735 4350 sed
755 4294 870 4349 codices
892 4293 954 4367 plu·
1010 4296 1165 4356 Strabone,
1182 4292 1288 4359 Plinio,
1299 4292 1424 4365 aliisque
1439 4300 1613 4351 memorata.
1628 4296 1681 4353 ilic
1696 4296 1748 4354 loci
1760 4297 1817 4352 llau·

130 4362 196 4419 rimi
209 4364 319 4421 habent
328 4366 437 4435 bobba,
449 4364 495 4421 cui
506 4365 732 4421 rronrenclature
743 4365 819 4421 iavet
832 4365 955 4437 Plinius,
1010 4365 1090 4421 nibal
1107 4382 1124 4420 a
1138 4365 1273 4437 Scipione
1288 4380 1396 4436 magna
1410 4369 1508 4437 strage
1521 4368 1628 4422 victus.
1652 4369 1730 4424 Faus.

130 4435 530 4505 quiiuhlnuritauiactiec
555 4438 590 4491 lt)
619 4437 651 4492 ll.
678 4438 710 4491 P.
741 4438 771 4491 in
795 4436 955 4493 llediterrn·
1046 4438 1251 4509 (wilrehem.
1275 4436 1348 4491 lein
1371 4436 1456 4492 libris
1478 4454 1552 4509 quos
1576 4440 1746 4509 memoravi,
1764 4452 1812 4493 ass·

128 4522 179 4561 neo
193 4508 311 4576 Auemtt
324 4508 460 4563 coloniam
475 4508 595 4563 Bobbcm
609 4505 733 4563 collocet
747 4508 828 4563 Facu.
1010 4514 1098 4579 testor
1112 4508 1203 4564 audit.
1220 4508 1330 4563 Rouru.

166 4576 222 4648 (82)
241 4580 273 4632 itt
289 4580 379 4649 ipsum
393 4584 515 4634 tenemus
541 4588 567 4633 at
589 4595 758 4637 exercemus.
772 4582 864 4635 Antea
878 4546 996 4653 lege-⁰
1047 4581 1106 4651 (88)
1121 4581 1239 4636 llereer's
1267 4578 1356 4649 rrrejcr
1382 4580 1431 4633 est.
1462 4578 1519 4633 lloc
1547 4584 1604 4645 est,
1623 4583 1717 4653 major
1741 4592 1811 4657 quau

131 4645 393 4730 baturtenemuaet
419 4666 587 4705 exercemus.
609 4652 665 4707 Sed
693 4659 817 4706 tenemus
846 4660 871 4706 et
899 4669 956 4708 non
1011 4650 1148 4706 Ecclesia.
1164 4648 1365 4723 Augustinus:
1391 4650 1588 4775 despondetur.
1613 4652 1668 4708 lice
1688 4648 1812 4707 moetus

130 4718 264 4775 exstatin
281 4721 380 4776 codice
403 4721 439 4777 Se
462 4722 593 4777 uieriano
610 4739 703 4794 neque
726 4722 754 4776 in
772 4721 838 4778 aliis
853 4724 956 4777 veteri·
1009 4724 1221 4793 potestatium
1245 4737 1361 4776 crurum
1375 4722 1431 4775 Eee
1445 4721 1507 4777 esic
1533 4738 1590 4777 non
1615 4722 1744 4795 baptizet,
1756 4716 1811 4794 pact

131 4791 197 4847 bus.
216 4796 387 4863 Anonymus
401 4736 520 4848 iniihro
543 4794 579 4848 de
604 4794 830 4865 Rehuptiemate,
848 4811 875 4865 p.
892 4795 954 4862 354,
1010 4793 1119 4847 dicotur
1133 4810 1190 4861 rum
1206 4794 1359 4862 baptisatus
1384 4806 1451 4863 esse,
1467 4795 1589 4849 oruntio
1611 4796 1701 4867 maior
1712 4803 1754 4851 est.
1768 4795 1811 4848 ee

131 4862 290 4934 baptismate
304 4862 374 4933 qued
387 4865 501 4919 interim
514 4865 821 4921 exercebatltatuzrus.
837 4864 956 4921 -Cum
1009 4868 1103 4918 cutem
1115 4854 1218 4933 scirem
1243 4866 1303 4918 est:
1318 4864 1360 4919 ito
1379 4878 1442 4933 erpo
1468 4868 1496 4919 et
1511 4864 1593 4921 illud.
1608 4866 1673 4922 Lib.
1688 4884 1724 4921 vn
1736 4872 1809 4919 eros

130 4934 267 4989 baluzius
282 4935 345 4991 sine
361 4934 476 5000 idonea,
492 4937 603 5007 opinor,
620 4952 719 5004 causa,
736 4934 790 4991 hcc
805 4936 955 4992 eliminas·
1008 4936 1147 4989 Donatist.
1165 4934 1213 4989 ubi
1227 4951 1326 5006 supra.
1343 4938 1387 4989 Au
1406 4950 1472 4991 vero
1496 4935 1584 4992 allato
1603 4942 1809 5009 argumentose

129 5009 185 5073 set,
202 5005 477 5061 revoceudnmesse
502 5007 705 5133 censuiguod
722 5006 751 5061 in
776 5007 861 5063 editis
882 5008 954 5064 etin
1009 5006 1147 5073 tislhciat,
1177 5005 1232 5061 hoc
1264 5022 1450 5077 responsum,
1482 5006 1590 5063 viderit
1627 5012 1671 5065 vir
1701 5011 1805 5065 saneim·

127 5078 284 5149 Augustini
299 5093 416 5150 quoque
444 5077 594 5135 nonnullis
616 5093 630 5132 e
654 5077 794 5135 itionibus
809 5083 954 5135 retentum
1008 5076 1115 5133 Rostra.

128 5154 215 5205 esset.
232 5148 340 5205 Rocrs.
1044 5149 1100 5229 (89)
1114 5150 1245 5203 Faustus.
1262 5146 1290 5202 ls
1305 5162 1423 5219 quoque
1437 5146 1589 5205 confessor
1616 5148 1765 5223 appellatur
1782 5142 1804 5197 in

162 5220 219 5291 (83)
233 5221 413 5277 Saturninus.
430 5219 618 5275 premissum
641 5225 685 5276 est
708 5219 738 5275 in
768 5219 862 5285 libris,
879 5236 953 5292 quoe
1008 5219 1091 5275 editt.
1109 5224 1176 5274 ente
1191 5218 1408 5274 Benedictinem
1423 5220 1534 5275 secutis
1546 5220 1749 5294 lirasmumqui
1760 5212 1804 5289 pri·

126 5297 194 5346 ante
209 5292 279 5355 dixi,
295 5294 374 5347 stiur
390 5291 545 5362 consessor.
563 5291 672 5347 Reuss.
1009 5306 1075 5346 mus
1090 5291 1149 5345 hec
1163 5292 1233 5346 Aeta
1247 5289 1368 5345 addidit.
1386 5288 1495 5345 Rouru.

161 5362 336 5433 (Billlticite
359 5366 499 5436 [creatos.
517 5362 587 5419 Mihi
617 5362 736 5433 quidem
768 5361 890 5433 proheta
907 5365 952 5417 est
1044 5362 1273 5443 [witnowa.
1290 5360 1384 5417 Hicet
1404 5366 1489 5433 peter
1509 5360 1584 5419 alter
1605 5368 1804 5436 postcummu-

126 5430 165 5487 cl.
181 5433 328 5490 Marshalli
345 5436 694 5507 corrjectura,reponentis
710 5434 787 5489 licito
802 5433 950 5489 iacientes.
1008 5432 1133 5488 sessores
1149 5432 1179 5487 iu
1195 5434 1299 5488 iisdem
1316 5433 1381 5487 edd.
1398 5438 1552 5489 vocantur.
1573 5434 1684 5493 Rocnu.

126 5502 237 5558 Rourn.
1042 5504 1286 5573 (enumerares.
1304 5504 1530 5575 Respcneudum
1548 5507 1720 5564 crediderim
1731 5504 1802 5574 tute·

160 5574 218 5645 (85)
233 5574 354 5631 Gentiles
375 5616 381 5628 .
400 5619 407 5633 .
425 5619 431 5631 .
447 5594 588 5632 summum
617 5578 711 5643 terrm,
727 5579 783 5631 etc.
800 5578 859 5629 lloc
874 5579 951 5630 certe
1005 5574 1237 5648 cerressyzaciunr
1251 5575 1329 5631 enim
1341 5574 1489 5645 Βυζακίνην
1505 5577 1634 5649 appellat
1648 5576 1803 5635 Ptolomeus:

123 5645 230 5725 probat
244 5646 337 5723 ipsius
352 5648 456 5705 anime
466 5649 601 5722 quamuis
613 5664 669 5705 uou
681 5646 851 5705 Christiane
866 5646 951 5703 testi·
1006 5648 1091 5713 cujus
1107 5646 1233 5721 regionis
1250 5645 1430 5705 fertilitatem
1451 5648 1537 5705 miris
1566 5650 1663 5708 modis
1677 5650 1748 5707 eden
1757 5641 1804 5699 Pli-
