3900 6112
92 308 153 375 dd'l
732 302 784 369 ult
806 302 960 371 Minucii
981 306 1154 377 OG'l'dVIO
1734 312 1798 381 ddi

84 460 129 507 aa<
152 437 235 498 ednod
259 438 313 506 πρὸ
335 438 384 495 τοῦ
407 431 552 495 καταδῦναι
581 434 656 509 πηδή
662 456 732 513 ματα
754 436 780 497 tv
794 441 829 515 τῇ
846 438 912 515 ὑπὲρ
927 442 953 511 Α
969 442 1164 509 Quamobrem
1178 446 1242 506 seris
1256 448 1365 510 tinnitu
1383 452 1509 527 aliisque
1523 449 1670 511 sonitibus
1681 467 1719 511 so
1733 467 1798 510 ms·

85 532 118 587 ed
133 528 207 606 ὕδωρ
223 526 371 607 ἰπιδρομῇ·
389 526 482 605 lapi?
506 531 554 583 τοῦ
578 526 702 600 πλήθους
725 533 779 585 τῶν
808 528 911 603 'dieb
966 534 1798 612 gnisclamoribusoonebanturlaborantiitasuceurrere,

84 618 305 691 sandalizastis
322 615 465 695 βάλλοντι.
478 643 491 669 ιι
504 620 749 691 Epostracismus,
761 621 911 678 Testulam
967 627 1000 678 ut
1024 625 1236 685 incantationes
1260 648 1316 686 non
1344 633 1468 691 audiret.
1495 634 1574 692 Unde
1592 632 1746 691 luvenalis
1760 632 1797 689 de

86 712 233 769 marinam
245 710 274 766 in
287 726 369 781 aquae
381 708 566 781 superficiem
579 708 709 777 mittant,
722 715 912 767 numerantes

86 800 186 875 ipsius
200 799 294 857 saltus
305 800 335 854 iu
347 816 427 870 aquen
439 798 592 871 superlicio
603 798 695 854 iactos
703 803 770 855 ante
781 800 913 856 submer·

88 890 219 957 sionem
235 904 269 945 ex
284 888 416 943 saltuum
428 886 505 942 enirn
518 886 707 943 multitudine
718 888 838 959 jacienti
853 888 912 946 vic·

86 978 164 1035 toria
177 976 342 1034 ascribitur.
360 998 373 1025 ι)
400 975 481 1045 (ΡοΙΙ.
499 975 549 1032 lib.
566 993 605 1041 aa,
621 991 685 1048 cap.
708 978 736 1046 7,
753 992 819 1049 pag.
838 977 912 1051 dii.)

86 1067 207 1125 Brevius
222 1064 346 1122 Suidos:
363 1063 592 1135 'Eaeetpaattaa
609 1060 707 1118 Παιδιά
721 1084 773 1131 τις,
798 1064 828 1132 ἢν
849 1063 912 1120 nai·

88 1158 179 1225 ζουοιιι
209 1151 234 1207 oi
263 1148 370 1223 παῖδες,
397 1146 514 1225 ’ὄστρακα
542 1150 662 1229 ἀφιέντες
692 1152 732 1215 εἱς
765 1150 911 1217 θάλασσαν.

88 1332 172 1409 pueri
186 1332 304 1399 ludunt,
321 1337 465 1389 ostracam
481 1346 532 1387 seu
550 1330 688 1387 testulam
703 1332 733 1386 in
751 1348 832 1388 maro
847 1350 912 1405 pro·

84 1422 224 1497 linientes
243 1421 335 1491 (Sarid.
369 1422 405 1477 ad
427 1436 453 1479 a.
476 1416 699 1493 ἰποστρακίζιιν).
722 1420 836 1478 videsis
856 1426 912 1477 Ba-

89 1512 232 1569 slsthium
248 1511 277 1567 in
290 1510 405 1567 Homeri
413 1509 533 1566 Iliadem
544 1514 563 1563 Σ
573 1526 625 1566 seu
636 1511 678 1565 18.

126 1601 229 1657 Postea
243 1598 386 1666 cecilius,
404 1597 569 1655 Academici
584 1600 620 1655 de
634 1614 702 1655 vero
717 1603 774 1655 Deo
789 1600 913 1672 eiusque

23 1750 27 1758 ,
86 1688 269 1763 providentia
282 1689 445 1745 dubitantis
460 1703 616 1761 porsonam
635 1688 768 1755 indutus,
785 1704 836 1761 pro
852 1704 912 1745 cer·

2 1800 4 1805 ·
88 1782 120 1837 to
135 1794 243 1851 ponere
259 1783 382 1834 conatur
396 1776 504 1845 omnia,
522 1776 584 1833 sine
611 1775 670 1833 uilo
686 1782 752 1843 Deo,
769 1777 798 1831 in
815 1777 914 1850 seipsa

91 1868 209 1940 revolvi,
226 1869 303 1925 01¹8
319 1884 353 1924 ac
382 1867 594 1941 acoagregatis
617 1866 730 1939 ignium
750 1866 914 1923 seminibus

92 1958 170 2016 soles
185 1957 259 2015 alios
281 1963 369 2029 atque
395 1954 468 2013 alios
491 1972 607 2029 semper
630 1954 792 2028 splendere,
809 1955 851 2011 sic
866 1971 914 2012 ex·

20 2040 23 2045 ’
91 2046 201 2105 balatis
218 2052 301 2103 terre
316 2045 483 2119 vaporibus,
498 2044 622 2101 nebulas
637 2061 752 2116 semper
768 2042 911 2101 adolesce-

90 2152 133 2209 re,
145 2134 253 2206 quibus
263 2133 393 2192 densatis
404 2133 580 2207 coactisque,
593 2133 686 2189 nubes
696 2132 785 2188 altius
796 2148 916 2205 surgere

5 2268 13 2279 .
90 2223 197 2282 iisdem
222 2223 402 2291 labentibus,
435 2222 550 2295 pluvios
581 2222 680 2290 fluere,
706 2222 776 2278 dare
802 2228 915 2290 ventos,

10 2330 13 2335 ·
90 2312 251 2387 grandines
267 2312 428 2385 increpare,
440 2311 483 2369 vet
500 2312 608 2369 nimbis
624 2310 917 2379 collidentibus,toni·

90 2404 159 2457 trus
170 2399 416 2472 mugireratilare
428 2400 556 2473 fulgura,
570 2400 694 2456 fulmina
706 2399 885 2472 praemicare.
902 2421 917 2450 a

6 2544 9 2549 .
96 2488 358 2560 Garriebatitnque
371 2490 479 2561 absque
505 2489 594 2545 ullius
610 2489 713 2545 divinas
729 2490 915 2562 providentias

96 2582 179 2636 motu
195 2577 256 2635 heo
271 2578 370 2634 omnia
384 2576 568 2634 naturalibus
584 2578 647 2633 suis
662 2577 760 2634 causis
775 2578 915 2633 altici.Soi

97 2668 206 2741 quippe
220 2667 404 2739 oongreaatis
419 2666 530 2738 ignium
543 2667 708 2723 seminibus
719 2668 918 2733 tovetursem-

97 2773 207 2831 perque
223 2756 366 2827 splendet.
382 2756 462 2811 Soles
477 2761 573 2811 satem
590 2754 664 2812 elios
684 2762 770 2828 atque
785 2755 858 2811 alios
873 2756 917 2812 di-

1 2895 5 2910 ,
97 2862 162 2903 cero
176 2844 291 2911 maluit,
308 2843 377 2915 apula
391 2844 445 2913 sat,
456 2844 537 2900 novis
548 2861 664 2917 semper
673 2845 785 2917 ignium
801 2844 919 2900 semini·

95 2934 153 2991 bus
167 2934 307 3006 acceptis,
322 2950 416 2990 novus
441 2932 572 3005 alterque
597 2934 727 3005 quotidie
741 2934 856 2989 videtur
870 2950 917 2989 re·

3 3006 19 3063 .'
96 3022 188 3081 nasci.
205 3022 300 3080 Poetis
315 3026 414 3079 autem
431 3022 559 3078 insolens
573 3040 629 3079 non
647 3027 700 3087 est,
718 3028 751 3079 ut
765 3022 842 3080 soles
857 3023 920 3095 plu·

95 3110 150 3169 rali
166 3127 289 3168 numero
304 3128 356 3184 pro
371 3110 432 3167 sole
446 3110 555 3167 dicant.
571 3111 709 3168 Omnium
724 3111 818 3168 instar
832 3112 918 3169 nobis

97 3200 136 3259 sit
149 3199 298 3275 Virgilius,
314 3200 363 3274 qai
380 3199 503 3257 cecinit:

207 3383 380 3401 .....
413 3349 488 3412 Seps
504 3362 552 3413 ego
568 3348 662 3413 longos

128 3412 267 3463 Cantando
281 3426 395 3475 pueram
414 3414 522 3462 memini
537 3426 579 3461 rna
594 3412 710 3462 condere
732 3411 810 3462 soles.

128 3476 186 3526 Alio
200 3474 293 3525 itidem
308 3475 334 3524 in
351 3475 437 3525 libro:

209 3572 379 3587 .....
412 3536 561 3599 Glebaeque
574 3536 694 3598 jacentes

128 3599 317 3650 Pulveraleuta
331 3603 428 3662 coquat
442 3600 555 3647 maturis
570 3598 670 3647 solibus
684 3602 771 3648 metas.

175 3678 281 3743 (virgil,
300 3678 363 3737 ilci,
380 3692 417 3735 ιιι,
432 3694 456 3727 ιι.
470 3682 508 3735 dt,
520 3682 546 3728 et
559 3678 605 3727 iib.
621 3693 637 3738 ι,
654 3678 755 3741 decep,
771 3684 822 3739 65.)

133 3856 209 3912 Solis
224 3860 321 3913 autem
338 3856 456 3913 nomine
467 3856 490 3912 sl
504 3856 581 3913 diem
599 3856 753 3927 nGeoilio,
764 3857 840 3912 sicut
853 3856 922 3913 ibin

43 3940 49 3959 ’
98 3944 232 4019 Virgilio.
248 3945 405 4019 significari
421 3946 503 4009 velis,
519 3963 576 4001 non
594 3945 720 4002 muitum
736 3946 854 4017 quidem
876 3963 920 4002 re-

967 710 1097 769 ctamosn
1112 715 1234 774 muliere
1249 721 1390 779 canebat:

1107 822 1164 872 Una
1179 824 1312 876 laboranti
1326 830 1424 891 poterit
1438 842 1594 881 succurrere
1608 829 1694 879 ioum.

1277 907 1395 969 (laren,
1410 910 1466 960 Sat.
1481 924 1514 969 vr,
1531 910 1686 974 postmod.)

967 997 1078 1142 {tatius
1089 1016 1155 1058 vero
1174 1002 1241 1059 iilos
1265 1006 1332 1061 sarie
1348 1006 1461 1065 sonitus
1475 1007 1518 1064 sio
1530 1008 1670 1065 describit
1684 1010 1714 1064 et
1728 1006 1794 1064 irri-

988 1092 1016 1143 et
1031 1106 1038 1144 :

1283 1218 1407 1268 Attonitis
1421 1220 1526 1284 qaroties
1547 1218 1673 1269 avellitur
1687 1219 1765 1270 astris

1013 1337 1073 1388 a..
1087 1281 1559 1407 dittllilalllllibuillffll‘
1575 1288 1669 1347 ΒΜ

1192 1421 1279 1483 (Stat,
1295 1422 1340 1472 lib.
1355 1437 1381 1473 aa
1397 1422 1529 1488 Thebaid„
1542 1430 1603 1489 post
1616 1424 1700 1485 med.)

969 1532 1068 1590 Livius
1082 1541 1178 1591 autem
1199 1542 1298 1594 narrat
1312 1542 1437 1613 emptum
1453 1541 1489 1597 ab
1506 1540 1650 1597 Annibale
1660 1540 1794 1614 praelium

970 1644 981 1674 ι
998 1623 1064 1680 eris
1079 1625 1203 1697 crepitu,
1219 1626 1315 1700 qualis
1326 1629 1357 1685 in
1372 1629 1487 1687 deiectu
1503 1630 1581 1686 lans
1597 1629 1696 1687 silenti
1711 1634 1797 1688 noete

968 1712 1038 1769 cieri
1052 1712 1137 1770 solet.
1159 1737 1173 1765 a
1189 1716 1260 1786 (Liv.
1278 1716 1328 1772 lib.
1344 1734 1422 1783 xxva,
1439 1720 1507 1790 55.)
1520 1719 1652 1791 Denique
1667 1734 1704 1775 no
1720 1719 1751 1775 in
1765 1736 1804 1777 re

929 1817 952 1881 Β
968 1806 1068 1873 aperta
1078 1801 1223 1876 longiores
1235 1806 1338 1871 simus,
1349 1806 1404 1863 hos
1415 1811 1530 1863 tanturn
1541 1806 1718 1879 adjiciemus
1730 1808 1808 1864 Vir—

968 1891 1031 1963 gilii
1042 1909 1144 1949 versus
1156 1908 1162 1946 :

1064 2034 1070 2047 .
1104 2034 1111 2047 .
1146 2034 1153 2047 .
1186 2000 1303 2063 uultque
1318 2001 1512 2051 vinaetsidera
1528 2004 1672 2063 monebat,

1016 2061 1139 2111 Deiectus
1153 2062 1217 2113 actis
1230 2065 1325 2121 varios,
1340 2064 1463 2128 lunaque
1479 2065 1591 2115 labores.

1296 2144 1399 2208 (l'irgil.
1414 2144 1431 2193 l.
1447 2158 1463 2193 u
1479 2142 1572 2209 θροις,
1587 2158 1611 2195 ο.
1628 2146 1696 2207 tte).

971 2249 1049 2305 ddi)
1065 2251 1101 2305 att
1116 2254 1218 2307 contra
1232 2251 1307 2306 hanc
1321 2250 1475 2307 ridiculam
1490 2250 1734 2324 superstitionem
1744 2268 1794 2309 aa·

971 2336 1039 2411 pius
1052 2337 1230 2395 invehuntur
1239 2338 1419 2396 sanctissimi
1431 2338 1564 2396 Ecclesia
1573 2343 1794 2413 Patres,acpra·

972 2426 1056 2498 cipue
1068 2426 1214 2483 illeximus
1226 2428 1426 2495 Taurinensis,
1439 2429 1468 2483 in
1481 2429 1608 2500 quodam
1619 2444 1759 2485 sermone
1767 2428 1793 2485 de

972 2517 1058 2573 traaas
1071 2514 1188 2586 defectu,
1205 2534 1291 2591 quem
1314 2534 1348 2573 ex
1368 2517 1515 2574 Ambrosii
1539 2516 1683 2589 ejecimus
1699 2516 1792 2589 Opori-

972 2606 1039 2671 bus,
1057 2605 1105 2660 ubi
1123 2604 1195 2661 laiso
1209 2606 1272 2677 ejas
1288 2606 1406 2661 notariae
1421 2606 1517 2663 editus
1540 2607 1636 2663 suerat
1650 2606 1791 2665 (cimbros.

973 2692 1202 2767 appano.‚t,'pag.
1222 2694 1296 2766 377).
1322 2694 1469 2752 illinucias
1491 2711 1560 2751 vero
1579 2696 1642 2752 baso
1656 2696 1792 2751 adversus

972 2782 1103 2837 ethnicos
1119 2787 1213 2854 urget,
1242 2788 1274 2838 ut
1303 2799 1404 2840 eorum
1431 2800 1572 2849 errorem,
1588 2784 1739 2857 simulque
1752 2784 1793 2839 di·

972 2872 1069 2926 vinam
1097 2872 1307 2942 providentiam
1330 2891 1365 2930 ex
1393 2873 1469 2930 laos
1497 2874 1690 2931 incrementis
1705 2874 1793 2930 etde·

971 2962 1127 3017 crementis
1142 2962 1286 3017 ostendat.

1256 3112 1459 3171 ARTICULUS
1475 3114 1510 3171 11.

933 3178 954 3247 G
975 3219 1012 3274 ile
1026 3221 1116 3276 citatis
1130 3237 1148 3275 c
1162 3221 1285 3277 Minucio
1300 3221 1465 3293 quibusdam
1486 3220 1668 3293 scripwribas
1688 3221 1795 3291 Nepote.

1011 3290 1115 3358 Cassio,
1147 3293 1240 3348 Thallo
1267 3293 1380 3349 Diodoro
1405 3302 1431 3350 et
1455 3292 1546 3348 otdeis
1568 3291 1706 3349 Theodoro
1729 3292 1797 3347 Dio-

1009 3379 1078 3435 pore
1092 3379 1126 3419 uc
1139 3365 1300 3436 Protopore.

1009 3498 1083 3552 Tota
1099 3495 1218 3553 Minucii
1242 3497 1401 3569 disputatio
1424 3496 1542 3553 tametsi
1566 3494 1655 3553 variis
1681 3496 1798 3569 potissi-

975 3602 1068 3653 mum,
1084 3586 1170 3641 siculi
1200 3588 1380 3653 monuimus,
1406 3586 1553 3642 rationum
1576 3584 1737 3642 momentis
1752 3584 1800 3641 ni·

973 3680 1064 3743 tatarr,
1079 3676 1222 3747 plurimos
1243 3676 1435 3731 nihilominus
1462 3675 1584 3731 celebris
1607 3675 1687 3746 apud
1702 3673 1799 3731 etbui-

974 3781 1024 3821 coe
1048 3764 1176 3821 nominis
1199 3765 1367 3837 scriptores,
1390 3764 1480 3821 variis
1501 3764 1620 3821 iliorum
1649 3764 1800 3836 opinioni·

975 3853 1030 3909 bus
1047 3853 1132 3926 plane
1143 3855 1320 3926 penitusque
1330 3858 1538 3927 repugnantes,
1548 3853 1658 3909 citavit.
1670 3855 1802 3920 Quatuor

975 3942 1113 3999 autemin
1131 3960 1189 4000 uno
1208 3944 1368 4015 eodemque
1389 3943 1451 3999 loco
1473 3944 1509 3999 ab
1531 3940 1582 3999 illo
1601 3940 1800 4013 appellantur,

98 4036 309 4110 pugnabimus.
325 4036 397 4091 Nam
417 4036 512 4106 major
526 4035 569 4091 vis
588 4035 655 4091 inde
670 4040 842 4108 argumento
857 4036 921 4107 ejus
975 4032 1081 4103 Nepos,
1098 4033 1227 4098 Cassius,
1243 4032 1364 4087 Thallus
1388 4048 1421 4087 ac
1445 4032 1599 4096 Diodorus.
1615 4030 1696 4087 baud
1712 4030 1802 4087 dubio

97 4126 257 4191 accederet,
269 4125 346 4196 quod
363 4128 460 4180 lamen
472 4124 508 4180 ab
519 4123 636 4180 Octavio
652 4140 772 4197 prorsus
787 4140 920 4180 eversum
975 4120 1100 4187 Siculus,
1118 4122 1265 4177 alostino
1284 4125 1407 4193 Martyro
1432 4138 1489 4177 non
1513 4119 1647 4177 minimis
1661 4117 1802 4176 laudibus

99 4228 264 4286 esaesnpra
279 4212 475 4269 ostendimus.
976 4215 1134 4266 exornatas
1163 4211 1199 4267 ob
1228 4208 1411 4266 Bibliotheca
1443 4208 1589 4267 historice
1617 4208 1724 4278 libros,
1753 4207 1801 4281 qui

133 4301 303 4359 Denebulls
332 4319 427 4374 porro,
445 4302 573 4358 nubibus
597 4300 921 4374 aliisquemotenrisab
976 4299 1232 4357 GreceotLatine
1253 4298 1322 4354 editi
1347 4298 1480 4355 omnium
1509 4298 1649 4355 manibus
1664 4300 1803 4355 teruntur

97 4391 199 4448 eodem
216 4390 329 4447 Caecilio
354 4391 534 4458 menecratis,
559 4390 654 4465 legere
675 4392 783 4463 poteris
798 4409 831 4447 ex
847 4392 925 4447 anti-¹
977 4389 1109 4461 (iustin,
1126 4388 1309 4446 dehortatud
1324 4387 1409 4445 crae.
1427 4405 1493 4462 pag.
1511 4388 1566 4460 10).

1 4523 3 4528 .
98 4480 165 4553 qais
179 4480 373 4552 scriptoribus
394 4480 590 4545 Aristotelem,
609 4480 766 4551 Laertium,
782 4480 921 4547 Plinium,
1011 4478 1127 4533 Primus
1142 4494 1208 4534 vero
1223 4494 1257 4533 ex
1272 4477 1319 4532 his
1334 4476 1526 4549 scriptoribus
1548 4475 1721 4537 nominatur
1735 4480 1801 4533 Gor-

99 4568 278 4634 Lucretium,
291 4573 447 4633 Senecam;
464 4587 498 4625 ex
514 4570 723 4626 recentioribus
739 4586 805 4626 aero
824 4570 922 4626 Certe·
937 4547 960 4612 Ῑ)
976 4567 1071 4623 aelius
1085 4567 1190 4638 Nepos,
1208 4566 1258 4640 qui
1274 4566 1351 4622 sicut
1371 4573 1405 4621 Α.
1431 4564 1542 4622 Gellius
1565 4564 1710 4637 perhibet,
1726 4566 1800 4623 scri·

98 4656 921 4731 sium,(insuendam,dntoniamleilrand‚etalios,qai

99 4745 135 4803 de
150 4745 198 4801 his
213 4745 282 4801 data
297 4762 386 4816 opera
413 4746 646 4818 disputaverunt.
676 4748 806 4815 (Aristot.
832 4748 882 4804 lib.
899 4766 919 4804 1.

97 4834 219 4900 liciace..
236 4850 299 4907 cap.
317 4836 332 4889 d
356 4837 385 4890 et
408 4851 501 4907 seqq.;
520 4835 614 4890 Laert.
638 4834 688 4890 lib.
705 4854 731 4900 a,
747 4840 761 4904 5
775 4837 829 4903 99;
845 4836 919 4893 ΡΙίιι.

96 4924 149 4982 lib.
167 4942 198 4981 ιι.
215 4924 284 4980 ttae.
300 4925 410 4991 Notae,
425 4941 489 4995 cap.
511 4924 546 4979 42
569 4940 664 4995 scq‘te
682 4924 792 4979 Lucret.
808 4924 857 4979 lib.
874 4942 919 4994 v1;

96 5015 197 5068 donec.
227 5011 278 5066 lib.
306 5029 326 5067 ιι
353 5012 413 5067 Not.
444 5012 555 5079 Queat,
572 5027 634 5081 cap.
653 5012 686 5065 12
699 5015 725 5067 et
744 5027 829 5084 semp,⁸
844 5017 919 5071 Cart.

97 5100 150 5158 lib.
167 5102 200 5158 de-
213 5102 333 5163 tietcer.,·
348 5102 430 5157 Gaas.
447 5100 562 5171 Spatap.
578 5102 641 5157 υἱον
662 5102 738 5171 Epic.
755 5106 807 5156 art.
821 5104 848 5171 2,
865 5104 920 5175 §i,

97 5206 161 5262 cap.
177 5192 195 5245 9
209 5196 238 5247 et
253 5190 348 5261 seqq.)

133 5278 271 5335 Octavius
286 5282 385 5350 postea
401 5277 505 5333 asserit
520 5278 647 5335 divinam
665 5279 874 5352 providentiam
892 5282 922 5337 in

98 5381 132 5424 eo
148 5368 285 5427 emir-are.
301 5366 377 5437 quod
396 5366 466 5422 luna
481 5390 495 5418 ιι
512 5385 644 5425 mensem
661 5374 758 5438 auctu,
776 5369 868 5437 senio,
879 5369 922 5424 la-

97 5456 169 5513 bore
183 5458 373 5527 circumagat.
392 5480 407 5507 a
426 5456 527 5513 Varios
540 5459 685 5531 siquidem
706 5458 814 5514 ethnici
831 5460 921 5533 tinge·

98 5546 171 5603 bant
190 5544 509 5623 insolescentium
530 5565 598 5606 eum
621 5547 651 5604 in
676 5548 860 5622 princiacum
877 5548 921 5603 in·

99 5635 316 5693 cantationibus
330 5638 476 5697 detectum
496 5638 556 5713 pati
579 5636 669 5695 stulte
692 5637 920 5697 arbitrabantur.

975 4657 1035 4730 psit
1046 4655 1192 4712 Ciceronis
1213 4654 1299 4711 amici
1329 4655 1374 4709 eui
1400 4655 1510 4720 Vitam,
1525 4658 1554 4711 et
1567 4653 1659 4711 libros
1675 4654 1708 4711 de
1725 4655 1800 4711 Viris

975 4744 1145 4815 illustribus,
1161 4745 1366 4814 Encmplorum,
1387 4747 1475 4815 atque
1498 4742 1703 4801 Chronicorum
1714 4742 1800 4817 (cett.

977 4835 1027 4891 lib.
1044 4853 1081 4891 xv
1106 4837 1181 4893 Nost.
1205 4838 1296 4903 duic,
1322 4852 1385 4908 cap.
1400 4836 1454 4900 28;
1484 4835 1536 4891 lib.
1552 4851 1574 4903 1,
1597 4850 1664 4908 cap.
1680 4834 1736 4903 l8;
1750 4832 1800 4890 lib.

975 4925 1174 4998 v11,cap.18;
1200 4929 1228 4980 et
1258 4924 1308 4979 lib.
1337 4941 1407 4995 avar,
1436 4939 1499 4994 cap.
1526 4924 1584 4997 2¹).
1609 4924 1691 4996 Saepe
1712 4924 1799 4981 etism

976 5014 1115 5071 laudatur
1130 5032 1147 5069 a
1162 5012 1267 5073 Plinio.
1284 5029 1318 5069 ac
1341 5016 1475 5085 Augusto
1501 5012 1668 5087 imperanto
1682 5012 1799 5077 obiisse.

976 5108 1005 5160 et
1027 5104 1057 5159 in
1083 5102 1225 5167 Chronico
1251 5102 1416 5158 Eusebiauo
1442 5106 1513 5158 tunc
1533 5102 1669 5159 floruisse
1681 5102 1800 5159 dieitur.

975 5194 1018 5249 Ab
1034 5195 1135 5249 eodem
1151 5196 1250 5248 autem
1273 5190 1365 5247 Plinio
1393 5194 1514 5247 vocatur
1538 5212 1552 5241 ι
1567 5190 1639 5247 Padi
1664 5190 1800 5249 incola.»

976 5282 1081 5353 (Ptin,
1098 5281 1117 5337 l.
1134 5299 1172 5351 rx,
1188 5298 1252 5355 cap.
1270 5281 1313 5348 ae,
1331 5296 1398 5355 pag.
1414 5280 1485 5349 3433
1511 5285 1541 5337 et
1564 5279 1615 5336 lib.
1631 5297 1661 5349 a,
1675 5296 1742 5355 cap.
1758 5282 1803 5351 33,

977 5389 1005 5444 p.
1023 5372 1091 5440 itt;
1110 5371 1208 5428 caron.
1234 5370 1352 5437 Euseb,
1382 5369 1418 5425 ad
1447 5385 1516 5425 ann.
1533 5368 1712 5443 stagneam
1729 5370 1804 5429 Plio.

976 5457 999 5515 l.
1034 5476 1072 5526 vr,
1102 5476 1165 5532 cap.
1194 5460 1221 5530 9,
1250 5474 1317 5531 pag.
1347 5457 1423 5530 373.)
1449 5458 1633 5531 Quapropter
1655 5458 1806 5519 acatutm

977 5569 992 5597 ιι
1008 5565 1086 5603 unus
1103 5547 1240 5605 Italorum
1256 5570 1269 5597 a
1292 5546 1339 5602 his
1354 5544 1518 5620 appelletur
1531 5546 1676 5618 versibus,
1692 5546 1807 5621 quibus

976 5654 1065 5695 suum
1080 5636 1189 5697 librum
1203 5637 1230 5695 ei
1245 5636 1327 5694 misit
1338 5634 1560 5709 dedicavitquet
