3892 6104
125 296 207 359 soso
382 284 395 301 ‘
579 290 1345 359 raas11.-nncnnrtonuusxcussus.
1756 296 1839 361 soro
1942 254 1945 259 ’

122 427 179 486 tiat
191 425 309 483 Niosson
323 425 464 499 synodus.
479 426 580 498 ltaque
600 439 778 499 permagnus
793 429 823 481 et
850 424 947 480 admi·
961 424 989 491 Α
1004 424 1089 495 sime,
1101 424 1200 481 utsihi
1213 425 1338 496 videtur,
1354 431 1440 499 urget
1453 425 1586 501 exemplo
1603 427 1738 485 mulieris
1749 445 1836 487 rene·

121 514 225 573 rabilis
241 512 397 587 utrobique
409 530 766 587 personarnmrerumqne
782 515 950 570 concentus.
1006 511 1292 586 transactasque,
1314 530 1378 587 qus
1408 513 1518 572 multos
1546 514 1671 573 solemni
1700 515 1836 574 Ecclesia

120 605 162 661 Ad
185 602 340 661 cumulum
368 602 495 676 denique
522 608 555 658 nt
579 602 736 671 Victorem,
764 601 806 657 ita
828 602 951 674 Stepha-
1006 600 1100 656 torma
1113 601 1239 659 tinxerat
1254 620 1261 657 :
1278 624 1293 653 ι(
1309 608 1380 658 Cum
1397 603 1560 677 baptizaret
1579 621 1697 678 quoque
1713 604 1835 677 multos,

120 710 193 750 num
210 697 319 765 pertot
348 691 615 749 retrosaeculorum
645 691 798 748 volumina
825 707 949 747 summa
1005 690 1117 745 usitata
1129 694 1159 746 et
1173 690 1304 763 legitima
1319 693 1407 747 verba
1421 690 1661 766 interrogationis
1676 710 1835 766 usurpans,

120 781 309 840 admirationi
323 780 470 849 habitum,
486 782 620 837 omnium
636 780 839 853 procacissimi
864 795 951 835 nova·
1006 782 1038 832 nt
1049 778 1123 833 nibil
1139 780 1306 852 discrepare
1321 780 1357 836 ab
1370 780 1571 839 ecelesiastica
1599 783 1702 856 regula
1723 782 1835 841 videre-

120 874 200 928 torss
225 870 255 927 in
278 869 334 926 hao
355 874 486 926 extrema
512 877 675 941 temporum
700 870 768 925 lnce
796 868 951 941 denigrare
1005 870 1064 925 tur.
1080 867 1154 934 Quid
1170 869 1263 941 igitur
1278 869 1313 926 da
1338 869 1428 941 hujus
1458 871 1606 943 baptismo
1630 873 1834 946 dicemusque

119 975 246 1032 carpere,
275 960 359 1032 quasi
388 959 498 1016 auersis
527 960 644 1028 quidem
673 958 805 1031 vestigiis
824 962 951 1014 errasset
1005 957 1834 1036 nequissimnsdemonpermulierembaptizavitiNum·

119 1052 219 1105 tamen
241 1048 303 1121 ipsc
329 1048 448 1121 perinde
474 1065 508 1103 ac
533 1048 705 1120 CyprIanus.
727 1046 764 1103 Ut
792 1046 839 1102 hic
869 1046 949 1103 enim
1004 1045 1127 1117 quidet
1155 1047 1210 1103 hoo
1238 1046 1405 1119 Stephanus
1442 1052 1470 1104 et
1494 1050 1544 1121 qui
1576 1047 1618 1105 illi
1644 1050 1835 1109 consentiunt

119 1153 224 1194 omnes
240 1154 359 1209 prorsus
375 1137 493 1193 arcebat
507 1136 658 1193 hereticos
673 1155 690 1193 a
703 1135 793 1192 dandi
808 1134 948 1207 baptismi
1004 1134 1221 1207 comprobant?
1235 1136 1358 1192 Maxime
1373 1136 1420 1193 cui
1435 1138 1660 1211 necsymbotum
1668 1138 1831 1212 Trinitatis,

119 1230 284 1300 potestate:
301 1226 342 1281 ita
356 1225 414 1292 ille,
438 1230 470 1281 ut
498 1226 640 1297 garriunt,
669 1241 771 1281 omnes
795 1242 829 1283 ea
856 1226 946 1280 dona·
1003 1239 1056 1279 neo
1080 1224 1270 1297 interrogatio
1294 1224 1426 1299 legitima
1452 1230 1482 1282 et
1500 1225 1833 1286 ecclesiastioadeiuiti

118 1316 170 1372 bat
183 1315 459 1383 indiscriminatim,
474 1315 534 1371 sive
547 1314 688 1387 legitima,
718 1315 779 1371 sive
804 1314 949 1387 spuriaet
1003 1312 1101 1369 Potest
1124 1314 1202 1371 credi
1230 1319 1280 1370 ant
1305 1315 1439 1372 remissio
1471 1320 1658 1387 peccatorum
1686 1316 1833 1385 datarus

117 1404 242 1478 protana
258 1408 411 1460 uterentur
421 1405 449 1459 in
466 1403 606 1476 tingendo
622 1404 779 1460 verborum
809 1402 945 1459 iormnla.
1003 1401 1110 1459 lavacri
1142 1403 1281 1460 salutaris
1318 1405 1501 1477 regeneratio
1534 1405 1590 1461 rite
1613 1404 1750 1477 perlecta,
1779 1406 1832 1463 ubi

118 1495 219 1565 ltaque
230 1492 430 1566 propulsanda
443 1493 504 1549 heo
520 1495 615 1565 primo
630 1512 647 1549 a
671 1492 858 1550 sanctissimo
872 1509 948 1565 papa
1002 1491 1102 1548 omnia
1118 1493 1254 1565 quamvis
1270 1493 1305 1548 ad
1328 1492 1487 1566 imaginem
1504 1494 1646 1564 veritatis,
1666 1498 1765 1550 tamen
1780 1510 1833 1569 per

117 1585 149 1639 et
163 1586 290 1655 martyre
306 1580 463 1638 calumnia.
481 1582 556 1637 Tum
579 1581 781 1655 ingrediemur
809 1597 842 1637 ac
858 1580 946 1636 eliam
1002 1580 1164 1637 demonem
1177 1585 1262 1655 gesta
1277 1586 1348 1639 sunt
1361 1582 1376 1637 i
1391 1582 1453 1638 Nisi
1466 1587 1496 1640 et
1510 1584 1673 1640 damonem
1688 1583 1718 1640 in
1733 1584 1832 1641 nomi-

118 1688 240 1745 quoque
257 1672 495 1735 controversiam,
512 1670 564 1741 qui
579 1670 741 1744 Cyprianus
755 1671 792 1726 ab
808 1668 946 1741 Augusti·
1002 1686 1038 1727 ne
1067 1669 1161 1726 Patris
1187 1676 1216 1727 et
1237 1671 1315 1741 Filii,
1351 1676 1380 1727 at
1412 1672 1541 1744 Spiritus
1574 1672 1678 1744 sancti,
1702 1673 1830 1745 gratiam

116 1777 155 1817 no
170 1759 258 1832 culpa
271 1776 344 1832 pene
359 1759 514 1816 absolutus
530 1760 580 1825 sit,
611 1762 687 1831 quod
705 1759 1141 1860 anteconcilintbaptismi
1178 1761 1295 1818 dedisse
1336 1763 1519 1818 contendunt
1547 1762 1598 1836 qui
1624 1762 1828 1820 hereticorum

115 1848 281 1923 plenarium
298 1851 422 1906 necdum
433 1849 541 1905 veritas
567 1848 640 1904 satis
662 1847 791 1920 eliquata
816 1848 920 1903 luisset
935 1872 944 1918 ς
1001 1850 1148 1921 baptisma
1162 1850 1333 1908 detendunt.
1346 1874 1360 1901 n
1372 1854 1529 1925 Nelingere
1540 1852 1659 1925 quidem
1673 1852 1746 1909 mihi
1760 1868 1828 1925 pos·

116 1954 187 1995 aum
200 1938 279 1994 idem
292 1937 476 2010 Augustinus
486 1954 544 1993 una
559 1937 660 2009 primm
676 1936 756 1993 sedis
772 1937 946 1993 anctoritate
1000 1956 1068 1995 sum
1083 1940 1246 2013 quidquam
1259 1939 1307 1996 his
1322 1940 1462 2012 apertius.

115 2032 147 2085 st
160 2028 308 2084 sententia
323 2027 395 2083 alibi
405 2026 576 2100 Pelagianos
585 2025 736 2082 hereticos
752 2025 867 2082 abunde
879 2041 945 2097 pro·
1354 2092 1359 2103 Ι

117 2116 235 2175 nuntiet
249 2117 395 2173 coniectos
409 2132 484 2188 esse,
500 2132 554 2172 nec
570 2115 699 2189 plenario
715 2115 779 2186 jam
794 2131 867 2186 opus
882 2131 946 2171 ease
1231 2088 1278 2148 1¹¹·
1296 2093 1332 2147 Et
1347 2090 1420 2147 Μ
1433 2106 1469 2147 ⁶⁵⁶
1487 2090 1589 2149 mm·

117 2204 252 2263 concilio.

1000 2324 1227 2397 proderepergit
1253 2340 1288 2379 ex
1315 2324 1422 2380 Christi
1450 2323 1634 2381 invocatione
1661 2326 1828 2381 sanctitica-

117 2436 154 2493 ΙΙ.
172 2438 354 2493 Nonerrnsse
368 2434 538 2508 Stephanum
567 2437 597 2491 ia
614 2437 739 2491 omnium
752 2434 946 2491 hereticorum
999 2416 1063 2468 *⁰¹¹¹
1079 2412 1259 2484 initimum
1274 2413 1437 2486 ⁰¹⁸Cii³¹¹⁸s
1468 2413 1524 2469 ⁰5⁵5
1551 2430 1568 2469 Ε
1597 2413 1658 2470 Vim
1682 2412 1827 2470 ⁰⁸i¹¹⁰¹5⁰⁰
1924 2482 1929 2489 .

172 2508 307 2576 baptismo
322 2506 488 2580 recipiendo,
511 2507 648 2576 protatur
668 2524 704 2564 ex
723 2507 892 2564 Firmitiuno
1000 2500 1194 2557 exhiberetur·
1211 2525 1225 2551 «
1237 2502 1292 2557 Sed
1307 2501 1338 2557 in
1351 2501 1491 2572 multum,
1518 2502 1627 2574 inquit,
1642 2502 1758 2574 prolicit
1774 2518 1826 2558 no·

1000 2606 1067 2646 men
1083 2589 1189 2646 Christi
1204 2590 1240 2647 ad
1254 2590 1342 2647 fldem
1358 2596 1388 2647 et
1396 2590 1535 2663 baptismi
1547 2590 1829 2649 sanctificationem:

153 2683 373 2740 Hallncinatum
391 2700 459 2755 ergo
479 2688 508 2739 et
525 2684 621 2755 ipsum
647 2683 830 2756 Stephanum
855 2681 947 2737 inisse
1000 2678 1212 2751 etquicunque
1227 2680 1258 2735 iu
1283 2679 1401 2736 nomine
1429 2679 1537 2736 Christi
1559 2681 1726 2752 baptizatus
1741 2679 1831 2737 inerit

116 2773 149 2828 in
164 2774 299 2829 omnium
315 2772 521 2829 haereticorum
542 2773 688 2844 baptismo
703 2772 864 2845 probando,
880 2787 945 2841 per·
1000 2773 1198 2839 consequatur
1215 2768 1316 2824 statim
1333 2769 1459 2842 gratiam
1477 2767 1594 2825 Christi.
1623 2768 1829 2834 Quandobuio

115 2878 200 2933 aeque
215 2866 248 2918 ut
258 2862 434 2934 cyprianum
448 2861 478 2916 in
500 2861 633 2917 omnium
649 2860 839 2933 repudiando,
853 2858 946 2914 hallu·
999 2855 1062 2912 loco
1078 2856 1204 2912 breviter
1214 2857 1327 2913 occurri
1343 2866 1454 2930 posset,
1473 2862 1503 2914 et
1517 2857 1584 2923 dici,
1601 2858 1741 2929 quoniam
1756 2860 1782 2913 ai
1797 2858 1827 2913 in

1036 2236 1071 2291 lit
1085 2234 1164 2291 idem
1180 2235 1289 2291 ibidem
1305 2251 1423 2292 rursum
1435 2240 1464 2293 et
1486 2253 1541 2293 sua
1554 2242 1583 2294 et
1592 2236 1731 2307 Stephani
1741 2254 1830 2295 sensa
1916 2244 1920 2249 '

114 2949 274 3007 cinabundi
292 2950 453 3019 somniant,
480 2949 660 3021 eliciuntqne
678 2966 711 3005 en
737 2949 790 3005 hoc
813 2950 878 3019 ejus
892 2947 946 3003 de·
1000 2945 1120 3000 nomine
1130 2944 1239 3001 Christi
1257 2943 1350 3001 valuit
1364 2944 1436 3001 ioris
1451 2945 1598 3017 baptisma
1624 2945 1659 3001 ad
1675 2944 1825 3003 hominem
1918 2990 1921 2995 .

115 3040 480 3113 cretoapndCypriannm
498 3039 588 3095 relato
618 3038 808 3111 epist.7l:«
825 3036 854 3094 Si
878 3036 945 3109 qnis
1000 3033 1394 3106 purgandum3inajusdem
1409 3033 1515 3090 Christi
1529 3033 1649 3090 nomine
1661 3033 1828 3091 valereillio

114 3144 185 3199 ergo
215 3144 425 3200 aquaeunque
448 3127 551 3183 haeresi
576 3127 687 3183 venerit
715 3128 750 3183 ad
779 3143 843 3195 nos,
869 3116 943 3182 nihil
956 3164 980 3233 c
1000 3123 1095 3195 potnit
1116 3128 1145 3179 et
1169 3139 1276 3179 manus
1305 3123 1454 3194 impositio
1475 3122 1511 3179 ad
1541 3122 1744 3194 accipiendum
1763 3122 1827 3197 Spi-

109 3216 603 3289 innovetnr,nisiquodtraditnm
623 3221 678 3284 cst,
707 3222 739 3271 nt
768 3232 874 3272 manus
898 3214 941 3271 illi
998 3212 1088 3267 ritum
1103 3217 1249 3267 sanctum.
1267 3234 1281 3263 »
1298 3215 1372 3285 Ergo
1388 3212 1416 3267 id
1432 3211 1598 3283 Stephanus
1613 3211 1761 3284 baptisma
1774 3212 1828 3269 ad·

109 3306 288 3377 imponatur
308 3306 343 3362 ad
370 3305 572 3378 poenitentiam
596 3323 602 3373 ;
632 3322 698 3361 cum
728 3306 785 3377 ipsi
814 3304 941 3361 haretici
996 3299 1143 3367 mittebat,
1154 3299 1230 3372 qnod
1246 3300 1276 3356 in
1293 3300 1412 3356 nomine
1425 3300 1587 3369 Trinitatis,
1617 3300 1694 3371 quod
1724 3300 1755 3356 in
1773 3318 1827 3357 no·

109 3394 230 3467 proprie
246 3394 422 3450 alterutrum
440 3395 475 3451 ad
491 3410 522 3449 se
537 3394 686 3451 venientes
704 3411 762 3450 non
783 3394 941 3466 baptizent,
996 3389 1075 3445 mine
1088 3389 1196 3445 Christi
1223 3400 1451 3446 consecraretur.
1481 3389 1516 3445 lit
1544 3405 1661 3445 rursum
1689 3388 1824 3446 ibidem:

111 3484 164 3540 sed
183 3485 404 3539 communicent
418 3487 545 3539 tantuna.
561 3483 659 3539 »Nihil
671 3500 739 3556 crgo
750 3482 942 3553 discriminis,
995 3500 1011 3529 «ι
1025 3476 1069 3533 Ad
1097 3477 1167 3533 illud
1188 3482 1285 3533 sutem
1301 3477 1379 3549 quod
1408 3493 1461 3549 pro
1488 3476 1633 3533 hereticis
1667 3482 1781 3551 ponunt
1795 3482 1825 3534 et

109 3571 265 3644 inquiunt,
281 3572 487 3643 interponebat
501 3573 677 3644 Stephanus,
707 3575 735 3627 et
759 3571 942 3644 quibuscun-
996 3566 1090 3635 aiunt,
1119 3565 1284 3639 apostolum
1313 3566 1435 3633 dixisse,
1463 3566 1525 3622 sive
1554 3582 1606 3638 per
1628 3566 1824 3637 occasionem,
1938 3622 1941 3627 .

109 3677 170 3733 qne
180 3662 299 3717 demum
323 3660 429 3731 verbis,
444 3666 532 3717 etiam
561 3663 598 3718 nb
628 3659 800 3734 Euangeliou
822 3660 942 3717 veritate
996 3656 1286 3727 siveperseritatem
1301 3653 1436 3711 Christus
1453 3654 1682 3711 annuntietur.»
1703 3655 1825 3711 Antor-
1933 3702 1937 3709 .

109 3750 304 3807 alienissimis
315 3755 485 3807 consecrato
501 3750 705 3807 subscribebat
734 3750 891 3821 baptismo.
906 3750 943 3806 At
997 3744 1098 3800 multis
1116 3743 1257 3817 baptismi
1272 3742 1448 3799 adulterinis
1464 3742 1573 3815 quibus
1586 3742 1693 3800 Christi
1718 3746 1747 3800 et
1759 3742 1824 3799 'l'ri-

108 3838 257 3910 Stephano
272 3839 402 3912 primum
419 3840 595 3911 patrocinari
623 3839 691 3895 licet
706 3854 741 3895 en
755 3838 820 3910 ipse
839 3837 942 3894 Firmi·
997 3832 1099 3888 nitatis
1112 3832 1311 3889 ecelesiastica
1331 3832 1402 3889 sides
1431 3832 1677 3904 pniscindsretun
1688 3832 1824 3903 jactitas·

108 3926 185 3985 lieni
201 3929 420 3985 adversuseum
437 3928 547 4001 scripta
563 3929 597 3984 ad
615 3929 792 4001 Cyprianum
807 3927 940 3999 epistola.
996 3926 1041 3977 set
1055 3920 1220 3992 Stephanus
1235 3937 1301 3976 cum
1326 3920 1569 3992 astipulatoribus
1597 3921 1660 3976 suis
1674 3919 1824 3977 Christum

108 4016 148 4073 Ut
165 4016 396 4073 invictissimum
414 4016 540 4089 sitquod
568 4017 604 4071 nh
635 4018 698 4089 ipso
719 4016 942 4073 adversariovia
996 4008 1253 4066 annuntiariillle
1282 4026 1352 4065 sane
1381 4008 1511 4081 Apostoli
1540 4009 1622 4066 locus
1637 4008 1825 4080 predicantis

107 4105 170 4163 veri
190 4110 344 4178 extorquet
360 4106 574 4163 testimoninm.
604 4105 699 4161 Verba
724 4106 827 4162 122⁰
842 4104 943 4160 Firmi·
995 4097 1409 4155 vitiomonetnoniniuscari
1438 4114 1517 4154 sana
1543 4096 1757 4171 predicationis
1775 4112 1824 4153 va·
1933 4162 1937 4169 Ι

108 4193 411 4251 lianisunt:«lllnd
441 4194 749 4267 quoqueabsurdum‚
774 4194 852 4266 quod
883 4210 941 4249 non
995 4186 1122 4245 ritatem.

108 4287 218 4357 putant
233 4284 423 4356 querendum
439 4300 503 4339 esse
518 4282 585 4355 qnia
601 4283 639 4340 ait
659 4282 708 4340 ille
732 4284 782 4357 qui
812 4282 941 4355 baptiza·

108 4373 347 4444 verit3eoqnod
373 4374 423 4444 qni
451 4371 616 4444 baptizatus
645 4372 694 4442 sit,
720 4373 845 4445 gratiam
872 4387 941 4428 con·
1173 4393 1207 4446 v,
1231 4390 1294 4445 yyya
1313 4389 1457 4446 mmm
1470 4397 1643 4462 mmmm,

111 4460 200 4533 sequi
214 4460 342 4533 potnerit
357 4460 643 4516 invocata'lrinitate
664 4460 818 4516 nominum
835 4459 939 4530 Patris,

110 4554 141 4607 et
159 4548 233 4615 Filii,
249 4554 278 4605 et
291 4549 417 4621 Spiritus
433 4550 538 4605 sancti.
553 4550 669 4621 etquis
692 4554 737 4605 est
762 4550 791 4604 in
807 4530 980 4625 Ecclesich
1030 4553 1056 4608 Si
1072 4568 1139 4608 vero
1154 4551 1342 4608 admisesusa
1352 4551 1493 4607 Romanis
1508 4552 1822 4624 essetbaptismusim·

111 4638 260 4713 perlectus
273 4643 303 4693 et
317 4638 444 4710 sapiens,
461 4639 511 4710 qui
528 4639 580 4694 hoc
595 4645 644 4693 ant
660 4637 797 4694 defendat
811 4641 863 4693 aut
876 4654 938 4693 cre·
993 4641 1043 4713 pia
1057 4641 1156 4697 ms
1176 4645 1205 4695 et
1233 4638 1369 4695 heretica
1391 4639 1490 4713 aliqua
1515 4641 1669 4697 verborum
1708 4640 1803 4692 ermol

110 4724 173 4793 dat,
190 4727 267 4798 quod
284 4726 426 4782 invocatio
442 4726 503 4782 hac
528 4727 681 4782 nominum
707 4727 785 4782 nnda
814 4724 940 4782 suiiloiat
993 4728 1174 4802 profanatus,
1192 4729 1268 4784 hano
1284 4728 1411 4785 maxime
1428 4728 1572 4787 haereseos
1588 4728 1744 4787 iormutem
1754 4748 1822 4803 pro-

109 4815 148 4871 ad
160 4815 364 4870 remissionem
379 4820 565 4887 peccatorum
577 4820 606 4871 ct
619 4815 758 4887 baptismi
773 4815 939 4872 sanctifica·
993 4818 1128 4881 didisset,
1144 4816 1220 4873 hano
1231 4818 1409 4889 exagitasset
1425 4818 1614 4875 Firmilianus
1629 4818 1659 4875 in
1680 4824 1740 4875 tam
1754 4834 1823 4890 pro-

109 4904 326 4960 tionem‘lcum
348 4904 494 4960 hmctunc
523 4903 624 4976 utique
640 4904 803 4976 proliciunt,
828 4908 941 4960 cnmet
993 4906 1051 4963 lixa
1069 4906 1248 4979 epistolant
1275 4908 1315 4962 ita
1340 4923 1461 4978 prorsus
1484 4907 1638 4964 victoriam
1667 4912 1718 4963 ant
1742 4908 1824 4965 sose

110 4992 162 5065 qui
183 4992 312 5064 baptizat
328 4992 415 5049 habet
428 4992 569 5065 Spiritum
581 4996 730 5061 sanctum,
751 4999 779 5047 et
794 4992 941 5065 baptisma
993 4995 1176 5061 inclinasset,
1195 5000 1247 5050 aut
1268 4994 1417 5066 Stephano
1432 4994 1614 5052 extorsisset.
1635 4996 1689 5051 Sed
1706 5010 1774 5051 cum
1789 4994 1824 5051 il·

112 5097 231 5153 qnoque
246 5081 344 5153 ipsum
361 5098 419 5136 non
436 5082 475 5137 sit
490 5082 554 5137 sine
569 5081 677 5153 Spiritu
705 5082 908 5137 constitutum.
925 5102 939 5131 u
993 5085 1061 5141 dem
1076 5082 1303 5155 perfidissimam
1319 5084 1524 5141 haereticorum
1536 5084 1698 5140 insectetur
1712 5082 1756 5139 vir
1774 5100 1825 5141 us·

114 5170 189 5225 ilino
205 5169 302 5241 palam
322 5175 368 5225 est
398 5169 479 5226 illum
506 5171 625 5226 demum
650 5170 766 5243 probari
794 5172 941 5241 Stephano
995 5189 1170 5246 qneqnaquo
1185 5172 1387 5243 doctissimus,
1400 5190 1549 5246 nusquam
1565 5171 1728 5244 verbaipss
1741 5174 1827 5229 attin·

112 5259 272 5331 baptisma,
289 5260 367 5329 quod
389 5258 522 5314 invocata
535 5260 665 5315 Trinitas
691 5260 860 5325 sanctiticct,
893 5260 940 5315 ubi
995 5263 1037 5336 git
1052 5262 1087 5318 ad
1103 5261 1282 5333 baptismum
1312 5261 1568 5333 constuprandum
1592 5260 1629 5318 ab
1658 5258 1700 5317 eis
1720 5260 1824 5319 etiosa.

114 5346 259 5403 invocatio
277 5344 429 5402 nominum
446 5348 576 5403 sulliciat
584 5348 620 5403 ad
628 5348 829 5405 remissionem
842 5365 941 5419 pecca-
996 5354 1142 5418 Quorsum
1159 5356 1257 5405 autem
1270 5349 1444 5423 suggillaret
1459 5350 1623 5406 invocatam
1638 5346 1675 5405 ab
1692 5348 1825 5408 heretico
1937 5400 1940 5405 .

116 5440 215 5490 torum
233 5451 275 5490 :a
299 5436 468 5492 l'irmiliano
495 5442 592 5492 autam
621 5435 779 5492 desiderari
804 5442 944 5509 praterea
997 5456 1046 5497 ore
1067 5438 1240 5494 Trinitatem
1270 5446 1321 5495 aut
1351 5440 1538 5509 majestatem
1572 5438 1699 5507 Christi;
1725 5438 1826 5499 sileret

117 5523 192 5579 ntis
216 5524 266 5596 qui
296 5524 424 5596 baptizat
451 5525 561 5596 Spiritu
595 5529 696 5580 sancto
723 5529 880 5595 vegetatur.
911 5528 945 5582 lit
998 5534 1095 5584 antem
1111 5528 1264 5583 abeodem
1280 5528 1309 5584 in
1325 5528 1488 5600 Trinitatis,
1505 5528 1534 5583 in
1564 5526 1673 5585 Christi
1695 5529 1825 5589 nominis

117 5629 224 5670 rursus
237 5612 346 5669 ibidem
376 5613 562 5669 Firmiliauus
585 5613 767 5685 Stephanum
796 5614 945 5671 validissi·
1000 5616 1208 5675 contumeliam
1223 5620 1369 5674 eructatus
1384 5615 1540 5675 insanias?
