3892 6104
1734 236 1741 246 ”
1761 234 1824 301 350
1893 238 1920 310 ’,

108 372 209 449 paine,
231 370 264 429 id
288 376 337 431 est
357 372 461 431 morbo
483 372 627 449 graviore,
641 390 756 433 sanare.
769 372 834 433 lion
848 374 938 431 diasi-
951 379 980 448 Α
993 390 1059 433 sum
1069 372 1148 431 8⁸0
1157 388 1212 431 noa
1221 374 1391 431 damonum
1405 370 1482 429 cotio
1497 370 1593 445 [impr.
1608 368 1695 428 ooitio
1711 370 1769 445 (76)
1780 382 1824 435 rer
1839 330 1842 385 l

111 460 194 519 mdes
206 460 266 535 (73)
282 462 379 535 atqui
403 464 939 523 dearauaierasdavorantillitaset
994 463 1106 535 oonoio]
1122 462 1244 521 mentita
1258 468 1314 529 ast,
1337 466 1370 520 ut
1385 462 1509 535 gloriam
1522 458 1670 534 pudicitia
1683 460 1825 519 deformis
1878 444 1939 516 ’.ἶ

113 547 234 607 iniectas
253 564 372 618 eruore,
395 551 442 608 vel
467 552 607 609 membris
632 552 761 610 bominis
784 556 814 609 et
829 552 940 609 viscere
993 552 1123 610 inlamim
1146 552 1297 610 aversione
1321 552 1379 625 (77)
1393 552 1489 623 [impr.
1505 550 1706 624 adspersione]
1727 566 1825 607 maeu-
1903 562 1906 567 ·

114 638 271 713 sagiuata
296 639 387 697 Nobis
412 640 604 699 homicidium
629 658 683 699 neo
697 642 795 699 videre
813 642 869 709 ias,
884 658 938 699 neo
992 640 1074 710 leret,
1091 646 1124 698 ut
1137 646 1206 698 ante
1220 640 1402 715 exploratam
1426 640 1576 697 veritatem
1590 638 1725 696 homiues
1739 656 1758 695 a
1772 656 1826 697 no·
1926 648 1942 687 ’t

117 727 211 785 audire
233 728 313 799 (7();
336 733 510 801 tantumque
536 731 573 787 ab
588 731 718 787 bumana
733 732 936 803 sanguineos·
991 732 1047 799 bis,
1064 736 1174 787 terrore
1186 732 1244 803 (78)
1258 729 1385 786 infande
1410 728 1570 802 opinionis,
1596 732 1759 785 averteret:
1781 726 1825 785 sio

118 832 222 885 remus,
237 822 271 873 ut
288 832 340 873 neo
354 817 485 875 edulium
502 836 639 892 pecorum
654 820 712 893 (75)
725 822 756 877 in
776 820 850 877 cibis
869 836 936 878 san·
991 821 1049 893 ((6)
1064 822 1100 877 de
1116 820 1171 877 isto
1185 825 1216 876 et
1230 824 1301 875 tuus
1317 820 1423 875 Fronto
1439 818 1507 889 (79),
1524 820 1635 888 non,ut
1650 816 1822 887 aillrmator,
1906 882 1912 899 ι

121 906 231 979 lliuam
247 905 428 963 noverimne.
991 909 1194 965 testimonium
1217 908 1305 977 leoit3
1330 908 1379 963 sed
1407 905 1583 977 convicium,
1606 910 1637 960 ut
1652 910 1761 972 orator,
1776 922 1822 963 as·
1879 951 1882 957 .
1907 978 1922 993 Γ

408 1014 523 1071 CAPUT
545 1014 643 1072 xxxi,
992 999 1092 1073 parsit.
1106 999 1171 1055 ileo
1191 998 1270 1053 enim
1296 997 1394 1068 potius
1416 996 1452 1051 de
1477 994 1584 1050 vestris
1599 993 1737 1066 gentibue
1751 998 1822 1052 uota
1936 1032 1943 1040 -

127 1104 328 1159 laroma-uu.
345 1135 379 1145 -
395 1103 938 1163 Abamnietiamverisimilitudinetam
990 1084 1700 1161 liunt(²30l·³¹¹⁸e⁸l¹¹l>1¹d¹³⁰l⁵l⁸¹¹¹l⁵⁰iffi⁰¹¹¹¹¹
1720 1083 1821 1141 mlii·

154 1174 270 1229 alicnnm
294 1178 333 1231 est
356 1176 427 1247 qaod
452 1176 617 1232 Christianis
642 1180 779 1249 abjicitur,
799 1177 938 1249 pollutum
990 1178 1066 1246 bus;
1083 1177 1221 1249 AEgyptiis
1235 1182 1264 1231 at
1277 1175 1399 1231 Athonis
1414 1176 1481 1243 (81),
1498 1188 1564 1228 oum
1581 1172 1731 1229 sororibus
1745 1172 1817 1247 legi·
1903 1166 1935 1187 ⁸¹

157 1248 246 1302 baeda
260 1249 431 1311 consistam,
446 1263 530 1317 qnam
543 1252 646 1305 constat
661 1252 758 1306 imesti
771 1264 830 1306 reas
840 1266 937 1306 neaera
989 1267 1063 1325 sim,
1086 1265 1251 1323 connubia:
1278 1264 1424 1321 memori„
1448 1268 1477 1319 et
1496 1261 1643 1334 tragoediae
1658 1269 1759 1319 vostr„
1773 1260 1818 1319 (ῃ.
1930 1260 1940 1309 ,·

156 1332 202 1374 aste
214 1320 333 1389 perutiles
341 1338 353 1383 ;
368 1319 588 1377 Cirristianamm
610 1324 736 1377 conuiuia
750 1338 805 1377 nan
824 1328 937 1378 tontum

156 1388 259 1461 pedica,
275 1389 323 1444 sed
346 1398 372 1445 et
394 1392 499 1447 sobria.
525 1392 640 1447 Tantam
661 1392 777 1465 danim
800 1394 874 1449 abest
892 1395 936 1449 in-

990 1356 1079 1415 aestis
1093 1356 1149 1429 (((3)
1164 1353 1419 1428 gloriantur,quas
1434 1368 1485 1408 vos
1501 1350 1626 1407 libenter
1640 1356 1669 1407 et
1683 1351 1780 1425 legitis
1790 1353 1820 1409 et
1875 1341 1880 1352 ⁸
1901 1362 1910 1411 ἰ
1933 1360 1938 1372 ’

157 1460 335 1531 wgifflpfdo,
358 1464 389 1517 υ)
411 1462 556 1519 „omanis
578 1466 675 1521 rubo„-
688 1464 823 1521 simiam
835 1464 938 1538 pudica
992 1444 1120 1501 auditis:
1146 1442 1188 1499 sio
1210 1446 1239 1498 et
1266 1442 1335 1498 deos
1360 1438 1456 1497 colitis
1475 1438 1615 1505 incestos,
1631 1454 1699 1495 aum
1716 1442 1821 1509 matre,
1929 1471 1933 1479 ·

158 1533 314 1599 coniunctio.
989 1534 1058 1606 (83),
1074 1549 1141 1588 eum
1158 1530 1228 1598 sslia,
1245 1547 1312 1587 oum
1329 1545 1428 1587 sorore
1453 1528 1636 1599 conjunotos.
1653 1526 1822 1601 Moritoigi·

157 1618 182 1675 lit
193 1620 228 1675 de
243 1620 355 1676 incesto
371 1620 501 1679 convivio
526 1622 656 1679 fabulam
679 1624 820 1695 grandem
835 1626 936 1681 adver·
991 1626 1040 1679 tur
1055 1622 1198 1678 incestum
1215 1635 1363 1693 penesvos
1376 1633 1452 1691 saepe
1463 1615 1823 1691 deprehenditur,semper

832 1769 997 1831 variorum
1018 1774 1113 1831 natm.

133 1874 202 1933 aaa
228 1892 344 1933 samam
371 1894 453 1934 snam
481 1880 590 1935 bansta.
620 1882 738 1937 Sacram
765 1898 801 1939 ex
823 1899 879 1939 ma.
897 1886 1240 1967 estsstotiasperqotur.
1257 1884 1319 1940 tao.
1340 1881 1514 1949 Gronovius,
1539 1879 1589 1952 qui
1606 1876 1821 1951 putabatbaud
1912 1846 1942 1925 ’ἦ

131 1948 195 2021 vulgo
216 1964 337 2005 seruam.
370 1950 422 2006 Est
440 1957 538 2007 autam
562 1969 684 2017 socrum,
709 1954 897 2021 sacrificium,
914 1960 943 2011 et
995 1957 1253 2027 dubiesorrpsvsso
1278 1954 1439 2011 Minucium
1460 1954 1622 2015 accessione,
1638 1949 1821 2007 hauddubie
1877 2016 1881 2024 1
1920 2012 1923 2017 ,

132 2022 569 2091 aunissavademoultua,oui
593 2031 758 2097 operantes,
776 2025 943 2083 lacertoaet
996 2030 1113 2085 erravit.
1131 2027 1446 2084 lirum-Assentior
1467 2023 1724 2081 virodootissimo.
1741 2018 1821 2077 Sori-
1880 2074 1883 2081 .

132 2090 234 2149 braobia
248 2094 453 2151 cruentabant.
466 2096 614 2163 Lucanus,
631 2096 682 2152 lib.
699 2113 719 2167 1,
734 2112 809 2154 vars.
823 2100 889 2167 565,
996 2106 1095 2171 pserat
1105 2099 1211 2225 aliffuis
1222 2102 1364 2155 aversione
1374 2116 1381 2153 :
1393 2098 1461 2170 quia
1471 2095 1822 2170 aequiturvcrbumoaer·
1936 2144 1939 2149 .

190 2173 266 2231 Tum,
283 2186 351 2235 qrros
365 2174 444 2223 sectis
462 2174 571 2225 Bellona
587 2176 694 2226 lacertis
996 2176 1074 2229 teret.
1108 2174 1141 2227 Se

190 2234 267 2287 Sera
281 2242 381 2293 movet,
396 2238 517 2287 cecinere
533 2240 606 2288 deos.
733 2239 839 2289 cansn.
996 2246 1040 2299 lor
1059 2245 1183 2314 inspersit.
1205 2244 1346 2299 Lunensis.

1192 2176 1311 2245 praestat
1333 2172 1502 2243 aspersione,
1517 2170 1554 2224 ob
1569 2182 1695 2239 sequena
1708 2168 1740 2221 at
1752 2180 1821 2223 ara·
1910 2168 1943 2254 .ζὴ

126 2308 311 2363 -lierentur
327 2308 421 2363 notari
438 2324 504 2379 quse
518 2308 563 2363 vir
576 2309 682 2366 doetus
698 2310 727 2365 in
747 2312 862 2368 Miscell.
880 2310 941 2368 Obs.
1033 2315 1090 2387 (78)
1117 2317 1236 2371 Terrore.
1260 2318 1356 2383 Recte,
1376 2312 1400 2367 si
1425 2310 1684 2384 grammaticorum
1705 2306 1822 2381 regulas
1876 2324 1884 2337 ²
1922 2372 1927 2381 .

123 2376 234 2447 rollli,
258 2384 280 2434 t.
299 2378 335 2445 ll,
357 2395 386 2450 p.
410 2381 474 2445 22⁵,
499 2381 535 2436 ad
559 2396 624 2452 cap.
649 2382 666 2435 9
689 2382 753 2437 AElii
783 2383 942 2456 Larnpridii
996 2392 1122 2458 spectes,
1139 2387 1175 2441 ab
1191 2392 1362 2442 ileumauno
1378 2384 1497 2440 rescribi
1513 2392 1614 2451 terror,
1640 2382 1694 2437 boe
1716 2382 1817 2450 video;
1897 2443 1902 2452 ,

121 2447 278 2517 commod,
294 2450 416 2507 scribit:
433 2450 559 2509 Bellonae
572 2454 722 2510 servientes
740 2470 801 2509 aera
815 2471 942 2512 resecare
997 2473 1033 2512 an
1058 2458 1157 2524 atiani,
1181 2458 1205 2514 si
1229 2462 1354 2513 mentem
1382 2456 1520 2521 auctoris,
1545 2454 1656 2511 dubito.
1675 2452 1822 2509 Minucius
1852 2453 1855 2459 '

118 2518 256 2577 lracbt'um
278 2523 409 2595 pracepit
432 2524 524 2579 studio
539 2524 724 2581 crudelitatis.
752 2528 942 2584 casaubonus
996 2530 1100 2600 utique
1115 2529 1232 2602 scripsit
1247 2544 1350 2595 errare,
1380 2533 1409 2583 et
1432 2527 1523 2599 repeti
1547 2526 1601 2579 ἀπὸ
1621 2526 1717 2579 κοινοῦ
1731 2522 1822 2580 voluit
1936 2542 1939 2547 ·

117 2592 202 2649 ducit:
220 2592 349 2649 Observa
370 2610 470 2651 vooem
492 2611 573 2664 aere;
599 2612 668 2651 nam
686 2613 721 2653 en
735 2596 785 2653 illa
800 2598 942 2655 discimus
996 2601 1161 2657 demonum
1176 2602 1267 2657 coitio.
1284 2601 1356 2655 Nam
1372 2599 1457 2655 coitio
1471 2600 1636 2654 damonum
1652 2596 1755 2651 avertit
1769 2596 1821 2652 bo·

113 2662 943 2793 glerumquallctaetsimulataiuissetantumvulnera
996 2675 1092 2727 mines
1121 2690 1137 2728 a
1165 2672 1338 2729 Christianis
1368 2675 1476 2725 terrore
1506 2670 1632 2725 infanda
1659 2666 1836 2740 opinionis·
1908 2676 1914 2737 ᾖ
1939 2720 1944 2728 .

135 2736 356 2793 ellonarrorum.
394 2736 554 2795 Bellonaris
592 2739 694 2796 solitos
724 2740 815 2796 luisse
844 2758 943 2799 revera
996 2740 1822 2815 Pariscilicatjuradicerepossumznamosannsrattn

112 2808 419 2876 brachiasuasocare,
435 2826 470 2866 ea
485 2809 565 2866 mulla
580 2810 756 2867 testimoniis
771 2810 874 2884 liquet.
887 2820 941 2869 Sed
997 2816 1122 2870 baminas
1141 2832 1157 2869 a
1183 2819 1294 2883 aia-tata,
1317 2820 1423 2869 terrare
1442 2812 1623 2883 difficultatis,
1635 2812 1757 2869 mastrtit.
1775 2808 1818 2879 lit,
1932 2856 1936 2862 .

110 2880 270 2936 artiliciose
293 2880 349 2937 sibi
374 2880 448 2938 levia
471 2882 592 2938 vulnera
615 2882 734 2953 dabant,
760 2888 793 2938 ut
807 2884 878 2940 dicit
891 2886 942 2941 Se·
997 2890 1086 2942 terror
1099 2886 1540 2957 difficultatisbomineseuidutc
1553 2883 1663 2939 avertit.
1679 2882 1820 2937 Lrnorvan.
1921 2904 1924 2915 ·

108 2952 234 3009 neoade
261 2953 320 3007 l'ito
346 2952 433 3025 bata,
455 2954 580 3026 capit.
597 2958 657 3010 Hoc
678 2962 841 3011 monstrum
858 2957 945 3014 misa-
1034 2959 1091 3025 (78)
1120 2958 1189 3013 Tuas
1215 2960 1323 3014 l'ranta.
1352 2956 1392 3011 lix
1428 2953 1568 3012 vocabulo
1605 2957 1668 3009 tuas
1696 2949 1822 3009 Dollaus
1921 2964 1935 3019 ,·

108 3038 161 3080 roa
176 3022 245 3081 illos
256 3022 391 3081 homines
406 3026 528 3099 cogebat
543 3026 690 3099 profunda
699 3027 819 3083 vulnera
829 3030 942 3101 corpori
997 3028 1167 3099 exsculpere
1190 3028 1281 3085 voluit
1303 3026 1462 3083 ltinuoium
1479 3042 1605 3081 corvum
1621 3040 1686 3081 essa
1701 3024 1822 3081 Fronto·

109 3094 232 3151 inferre.
250 3100 388 3152 Lvsnsra.
821 3130 825 3139 ·
997 3101 1054 3166 nis,
1072 3108 1173 3156 contra
1188 3100 1409 3164 bellarminum,
1426 3098 1475 3167 qui
1492 3097 1628 3153 eumdem
1642 3095 1821 3153 Tertulliano

147 3166 206 3235 (73)
222 3172 282 3223 Nan
296 3168 457 3224 dissimiles.
474 3168 533 3225 lloo
547 3172 612 3225 est:
638 3170 684 3225 llis
707 3170 873 3226 Bettonoriis
886 3186 943 3227 nan
997 3172 1141 3242 juniorem
1159 3189 1224 3229 esse
1239 3174 1444 3229 alfirmaverut.
1467 3171 1521 3226 sed
1535 3168 1647 3224 fallitur
1661 3168 1705 3223 vir
1718 3174 1823 3225 cetera
1923 3168 1940 3195 ·'

112 3236 265 3294 dissimiles
278 3247 304 3295 et
318 3240 368 3295 itti
384 3241 442 3311 qai,
459 3245 512 3296 eto.
530 3241 669 3297 Lunnnsn.
956 3243 1112 3317 edoctus.
1136 3244 1209 3299 Nam
1235 3248 1301 3300 taras
1326 3260 1383 3299 non
1412 3242 1497 3298 modo
1522 3245 1702 3304 castaneam,
1727 3240 1822 3295 sedet
1924 3264 1935 3293 .-

147 3310 207 3381 (ll)
220 3310 273 3365 blec
296 3312 407 3367 andire.
420 3310 490 3368 Dela
512 3316 598 3384 turpe
619 3312 674 3368 boa
695 3312 940 3371 additamentum.
995 3318 1134 3371 cantricem
1160 3316 1280 3381 eiusdem
1301 3316 1445 3386 calipionis
1465 3313 1607 3379 asseclam,
1624 3316 1654 3367 et
1668 3312 1822 3383 qamnauis
1921 3338 1940 3356 -·

107 3380 207 3450 Nabis,
221 3381 315 3452 iuquit
342 3383 499 3449 lllinueius,
521 3384 699 3439 horribilibus
720 3400 771 3440 nea
785 3386 874 3441 uidere
886 3388 941 3457 sas,
995 3390 1089 3443 testem
1113 3389 1257 3445 sententie
1278 3401 1338 3443 sese
1358 3386 1507 3458 probandae
1529 3384 1640 3455 niteant,
1662 3381 1820 3455 significat.
1908 3384 1931 3437 '.

108 3452 140 3507 id
164 3457 220 3524 eat,
235 3469 271 3507 ue
284 3453 384 3509 videro
398 3456 527 3526 quidem.
545 3454 643 3512 Hsuu.
667 3486 700 3497 -
725 3457 800 3529 Lego
828 3458 940 3513 audere.
996 3458 1135 3515 Linonna.
1159 3489 1195 3501 -
1216 3458 1315 3514 Vides.
1341 3474 1430 3529 supra
1452 3460 1593 3513 annotata
1616 3456 1652 3510 ad
1672 3454 1820 3527 caputii.
1940 3456 1944 3464 '

108 3520 266 3595 objecerat
275 3524 355 3581 euim
371 3526 501 3583 Caecilius
515 3526 701 3593 Christianis,
717 3530 795 3599 quod
809 3528 886 3584 cede
897 3530 940 3585 in·
995 3530 1066 3585 Eoo.

110 3594 205 3651 lentis
221 3595 418 3653 initiarentur.
434 3598 508 3653 Huic
522 3596 679 3654 calumnie
692 3600 850 3671 respondet
860 3600 942 3658 Octa·
1042 3600 1088 3671 ((0)
1102 3602 1172 3657 ((ὀ(α
1186 3609 1261 3656 snat.
1278 3602 1353 3672 Lege
1366 3604 1435 3655 nato
1448 3607 1523 3655 stant.
1539 3601 1638 3653 linum.

108 3666 190 3733 vius,
214 3666 316 3724 dicens
336 3673 450 3724 tanturn
467 3670 570 3725 abesse
591 3675 623 3726 ut
637 3669 823 3727 Christianus
835 3673 941 3728 audeat
1042 3674 1088 3743 81)
1115 3674 1255 3745 AEpyptiis
1278 3680 1304 3727 ct
1327 3672 1450 3727 Albanas.
1476 3676 1548 3742 lege
1571 3668 1616 3725 vel
1641 3668 1777 3742 AEpyptt‘t's
1796 3674 1823 3727 et
1910 3644 1939 3742 ’ζ

109 3739 224 3821 effidem
247 3738 355 3805 faeere,
381 3745 414 3797 ut
437 3756 474 3796 ne
494 3742 602 3796 cadem
627 3740 747 3825 quidem
761 3744 861 3800 videre
884 3744 940 3799 sibi
993 3742 1027 3798 Δ(
1038 3744 1217 3801 caniensibus.
1234 3742 1278 3800 vel
1294 3744 1407 3815 AEpypti
1419 3745 1445 3825 ct
1458 3742 1582 3799 Albanis.
1599 3742 1739 3824 Lrannan.

107 3808 224 3866 bortum
239 3826 303 3867 essa
319 3816 411 3883 putet.
438 3816 559 3869 Possem
575 3813 710 3885 equidem
723 3813 777 3869 boo
790 3813 854 3870 loeo
869 3830 940 3871 oon·
1030 3816 1087 3886 (82)
1111 3817 1251 3873 derisoriae
1275 3820 1301 3871 ct
1327 3814 1469 3885 transactae
1491 3816 1590 3871 vastrre
1614 3815 1733 3869 incastis.
1762 3816 1821 3869 lla·

108 3882 305 3939 structionem
323 3883 400 3939 verbi
412 3883 590 3941 anderecum
602 3886 768 3942 accusativo
779 3885 939 3959 vindicare,
995 3888 1094 3941 morire
1109 3888 1218 3959 scripta
1240 3889 1268 3943 at
1290 3884 1356 3941 libri
1373 3890 1452 3951 sunt,
1468 3886 1577 3956 quibus
1592 3883 1742 3939 memoria
1757 3900 1821 3955 pro·

109 3950 170 4009 nisi
184 3954 311 4010 videram
328 3956 357 4011 id
373 3956 512 4011 omuibus
521 3956 583 4027 J'am
609 3955 711 4013 lexicis
734 3974 798 4013 esse
818 3958 938 4016 iactum.
993 3958 1093 4023 ditur;
1119 3959 1178 4015 aire
1203 3958 1381 4013 monimenta
1410 3956 1584 4019 litterarum.
1603 3964 1635 4011 ut
1650 3972 1740 4028 supra
1754 3971 1818 4027 cup.
1931 4001 1937 4011 .

108 4024 195 4079 Addo
211 4030 324 4081 tantum
341 4029 399 4081 duo
415 4026 492 4091 laea,
509 4027 646 4084 lactantii
662 4030 749 4085 instit.
761 4030 822 4085 Dia.
842 4032 938 4101 v1‚20‚
992 4030 1029 4085 7:
1051 4030 1148 4101 Specta
1170 4030 1203 4086 rie
1226 4031 1307 4085 libris
1328 4030 1483 4085 memorias.
1508 4028 1543 4083 Ε(
1566 4025 1678 4083 Gellius
1704 4025 1756 4081 lib.
1781 4042 1820 4093 rv,
1916 4036 1919 4042 '

108 4094 212 4153 25:³2·
223 4098 406 4154 homicidium
433 4104 526 4170 iacere
549 4100 723 4157 nullomodo
743 4100 939 4167 iicetnacin·
993 4115 1057 4171 cap.
1082 4102 1117 4157 e:
1141 4102 1173 4157 ln
1198 4103 1334 4158 alacritas
1356 4100 1498 4156 memoriis
1530 4099 1665 4169 scriptam
1692 4098 1819 4167 tepimns.
1917 4132 1939 4149 -.

109 4176 214 4223 teresse
227 4171 339 4225 omnino
353 4171 522 4226 conceditur.
541 4172 619 4227 ldem
636 4173 756 4243 lipitama
770 4174 831 4243 (ιν),
859 4190 937 4241 tarn,
993 4172 1074 4228 ldem
1090 4172 1425 4244 lib.v,eup.5ineunta:
1442 4172 1472 4227 tn
1487 4170 1566 4225 libris
1581 4178 1703 4225 aeteram
1720 4184 1821 4225 mama·

112 4238 150 4295 l:
164 4240 242 4309 Quod
253 4243 280 4297 si
294 4244 425 4297 imeresse
444 4243 555 4299 omnino
569 4244 681 4300 sceleris
707 4246 871 4301 canscientia
886 4254 937 4308 est,
992 4246 1100 4300 riorum
1116 4246 1313 4318 scriptumest.
1329 4242 1527 4299 Tertullianus
1551 4240 1681 4297 adsersus
1706 4238 1821 4297 iadaeas
1918 4244 1935 4255 ''

112 4312 239 4391 elucidem
252 4315 380 4385 tucanori
400 4320 536 4385 spectator
559 4315 705 4371 obstrictus
728 4318 778 4381 cst,
791 4317 837 4371 cai
850 4326 876 4373 et
890 4316 938 4373 aad·
991 4332 1056 4388 cap.
1070 4318 1103 4373 1:
1121 4316 1275 4373 Secundam
1293 4318 1503 4387 scripturaram
1524 4312 1684 4368 divinarum
1711 4326 1820 4368 naama·
1911 4338 1928 4389 ·'.

114 4396 306 4453 messarserpa
338 4388 365 4439 at
387 4386 416 4440 in
450 4384 495 4441 lis
517 4384 707 4455 pladialarnm
733 4389 854 4445 aediles
880 4404 937 4445 non
990 4390 1049 4443 rias
1060 4389 1179 4459 papatus
1191 4387 1349 4446 tedmarum
1365 4386 1467 4457 maiar,
1483 4384 1512 4439 id
1525 4389 1564 4440 est
1575 4384 1726 4455 aniiqrtiar,
1742 4381 1820 4441 ‹lere-
1906 4414 1910 4420 ·

112 4454 317 4581 woman
330 4456 511 4527 pertunditur
525 4460 573 4529 qui
586 4463 701 4532 spectat,
730 4476 812 4531 qnam
826 4460 875 4516 ille
889 4462 938 4533 qui
992 4459 1061 4585 uim
1074 4461 1141 4587 1)(ορ
1154 4460 1239 4587 iUdolis
1260 4460 1387 4587 mtvaeu'
1412 4462 1479 4585 Nor}
1492 4459 1537 4511 eet
1550 4471 1619 4585 {rgo
1634 4470 1731 4583 effigia
1745 4454 1821 4513 satis
1937 4474 1941 4480 ·

182 4566 190 4579 .
227 4544 255 4581 ns
277 4544 341 4582 naa.
990 4546 1008 4586 u
1038 4547 1105 4586 cum
1145 4572 1152 4586 .
1182 4546 1292 4587 rainae
1355 4544 1451 4585 osvero
1478 4544 1580 4584 ornat
1619 4544 1654 4584 su
1707 4544 1820 4585 samua.

151 4594 206 4669 (75)
219 4598 357 4654 idatium
369 4614 508 4670 pecorum.
524 4599 628 4657 Edutia
642 4616 742 4672 pecora
765 4605 849 4658 vocat
871 4602 936 4675 qui·
951 4622 975 4689 D
990 4600 1161 4658 Carmelus.

117 4664 171 4723 bus
182 4668 257 4725 vesei
277 4669 397 4738 licebat,
421 4671 463 4727 uti
490 4671 636 4728 lloratius.
653 4672 704 4728 lib.
725 4690 756 4729 n.
772 4674 830 4730 Sat.
847 4675 874 4741 l,
890 4676 934 4741 (3,
1027 4674 1083 4745 (83)
1100 4673 1167 4729 Cam
1189 4676 1287 4728 matra.
1311 4672 1412 4728 iovem
1438 4669 1569 4741 respicit,
1594 4669 1641 4726 cui
1664 4670 1740 4727 tuno
1766 4670 1821 4729 luit
1909 4674 1941 4707 ’-

117 4736 203 4795 edules
229 4740 301 4797 dixit
321 4758 447 4811 capreas.
481 4742 680 4799 Tertullianus
708 4744 787 4802 dal.
816 4762 879 4817 cap.
907 4748 935 4816 u,
989 4751 1016 4800 st
1030 4760 1107 4801 saror
1120 4748 1147 4801 et
1160 4746 1274 4815 conjnx,
1290 4754 1322 4800 ut
1341 4743 1369 4800 lo
1393 4742 1474 4799 uitur
1488 4740 1640 4815 Virgilius,
1656 4744 1720 4799 AEn.
1736 4743 1818 4809 ι,5(.

116 4814 202 4893 rorat,
226 4812 327 4883 epulas
354 4815 519 4898 esculentas.
545 4822 575 4871 et
599 4814 711 4873 Plinius
726 4762 776 4871 lb.
792 4818 853 4885 vrit,
870 4832 934 4890 cap.
990 4814 1046 4897 Sed
1069 4816 1124 4871 baa
1144 4820 1246 4898 notum
1272 4820 1337 4883 est;
1362 4760 1393 4871 ill
1650 4886 1656 4897 ι
1794 4886 1799 4895 Ι

117 4876 159 4939 bo.
171 4886 307 4939 esculenta
322 4886 470 4941 animalia.
487 4890 585 4943 lisura.
989 4903 1065 4943 rrum
1081 4904 1179 4960 regem
1194 4894 1285 4944 ustum
1300 4888 1421 4943 deorum
1438 4902 1504 4942 oum
1518 4892 1707 4943 matraetvam
1717 4888 1747 4939 et
1758 4884 1821 4941 tilia

120 5018 126 5030 ι
150 4952 203 5023 (75)
217 4953 311 5011 Caitia.
328 4960 381 5013 lla.
397 4959 476 5013 catio.
493 4958 555 5013 Scri
578 4962 657 5014 serat
680 4958 827 5015 Minucius
841 4961 933 5031 coitio,
989 4975 1050 5016 rem
1067 4959 1225 5029 babuisso;
1243 4976 1332 5032 quam
1348 4960 1386 5014 ob
1397 4958 1819 5025 oausamtaeentinterprates‚

118 5020 145 5075 nl
162 5030 204 5081 est
230 5026 327 5095 laclia,
357 5028 534 5097 conspiratio
559 4976 576 5085 l

117 5094 183 5151 testa
197 5096 379 5165 lleumauno,
395 5100 483 5157 bubat
495 5104 598 5160 cancia.
987 5101 1060 5159 tium
1077 5109 1147 5160 sunt
1162 5104 1329 5177 stupefacti.
1345 5103 1415 5173 Nos,
1431 5103 1509 5175 quaid
1525 5100 1667 5165 diximus,
1685 5103 1816 5153 veterum

150 5168 202 5237 (77)
227 5170 383 5238 iaersiane,
422 5172 557 5228 Rescribe
593 5172 781 5245 adspersione,
818 5173 874 5239 vel,
901 5179 934 5232 ut
986 5175 1165 5233 testimoniis
1184 5176 1384 5232 ostendemus.
1407 5174 1541 5230 Glemona
1565 5168 1645 5226 Alex.
1674 5170 1814 5295 Protreft.

1397 4816 1436 4871 ud
1457 4830 1525 4871 vero
1550 4831 1608 4870 non
1623 4814 1674 4881 ita,
1690 4812 1821 4887 proleta-
1919 4836 1923 4843 ·

572 5030 685 5086 lenanu.
711 5062 746 5071 -
775 5031 932 5103 liam.ed.,
988 5047 1045 5087 non
1061 5032 1152 5099 euim,
1168 5036 1201 5087 ut
1222 5037 1302 5105 puto,
1326 5030 1447 5088 sceleris
1462 5026 1664 5101 maguitudino
1679 5026 1715 5083 ad
1731 5025 1820 5083 silon·
1903 5016 1933 5057 '³'

118 5238 243 5297 monachi
269 5243 449 5310 scribebant,
463 5246 630 5315 aspersione.
646 5250 687 5300 Ac
702 5246 743 5300 ita
754 5245 817 5313 jam
833 5262 932 5303 emen·
986 5262 1016 5318 p.
1031 5246 1118 5313 ab:
1135 5250 1224 5315 Δηοῦς
1243 5243 1272 5303 et
1297 5245 1434 5320 μυστήρια
1456 5242 1501 5297 καὶ
1527 5240 1588 5301 Διὸς
1610 5236 1680 5315 opit
1710 5258 1815 5313 μητρα
1909 5312 1913 5319 ,

118 5306 186 5366 davil
201 5312 354 5371 Wovarus.
369 5317 456 5373 Corn.
472 5316 568 5388 Nepos
583 5316 614 5372 in
630 5316 784 5386 Alcibiade,
815 5334 878 5400 cap.
903 5319 930 5387 3,
985 5318 1133 5395 Δήμητραν
1164 5314 1317 5395 ἀφροδίσια(
1347 5313 1514 5387 oupnluast.
1542 5310 1686 5439 Athena?
1715 5316 1814 5383 unct.

115 5378 147 5435 6:
171 5386 372 5457 isperpcbatnr
395 5388 481 5443 etiam
504 5389 634 5458 infamio,
659 5390 744 5461 quad,
760 5392 814 5443 eto.
832 5388 930 5445 Cicero
982 5406 1033 5462 pro
1050 5390 1164 5460 Christ,
1179 5406 1206 5447 o.
1221 5392 1276 5446 27:
1292 5390 1367 5464 Χρῆν
1384 5385 1407 5441 d‘
1422 5383 1554 5445 assate...
1572 5382 1614 5437 liv
1639 5392 1688 5440 Δα
1710 5402 1813 5457 μεμισ-

114 5448 358 5537 oret-pradalia,
372 5474 438 5531 eap.
456 5459 506 5515 lb:
528 5462 613 5516 istius
624 5460 694 5533 sacti
708 5476 762 5516 nan
776 5460 855 5516 mado
868 5477 929 5517 sns-
983 5459 1077 5529 natvm
1108 5459 1138 5515 ta
1173 5461 1278 5535 μητρὸς
1308 5458 1355 5531 μὶν
1386 5456 1470 5526 Ῥέας,
1500 5454 1634 5531 θυγατρὸς
1664 5453 1693 5513 δ(
1722 5454 1818 5531 Κόρης

113 5524 223 5605 (ζῆσαι,
251 5528 299 5585 sed
327 5546 364 5585 ne
390 5532 512 5602 infamia
540 5532 660 5602 quidem,
680 5536 720 5589 est
734 5548 869 5603 aspersus.
886 5533 929 5587 Si·
982 5530 1167 5601 πιπκιδοποιη
1194 5532 1263 5587 (νον.
1281 5533 1360 5588 ldsm
1377 5548 1441 5599 cap.
1460 5530 1494 5585 (6
1509 5532 1653 5585 memorat
1678 5528 1821 5605 θυγατέρα

114 5594 213 5654 militer
226 5598 346 5657 Curtius
360 5618 388 5665 n.
404 5602 449 5671 10,
466 5603 518 5659 (ὃς
545 5603 617 5671 Qnas
641 5620 736 5659 rumor
762 5614 927 5675 asperserat.
982 5608 1031 5659 τοῦ
1045 5603 1107 5665 Διὸς
1123 5604 1157 5673 ἢν
1172 5552 1203 5657 {rx
1216 5610 1267 5673 τῆς
1284 5602 1389 5677 μητρὸς
1404 5597 1478 5663 'Piae
1493 5602 1511 5671 ἡ
1527 5607 1626 5673 Aspar
1646 5598 1677 5663 d<
1698 5596 1820 5657 (παιδο-

114 5662 218 5729 tanus
244 5670 343 5730 Cicero
370 5672 515 5759 omnm.
540 5674 680 5759 Vatinium
706 5691 781 5761 esp..
805 5674 926 5760 ultimo:
981 5674 1127 5745 ποίησατο.
1151 5678 1222 5733 Rem
1245 5675 1356 5749 prolixe
1377 5678 1479 5735 narrat
1498 5678 1529 5732 et
1551 5620 1698 5733 emollius
1712 5672 1766 5733 lib.
1786 5688 1820 5745 v,
1909 5668 1936 5741 '2

112 5734 320 5816 Reuertar
329 5744 620 5819 semmamdmnatoie
633 5746 708 5805 lobes
735 5748 813 5807 attans
834 5748 927 5819 diana·
981 5762 1048 5823 pag.
1064 5749 1127 5822 ¹70,
1143 5763 1190 5824 sq.
1205 5746 1304 5809 strs.
1904 5765 1908 5769 ·
