3892 6104
112 286 170 351 att
596 284 850 349 bttvautblttts
871 286 1105 349 amissurus
1127 288 1332 353 ROMANUS.
1761 280 1821 347 8111

148 416 179 473 3ο
192 416 303 473 Nomen
323 420 409 473 sactae
426 418 512 489 ,juxta
540 418 763 489 grammaticam
791 418 935 491 originem
951 426 976 493 Α
991 418 1190 479 nouolusionis
1208 420 1404 479 communiter
1426 420 1457 476 in
1495 418 1627 475 lavarem
1646 414 1820 474 Latinorum

114 506 202 565 hahet
230 523 285 563 nou
316 524 333 561 a
359 507 518 574 donatiano,
549 508 599 563 sed
629 508 727 579 petius
769 526 786 563 a
822 511 936 576 Nouato,
993 512 1022 565 et
1049 510 1191 567 invidiam
1218 510 1381 567 Grncoram
1405 508 1468 566 lteri
1496 506 1695 575 consueverit,
1723 508 1821 563 nostra

115 611 206 669 qnam
216 596 448 653 observationem
463 600 491 651 S.
509 597 693 669 Augustinus
704 598 733 653 in
763 596 866 654 ultimo
889 615 940 654 sn·
994 598 1121 671 proiecto
1132 600 1269 673 opinione
1283 599 1325 657 Cl.
1339 600 1504 655 Lardnerus
1519 598 1592 655 satis
1608 594 1703 653 solide
1725 594 1819 665 evicit,

114 702 169 759 pra
182 686 308 741 adducto
323 684 386 741 loeo
400 685 555 741 confirmat
570 712 577 753 ;
590 687 636 743 oui
650 691 748 743 tamen
764 686 812 742 alii
829 687 858 742 in
874 686 939 759 hoc,
994 704 1058 744 cam
1071 688 1297 761 applicationem
1312 693 1389 744 recto
1415 688 1518 743 inverti
1542 703 1629 761 posse
1646 702 1653 753 ;
1671 701 1730 741 uon
1745 700 1819 753 uero,

114 775 362 848 quomadmodum
378 774 606 847 infradicemus,
624 778 836 832 contradicunt.
995 778 1071 849 qrrod
1087 778 1128 833 ita
1142 778 1205 833 lieri
1232 779 1353 846 debeat;
1370 776 1462 833 altera
1488 775 1638 833 conclusio
1667 775 1729 829 haec
1750 775 1819 829 est:

150 866 181 921 1ο
193 864 328 920 Nominis
355 866 452 921 b'ouutr'
474 866 610 937 frequens
640 866 716 937 apud
747 866 881 937 antiquos
908 866 942 921 llt
995 864 1648 941 anteponesutramquepartemestvaritas.

114 956 236 1021 mentio,
252 954 384 1027 ittntque
400 956 587 1012 notissimum
601 956 770 1025 ,Novatiani
785 974 851 1013 vcro
861 973 941 1029 pror·
1029 961 1169 1013 Ceterum
1182 958 1337 1013 observatu
1353 956 1476 1027 dignum
1489 950 1680 1027 est,quodGl.
1696 952 1821 1008 Lardnc·

114 1062 167 1103 sus
181 1062 250 1101 non.
995 1063 1044 1101 rus
1056 1046 1102 1101 hic
1113 1052 1253 1103 annotare
1270 1046 1437 1116 neglexerit,
1455 1044 1565 1116 pluries
1580 1045 1645 1115 jam
1670 1040 1821 1107 accidisse,

151 1135 191 1191 td
208 1134 413 1206 objectionem,
438 1134 514 1205 qurod
530 1134 690 1207 Cyprianus
719 1140 817 1191 tamen
833 1135 941 1207 ubique
994 1135 1071 1192 8011
1087 1136 1275 1207 quodnomen
1289 1134 1415 1206 alicujus
1426 1149 1554 1206 personae
1570 1132 1687 1187 diuerso
1698 1128 1822 1185 modain

115 1224 389 1297 lorepresbyterum
405 1223 570 1279 Romanum
598 1225 780 1280 donatianum
800 1224 940 1293 nominet,
995 1224 1114 1297 seriptis
1142 1224 1331 1296 antiquorum
1360 1223 1534 1279 offendatur.
1573 1221 1622 1277 Sic
1653 1222 1698 1289 (ut
1727 1216 1824 1289 aliqua

116 1314 274 1386 respondet
300 1312 475 1381 Larduorua,
493 1315 582 1385 qnod,
607 1314 677 1385 quia
691 1312 941 1386 Carthaginiensis
996 1313 1085 1385 hujus
1100 1312 1141 1369 roi
1156 1313 1292 1385 exempla
1308 1310 1499 1383 adducamus)
1520 1314 1689 1366 antecessor
1703 1306 1824 1364 Cornelii

116 1402 206 1475 hnjus
221 1401 348 1475 episcopi
366 1401 652 1469 multuruintererat,
664 1402 940 1477 presbyterumCar-
996 1402 1162 1459 nouaclum
1179 1403 1256 1476 apud
1276 1401 1407 1471 Latinos,
1436 1401 1486 1457 sed
1515 1398 1642 1465 Grecos,
1669 1396 1823 1452 Eusebium

115 1491 330 1565 thaginiensem
345 1493 482 1548 lieentum
496 1498 635 1563 tanquam
664 1494 843 1566 precipuum
863 1491 940 1548 schi·
995 1491 1106 1548 scilicet
1120 1492 1191 1564 (16),
1209 1490 1355 1547 Fabianus
1370 1506 1378 1559 ;
1395 1494 1423 1545 et
1434 1488 1592 1562 apudalios
1602 1484 1824 1544 Grecosl'auia·

115 1580 221 1638 amatis
236 1585 383 1636 auctorem
400 1582 564 1653 designare,
589 1582 940 1638 (reconsilioltomanum
995 1598 1051 1638 nus
1066 1585 1186 1637 vocatur
1199 1582 1266 1653 (17).
1283 1580 1319 1635 nt
1329 1581 1392 1650 Jam
1422 1579 1458 1633 ab
1482 1577 1613 1648 antiquis
1643 1574 1821 1648 temporibus

115 1669 296 1727 Nouatiunum
330 1668 527 1741 appellaverit,
557 1675 588 1726 ut
624 1671 728 1727 exinde
764 1672 940 1738 ostenderet,
995 1675 1098 1727 auctor
1110 1669 1319 1726 llanicbniami
1345 1685 1403 1724 non
1414 1668 1510 1724 solum
1525 1670 1636 1735 Manes,
1654 1664 1709 1721 sed
1733 1662 1819 1719 liaui-

116 1774 183 1815 eum
200 1762 371 1815 sectatorem
387 1759 478 1815 luisse
490 1762 595 1816 inaurati
607 1759 868 1833 Carthaginiensis.
995 1760 1092 1817 chuus
1120 1775 1235 1831 qunque
1258 1757 1437 1813 nominatur.
1449 1754 1653 1812 Notumetiam
1670 1756 1720 1809 est
1733 1751 1818 1807 omui·

152 1846 202 1903 ΙΙΙ.
219 1851 258 1901 De
273 1846 327 1901 hae
345 1846 542 1903 Lardneriana
557 1849 694 1921 opinione
710 1849 771 1904 haec
795 1847 942 1904 monenda
997 1850 1061 1920 bus,
1078 1849 1265 1905 Lactantium
1290 1847 1377 1902 modo
1391 1844 1519 1912 cellum,
1537 1843 1625 1900 modo
1650 1839 1816 1907 Caecilium,

116 1952 181 1993 asse
193 1936 343 1993 duximus.
365 1936 506 2005 Primum,
532 1939 610 2010 qnod
636 1938 839 1995 controversias
853 1942 942 2011 caput
996 1944 1144 1994 auctorem
1155 1937 1227 1993 vua
1241 1938 1270 1993 S.
1288 1934 1445 2008 Augustini
1461 1950 1539 1990 nune
1555 1931 1735 1997 Possidium,
1747 1944 1813 1985 nunc

116 2029 239 2098 spectat,
263 2024 397 2081 videntur
426 2027 510 2082 nobis
539 2027 579 2083 Cl.
604 2028 742 2085 Lardneri
771 2032 944 2101 argumenta
997 2027 1204 2084 possidonium
1228 2025 1415 2083 vocaritaut
1430 2023 1536 2080 ultima
1561 2019 1814 2079 nomenclaturae

116 2114 195 2171 haud
222 2114 294 2170 satis
321 2114 492 2183 decretoria,
520 2120 549 2171 et
578 2118 827 2190 preponderantia
854 2133 942 2185 esse;
998 2116 1182 2189 Schoetgeuio
1198 2119 1339 2187 tanquam
1367 2129 1489 2171 erronea
1509 2111 1742 2185 reprehendatur
1756 2107 1810 2179 (11).

117 2220 186 2260 nam
203 2207 397 2276 preterquam
412 2205 487 2276 quod
501 2203 587 2261 allata
603 2207 685 2274 ratio,
704 2224 756 2263 cur
774 2207 804 2263 S.
827 2206 943 2279 Cypria·
999 2206 1074 2263 l'iari
1098 2206 1197 2277 itaque
1221 2203 1306 2261 laoile
1334 2203 1438 2277 potuit,
1471 2202 1550 2274 quod
1584 2199 1664 2257 cirea
1693 2197 1811 2255 homines

119 2308 178 2349 nus
190 2292 298 2360 virum,
314 2293 364 2364 qui
380 2292 453 2348 alias
468 2293 618 2351 dicebatur
641 2295 780 2363 Novatus,
806 2295 945 2353 continuo
999 2296 1117 2353 aliunde
1131 2294 1211 2351 haud
1224 2292 1334 2351 illustri
1348 2293 1411 2351 loco
1427 2296 1511 2349 natos
1526 2290 1556 2346 in
1575 2306 1632 2346 usu
1650 2286 1738 2344 luerit
1751 2290 1811 2343 utro

27 2402 30 2407 ·
119 2380 314 2438 Nouatinnum
329 2381 491 2455 appellarit,
502 2384 709 2457 quinunqunm
723 2402 809 2442 suum
827 2400 945 2459 permu·
1000 2403 1057 2460 que
1072 2385 1158 2441 modo
1173 2400 1275 2441 acrum
1303 2399 1410 2439 nomen
1436 2386 1499 2438 tum
1526 2374 1748 2453 pronuntiandi,
1762 2380 1810 2431 tun

119 2470 174 2529 tati
188 2470 317 2527 nominis
331 2471 487 2528 eonsilium
498 2473 670 2546 indigitant,
686 2475 764 2531 haud
776 2473 945 2532 verisimilis
1001 2474 1159 2546 scribendi,
1185 2477 1273 2545 atque
1310 2471 1389 2544 quod
1419 2468 1572 2528 Cornelius
1610 2470 1638 2524 et
1666 2464 1809 2539 Cyprianus

10 2632 14 2639 Ι
122 2558 544 2634 sit,nonsolumCyprianus,
562 2566 611 2620 sed
633 2564 946 2637 ipsequoqueCorno·
1001 2564 1150 2633 integrum
1174 2576 1281 2617 nomen
1305 2576 1340 2615 ao
1367 2558 1518 2615 lubentius
1547 2552 1733 2624 retinuerint,
1747 2548 1808 2621 quod

122 2648 191 2715 lius,
209 2648 259 2720 qui
273 2650 350 2704 inter
363 2666 465 2707 omnes
494 2653 539 2708 sui
556 2654 724 2719 adversarii,
740 2662 767 2709 ot
782 2652 879 2711 riualis
895 2668 947 2709 no·
1003 2652 1118 2710 lucilius
1134 2655 1222 2723 atque
1244 2648 1409 2706 accuratius
1437 2646 1542 2703 exinde
1564 2644 1659 2701 ambe
1687 2654 1807 2715 persona,

122 2754 190 2793 men
207 2738 315 2810 optime
332 2756 417 2795 nessa
431 2741 686 2813 debuerat‚auisin
702 2742 834 2817 epistolis
849 2740 948 2799 latinis
1004 2744 1132 2801 Necatus
1147 2740 1259 2796 scilicet
1274 2756 1307 2795 ac
1321 2738 1510 2804 Novatiauus,
1528 2736 1767 2791 discernerentur.

123 2826 223 2901 ipsum
238 2826 346 2899 pariter
360 2830 552 2907 Nouatiannm
568 2849 684 2907 semper
698 2830 950 2900 norninavit;ubi
1040 2832 1137 2890 Tertio
1155 2832 1274 2887 domum
1294 2830 1495 2895 observamus,
1525 2826 1603 2899 quod
1633 2841 1670 2881 ex
1692 2816 1807 2879 tardum

124 2916 220 2975 adhuc
235 2920 337 2973 notatu
353 2919 476 2992 dignum
491 2922 569 2992 quod
584 2922 615 2978 in
638 2940 732 2997 graeca
746 2920 869 2995 epistola
883 2922 951 2977 Cor·
1005 2920 1310 2979 animadversionibus
1325 2918 1471 2975 euidenter
1482 2919 1624 2989 patescat,
1644 2928 1737 2986 nequa
1749 2907 1807 2966 tui·

124 3004 246 3063 nellind
267 3006 389 3064 Fabium
418 3010 642 3084 antiochenum,
667 3013 753 3085 cujus
767 3010 951 3068 luculentum
1005 3003 1727 3069 noadiscrimenintarNovatumetliovatianum
1747 3012 1806 3055 mu·

8 3158 12 3165 ,
125 3096 323 3169 fragmentum
344 3098 428 3155 nobis
452 3102 633 3157 conservavit
659 3102 815 3168 Eusebius,
844 3116 951 3157 nomen
1007 3100 1252 3175 parohaervusso,
1270 3101 1336 3153 utut
1364 3094 1617 3153 arec-antiorihus
1645 3084 1807 3149 latinissori·

126 3184 216 3257 hujus
226 3185 280 3241 viri
296 3204 446 3261 nunquam
463 3196 597 3247 occurrat
612 3209 619 3259 ;
637 3192 735 3248 adhuc
750 3192 847 3263 potius
870 3188 948 3245 acci·
964 3163 986 3231 G
1005 3190 1138 3264 ptoribus
1146 3188 1298 3244 laudatum
1309 3185 1467 3243 discrimen
1475 3189 1536 3240 tam
1544 3181 1647 3241 sedulo
1659 3178 1806 3273 inculcetur,

126 3274 194 3332 dare
207 3276 311 3347 potuit,
326 3278 402 3348 quod
415 3277 505 3334 Graeci
523 3279 697 3336 vocabulum
711 3281 883 3339 Noruatianua
898 3294 950 3351 pro
1006 3278 1084 3352 quod
1101 3276 1241 3333 nimirum
1256 3275 1412 3332 enduohus
1423 3271 1668 3347 illispresbyteris
1681 3266 1805 3327 Nouatianr

126 3363 235 3439 aliquo,
252 3365 288 3422 ab
306 3365 377 3423 alias
408 3372 475 3425 noto
499 3373 528 3425 et
555 3370 673 3443 proprio
698 3370 816 3426 nomine
832 3374 952 3427 Necatus
1006 3366 1176 3425 schismatis
1192 3364 1392 3438 antesignanis
1419 3360 1672 3435 Carthaginiensis
1693 3360 1805 3422 Nouatut,

127 3455 216 3523 dicto,
248 3460 335 3528 atque
373 3461 457 3513 secta
487 3459 604 3515 nomine
633 3460 762 3515 derivato
784 3457 951 3524 habuerint,
1007 3458 1156 3515 Romanus
1169 3472 1236 3512 vero
1248 3453 1428 3511 Novatianus
1450 3452 1594 3508 dicendus
1621 3451 1671 3507 sit.
1699 3448 1755 3505 Hae
1775 3438 1805 3499 ul

127 3560 160 3600 ac
184 3543 288 3600 exinde
309 3545 345 3599 ud
374 3547 552 3602 credendum
578 3549 688 3605 inducti
715 3549 831 3613 luerint,
856 3547 951 3602 uirum
1006 3548 1079 3603 tima
1102 3544 1277 3613 observatio,
1306 3560 1369 3616 quaa
1398 3558 1432 3599 aa
1462 3540 1670 3597 Dissertationo
1696 3529 1804 3595 muneri

127 3630 211 3688 illum
227 3636 361 3690 nouatum
384 3636 560 3707 appellatum
592 3637 693 3706 luisse,
714 3637 784 3710 quin
801 3641 953 3709 propteroa
1008 3636 1135 3709 primum
1151 3634 1242 3691 menti
1257 3638 1362 3692 nostra
1377 3631 1506 3700 obvenit,
1522 3646 1660 3701 magnam
1678 3627 1803 3685 utilitatau

127 3722 164 3779 da
178 3722 477 3780 contunsioneduurum
494 3744 683 3798 personarum
695 3731 755 3783 tam
770 3727 952 3783 diversarum
1008 3744 1041 3784 ac
1057 3730 1240 3782 momentum
1264 3723 1352 3779 hahet
1374 3722 1410 3776 ad
1426 3738 1485 3777 non
1511 3735 1621 3793 pancas
1650 3712 1805 3805 difficultate

128 3810 285 3867 accusandi
301 3813 381 3883 siut;
399 3815 474 3870 undo
498 3817 672 3873 recentiores
688 3817 772 3873 latini
787 3816 953 3889 scriptores,
1008 3814 1174 3881 solvendas,
1191 3814 1258 3869 inde
1273 3814 1466 3885 emergentes,
1483 3808 1560 3880 quod
1578 3808 1608 3864 in
1627 3805 1726 3862 latinia
1737 3802 1809 3859 Pru·

128 3900 178 3974 qul
193 3900 325 3975 priorum
351 3903 488 3975 operibus
513 3906 668 3963 manilcsto
693 3908 738 3963 usi
755 3908 879 3975 fuerant,
894 3904 956 3962 illo·
1009 3907 1065 3964 hus
1080 3904 1193 3961 looado
1218 3903 1326 3959 Novato
1352 3898 1585 3973 Carthaginiensi
1610 3898 1815 3968 exponanturn

130 4006 197 4047 rum
217 3992 340 4065 uestigia
368 3999 539 4065 presserunt
556 4014 562 4061 ;
580 4012 667 4067 quum
698 4002 731 4052 ut
756 3996 908 4053 Cornelius
928 4000 957 4051 et
1011 3994 1219 4068 scriptoribus,
1243 4010 1305 4065 qua
1338 4006 1438 4047 reuera
1466 3994 1564 4045 tamen
1601 3986 1638 4043 de
1679 3978 1831 4041 Nouatiano

129 4080 292 4153 Cyprianus
307 4080 335 4136 in
354 4081 471 4138 nomine
496 4084 631 4139 errarint.
665 4085 792 4158 lienique
819 4084 957 4141 omnibus
1011 4080 1497 4159 aguntCutarumhiouulgarem
1522 4093 1645 4143 morem,
1671 4068 1843 4131 antennam

129 4184 164 4225 ex
179 4169 336 4226 momentis
358 4172 497 4227 Lardueri
514 4190 548 4229 ea
572 4175 739 4230 corrsecutio
760 4175 839 4231 hand
856 4189 957 4231 ncces·
1012 4175 1146 4231 innixum
1162 4172 1309 4228 rationum
1321 4169 1478 4225 nronrentis
1491 4156 1846 4239 aequimunquonoaat

129 4259 207 4315 sario
223 4258 356 4331 infertur,
369 4262 446 4332 quod
463 4262 556 4318 Latini
584 4262 754 4320 hallucinati
772 4263 880 4319 luerint
896 4280 903 4319 :
921 4263 960 4320 si·
1012 4264 1140 4320 Nouatus
1151 4262 1187 4319 de
1200 4260 1335 4317 Africano
1349 4258 1500 4326 duntaxat,
1528 4260 1556 4311 et
1583 4270 1690 4311 nomen
1704 4244 1846 4307 Nouatifi·

131 4348 251 4420 quidem
280 4350 338 4405 duo
365 4350 443 4407 inter
484 4351 534 4408 illa
562 4356 691 4409 extrema
717 4354 837 4410 tertium
862 4352 959 4409 adhuo
1013 4370 1070 4410 nus
1085 4352 1260 4407 deltomano
1276 4349 1445 4422 presbytero
1460 4345 1624 4403 adhibetur.

131 4437 229 4494 locum
244 4439 343 4509 hahet,
360 4441 437 4513 quod
467 4441 588 4498 alterius
609 4448 714 4499 nostre
729 4443 958 4499 animaduersio·
1050 4441 1097 4498 lV.
1112 4440 1290 4497 Nouatinnus
1306 4454 1341 4493 eu
1353 4436 1502 4510 Phrygum
1518 4438 1614 4507 gente,
1639 4433 1665 4489 si
1681 4422 1846 4487 eniteant

132 4526 179 4581 nis
199 4529 346 4598 objectum
367 4530 528 4587 constitnit.
557 4532 585 4586 si
611 4549 714 4590 omnes
743 4532 959 4589 observationes
975 4542 997 4606 1]
1014 4532 1060 4605 gio
1076 4532 1149 4587 tides
1164 4530 1232 4603 (19),
1240 4527 1347 4585 saeculo
1358 4528 1397 4584 lll
1408 4527 1528 4584 ineunte
1539 4514 1846 4581 orturnduxtsseexit

132 4615 221 4671 simul
238 4615 420 4689 colligamus,
432 4636 466 4675 ex
481 4620 517 4676 iia
541 4638 597 4678 nou
615 4622 671 4679 nisi
695 4622 755 4677 heac
768 4621 876 4694 duplex
891 4639 958 4679 con·
1014 4622 1162 4679 atimatur.
1178 4621 1342 4691 uunquam
1357 4618 1587 4672 Christonomen
1603 4616 1697 4681 daret,
1711 4603 1846 4685 philos5

133 4704 226 4761 elusio
254 4707 354 4763 inlarri
383 4714 500 4780 potest;
527 4711 622 4782 prima
649 4716 694 4767 est
711 4730 717 4771 :
735 4716 785 4767 aut
810 4729 878 4780 una,
908 4716 960 4767 aut
1014 4711 1114 4785 phium
1134 4709 1296 4765 excoluisse
1321 4708 1501 4782 perhibetur.
1526 4704 1664 4762 Saribans
1693 4700 1765 4759 anim
1792 4704 1846 4751 ι·

132 4794 317 4868 alterspars,
347 4796 635 4870 scilieetuolhatini,
662 4800 705 4857 vel
730 4800 819 4857 Graeei
850 4802 879 4856 iu
908 4819 959 4858 no·
1014 4800 1258 4874 sympronianum
1288 4798 1318 4855 S.
1358 4797 1509 4861 lucianus,
1538 4794 1600 4849 haec
1634 4792 1723 4849 habat
1747 4786 1797 4863 (11)]

133 4884 212 4941 mine
227 4890 372 4942 errarunt.
388 4886 455 4943 Jam
474 4904 551 4959 uero,
572 4906 640 4946 cum
668 4890 823 4963 applicatio
838 4890 960 4947 liurrdataa
1016 4914 1029 4942 a
1046 4888 1241 4947 Nouatianum
1257 4887 1328 4943 mihi
1344 4885 1483 4960 ingaris‘l
1508 4881 1720 4956 Philosophum
1742 4866 1846 4935 aneu?

170 5048 226 5121 (16)
241 5048 347 5105 Eusab.
364 5049 397 5105 H.
414 5050 445 5104 F..
462 5066 500 5119 ur,
516 5068 580 5122 cap.
594 5052 640 5106 20.
1016 5055 1111 5108 tratur
1125 5050 1259 5106 Valesius
1270 5068 1304 5107 ex
1327 5065 1372 5119 eo,
1397 5048 1474 5121 quod
1502 5045 1613 5102 multos
1642 5036 1846 5117 sectatorasiff

170 5122 226 5193 (17)
238 5120 368 5177 Bolland.
384 5128 445 5177 Act.
461 5123 521 5192 SS.,
543 5130 613 5178 tom.
629 5122 652 5178 ll
676 5124 905 5195 lan.,png.252
932 5130 962 5181 et
1019 5123 1144 5197 Phrygia
1162 5128 1266 5179 nactus
1295 5122 1383 5178 inerit
1410 5118 1600 5176 Novatiauus.
1629 5116 1714 5199 Conui.
1739 5110 1835 5169 Valaau

135 5192 619 5261 25tt;Tittemont.nemansen-
646 5194 674 5250 S.
703 5198 906 5266 Fabicn,tom.
924 5198 962 5253 lll
1017 5200 1078 5251 not.
1092 5199 1111 5251 l'.
1126 5196 1161 5249 ad
1176 5194 1228 5251 lib.
1247 5212 1274 5250 ιν
1289 5198 1322 5251 ll.
1348 5194 1390 5261 11,
1420 5209 1484 5264 cap.
1509 5192 1554 5246 26.
1580 5190 1714 5245 Socratis
1736 5204 1765 5261 p.
1789 5180 1837 5239 211

135 5263 230 5329 llll,
260 5282 325 5337 bug·
356 5267 428 5335 3¹32,
450 5266 554 5321 Bower
583 5268 650 5321 llial.
675 5268 824 5339 l'upurnm,
851 5272 925 5341 part.
943 5286 963 5338 1,
1018 5268 1088 5323 adit.
1112 5266 1311 5323 laurinensis.
1339 5266 1482 5321 licentra
1510 5262 1552 5317 Cl.
1579 5260 1720 5317 lackson.
1748 5256 1841 5339 pratilli

136 5350 204 5407 pag.
214 5338 259 5390 ⁸3·
1018 5341 1054 5396 ad
1071 5355 1138 5411 opp.
1156 5338 1309 5393 Novatiuni
1325 5354 1391 5410 pag.
1408 5338 1463 5391 8et
1480 5334 1646 5391 Lardnerus
1666 5334 1698 5389 in
1715 5326 1841 5411 credebat.

172 5406 228 5475 (18)
246 5408 358 5463 l'abric.
376 5412 446 5465 torn.
463 5410 494 5465 l'l
512 5410 640 5465 tritutari.
661 5411 711 5465 lot.
731 5409 802 5465 rnert.
819 5420 845 5466 et
858 5413 963 5482 infirm.
1019 5414 1050 5480 ο(
1060 5412 1142 5465 thet).
1160 5412 1190 5465 u.
1209 5414 1282 5481 part.
1299 5428 1329 5479 u,
1347 5408 1403 5465 vol.
1426 5407 1472 5476 lh',
1489 5422 1555 5479 pag.
1587 5406 1631 5472 17,
1649 5404 1731 5463 haud
1750 5416 1845 5461 ranar-

136 5484 223 5543 ael‘l‘u
234 5494 300 5549 pag.
316 5482 361 5535 '3'1-
1020 5482 1119 5538 rnilem
1136 5488 1266 5537 censent.

173 5549 229 5621 (19,
249 5549 422 5637 Philostorg.
442 5552 476 5607 H.
507 5554 538 5609 E.
564 5553 616 5609 lib.
634 5552 693 5621 vrir,
724 5570 788 5637 cap.
816 5556 859 5610 15.
885 5553 966 5610 llauc
1055 5557 1112 5623 (20)
1129 5554 1244 5610 Paeian.
1261 5552 1352 5626 Epist.
1367 5568 1387 5607 n
1402 5550 1611 5623 nusumpron,
1636 5552 1714 5605 tom.
1728 5548 1753 5604 11
1779 5544 1846 5605 Bibl.

136 5618 323 5694 Philostorgii
334 5624 501 5698 opinionem
512 5624 672 5683 admodum
682 5624 871 5685 verisimilem
887 5626 966 5684 arbi·
1021 5627 1075 5683 Pe.
1098 5625 1188 5683 Paris.
1214 5641 1281 5699 pag.
1309 5626 1354 5699 56,
1370 5624 1536 5695 hieronym.
1562 5620 1616 5695 llp.
1631 5620 1846 5687 eobanum,
