3892 6104
127 280 190 345 {89
701 279 979 345 assuetarum
1001 282 1255 348 lesensium.
1778 287 1837 349 teo

122 430 181 487 qus
195 429 233 471 ex
247 429 339 471 causa
352 413 462 472 directe
472 415 495 453 ¹¹
510 414 580 486 sint
594 412 796 471 voluntatibus
806 415 830 452 ¹¹
845 413 953 472 intelli·
968 417 996 486 Α
1010 412 1177 474 Corinthios
1192 416 1287 490 prima
1303 419 1335 487 ι’,
1351 418 1388 476 ad
1403 417 1543 493 Ephesios
1566 416 1696 475 secunda
1710 416 1778 490 (31),
1794 418 1833 473 ad

122 502 725 577 gere”ipsedeclarantoed)¹⁴primum
746 503 879 560 omnium
895 504 948 560 Co·
1005 503 1209 579 Philippenses
1237 507 1332 576 tertia,
1361 508 1395 563 ad
1440 507 1627 564 colossenses
1662 506 1830 579 quarta,ad

121 591 242 648 rinlhiis
270 591 401 649 schisma
425 591 545 648 haeresis
565 593 621 665 (27)
650 592 839 660 interdicens,
864 592 950 649 dein·
1005 593 1122 650 Galatas
1138 595 1291 666 quinta,ad
1307 596 1582 653 Thessalonicenses
1597 597 1620 632 ¹²
1635 594 1834 665 serrassen-

122 696 188 752 oeps
208 679 352 738 Gallactis
365 681 389 716 ⁸⁸
403 681 666 749 circumcisionem,
693 681 836 738 Romanis
851 685 949 739 aulem
1005 698 1109 740 manos
1125 684 1372 757 septima.Verum
1384 685 1542 742 corinthiis
1555 690 1584 740 et
1595 683 1833 755 Thessalonicen·

122 768 224 826 ordina
240 769 462 842 Scripturarum
473 770 540 842 (28),
550 771 636 827 sedet
647 770 826 842 principium
837 771 894 842 (29)
904 787 950 827 aa·
1003 771 1087 828 sibus
1109 772 1176 829 licet
1203 789 1255 845 pro
1284 772 1463 830 correctione
1482 775 1539 846 (32)
1564 775 1586 809 ²⁸
1614 774 1744 842 iteretur,
1771 789 1831 830 une

122 874 186 913 ram
209 874 279 914 esse
299 858 449 914 Christum
474 858 627 925 intimans,
653 858 792 929 prolixius
818 859 948 931 scripsit.
1002 862 1102 916 tamen
1118 877 1300 932 peromnem
1316 861 1416 917 orbem
1432 863 1562 918 Ecclesia
1593 863 1697 918 diliuee
1711 878 1776 918 ease
1790 862 1827 917 ds

122 945 288 1018 Dequibus
302 946 427 1018 singulis
443 963 560 1004 necesse
574 952 653 1004 esta
681 946 766 1004 nohis
793 947 947 1018 disputari,
1004 948 1134 1005 noscitur
1148 949 1205 1021 (33)
1222 949 1253 1005 ¹⁹.
1284 949 1319 1005 Et
1343 952 1472 1006 loannes
1499 949 1627 1007 enimin
1648 949 1831 1023 Apocalypsi,

122 1035 199 1092 182
228 1051 298 1091 cum
326 1036 388 1107 ipso
416 1036 518 1092 beatus
536 1035 683 1108 apostolus
700 1035 807 1092 Paulus
822 1052 949 1109 sequens
1002 1034 1565 1111 licetllpoc.copp.1et11)scptem
1598 1039 1732 1096 Ecclesiis
1752 1038 1829 1096 188

123 1123 545 1198 predecessorissuiloannis
567 1124 698 1183 ordinem
727 1125 794 1198 (30),
829 1125 949 1183 nonnisi
1003 1126 1719 1200 scribat(3l),tamanomnibuedicit.verumad
1738 1127 1831 1184 Phila·

123 1213 298 1271 aominatim
314 1221 426 1287 sepiem
443 1213 577 1272 Ecclesiie
592 1214 700 1271 scribat
715 1214 886 1287 ordinetali.
902 1216 945 1272 hd
1003 1230 1120 1271 monem
1136 1232 1204 1284 nna,
1220 1216 1299 1273 etad
1316 1215 1416 1273 ‘litum
1444 1234 1513 1287 una,
1531 1221 1559 1273 et
1580 1218 1615 1274 sd
1643 1216 1829 1274 'timothcum

847 1340 950 1404 Varias
965 1339 1126 1402 lectiones.

154 1437 177 1472 ²¹
195 1436 328 1493 [tiresia.
357 1437 512 1493 Freiadall.
538 1438 561 1473 ²¹
583 1437 763 1494 volentibus.
788 1437 941 1494 Freiatlall.
966 1437 990 1473 ²⁸
1013 1435 1177 1509 lntslligere
1196 1440 1288 1494 omisit
1313 1438 1411 1496 lioalh.
1432 1440 1463 1494 ia
1490 1439 1831 1507 repraesentarem.

121 1507 190 1566 Edd.
230 1508 346 1563 ²‘llort
369 1508 505 1564 declarat.
530 1509 626 1566 Roalh.
666 1507 821 1577 ²⁸Galatis,
842 1508 992 1566 Freirsdall.
1031 1509 1131 1563 ”Fort
1155 1509 1260 1580 primo,
1289 1519 1315 1564 et
1334 1511 1365 1565 in
1387 1512 1572 1582 sequentibus,
1597 1511 1832 1582 secundo,utpue

121 1580 314 1649 itadeinceps.
331 1580 476 1636 ΒΜ).-
495 1580 626 1651 Epistola
643 1582 745 1637 rectius
759 1581 888 1637 sabaudi.
909 1579 976 1637 Edd.
1014 1579 1036 1616 ¹⁷
1052 1579 1308 1637 Thessalonicam.
1337 1581 1384 1639 hic
1404 1587 1430 1636 el
1441 1582 1520 1656 iresca
1530 1581 1682 1638 Freindall.
1718 1581 1740 1618 ⁸⁸
1759 1582 1828 1639 Cor·

125 1651 249 1707 maioris
264 1650 421 1708 hirchoser.
461 1652 484 1688 ¹⁹
503 1652 701 1725 Dignoscitur.
717 1652 869 1709 Freiadall.

575 1760 669 1834 llari,
684 1759 815 1839 losephi
830 1759 935 1821 llouth
951 1757 1209 1821 commentarius.

156 1853 215 1925 (23)
245 1854 371 1926 Epistola
391 1864 483 1912 autem
511 1858 604 1926 Pauli,
625 1870 811 1929 parmaque
824 1855 1334 1928 lamuelReliquodquoesivorint,
1351 1856 1448 1913 videre
1475 1861 1520 1914 est
1542 1876 1559 1915 a
1583 1858 1621 1913 ud
1650 1856 1830 1930 Cyprianum

122 1940 175 2008 psa
192 1941 229 1981 ae
248 1941 334 1982 causo
357 1926 460 1983 directe
477 1929 544 1995 siat,
567 1928 754 1984 voluntatibus
778 1929 949 2001 intellipera.
1006 1926 1073 1982 libr.
1090 1928 1217 2008 alestim.
1246 1926 1309 1983 adri.
1337 1928 1404 1985 lad.
1421 1944 1485 2000 cap.
1501 1930 1537 1984 29
1560 1875 1637 1996 flam,
1658 1929 1761 1985 scribit
1774 1927 1830 2001 Cy-

124 2012 179 2066 tpse
200 1998 358 2053 wicram.
374 1997 497 2071 corrigit
516 1998 703 2055 lireiudaller.
730 2006 760 2054 ut
783 2016 849 2071 posa
872 2000 949 2057 vidi:
1006 1998 1128 2071 prianus
1142 2014 1172 2052 rn
1188 1995 1324 2052 Βασιλέων
1338 2002 1446 2070 primo:
1468 2000 1578 2056 Slerilis
1599 2008 1699 2071 septem
1723 2002 1831 2072 peperit

122 2067 540 2139 epistaloeds'reotoeootenlibus,
555 2073 631 2142 ipsa.
660 2069 758 2126 llulim
785 2086 838 2142 ego
866 2086 949 2144 repo·
1004 2074 1031 2126 et
1049 2085 1109 2141 pree
1128 2071 1264 2140 plurimos
1283 2071 1399 2127 habebat
1427 2071 1510 2142 filios,
1533 2073 1679 2143 infimitate
1694 2081 1743 2128 est.
1758 2069 1831 2129 Filii

122 2154 190 2194 aare
203 2140 329 2195 declarat
344 2157 397 2211 pro
413 2140 571 2211 declarant,
588 2146 707 2214 propter
728 2142 849 2198 verbum
865 2144 949 2199 irater·
1004 2150 1102 2197 actem
1115 2146 1225 2212 septem,
1241 2146 1306 2196 sant
1319 2143 1443 2199 eccesiae
1456 2145 1567 2215 septem.
1591 2143 1672 2199 Unde
1695 2148 1725 2200 et
1754 2141 1829 2198 Pau·

121 2210 217 2266 diem
232 2211 264 2266 in
289 2212 492 2282 sequentihus.
1004 2210 1052 2269 lus
1067 2216 1178 2284 septem
1194 2211 1325 2269 ecclesiis
1340 2213 1467 2285 scripsit,
1484 2219 1514 2270 et
1529 2214 1718 2286 Apocalypsis
1733 2212 1829 2269 eccle-

155 2282 215 2352 (2ῐ)
231 2281 358 2338 Schisma
372 2285 493 2339 heresis.
510 2283 647 2339 Eormula
657 2284 812 2340 verborum
824 2283 950 2340 insolen·
1005 2285 1182 2355 siasseptem
1195 2284 1826 2356 posuit,utservaturseptenariusnumerus,

123 2354 189 2422 tior,
215 2352 316 2409 Graece
343 2352 408 2428 σχίσ
431 2373 448 2408 a
488 2359 538 2422 τῆς
584 2353 722 2429 αἱρέσεως.
751 2361 815 2411 llox
842 2357 951 2412 Galatis
1004 2359 1034 2410 ul
1061 2355 1120 2411 dies
1149 2356 1374 2427 septemplices
1392 2361 1461 2412 Deus
1484 2358 1618 2413 mundum
1631 2358 1708 2428 fecit,
1725 2357 1824 2411 ulin-

123 2424 200 2551 guod
216 2424 401 2498 interiusqui
425 2443 471 2481 am
482 2425 599 2499 legitur,
612 2443 663 2499 pro
674 2425 807 2483 Collaclr's
820 2428 951 2500 reposuit
1003 2427 1058 2498 pell
1073 2446 1084 2475 ι
1100 2431 1201 2496 septem
1220 2428 1267 2498 pai
1280 2430 1413 2483 opstant
1427 2437 1490 2484 ante
1509 2430 1608 2500 lactem
1633 2429 1690 2484 Dei.
1711 2428 1782 2482 Vide
1797 2430 1827 2482 et

146 2495 319 2552 reindaller.
997 2498 1098 2567 ejusd.
1125 2497 1259 2570 Cypriani
1289 2499 1403 2554 aaron.
1432 2500 1567 2571 llartyrii.
1599 2516 1665 2572 pag.
1691 2500 1754 2562 270,
1778 2499 1823 2554 ed.

162 2568 222 2639 (28)
238 2567 347 2624 Ordine
362 2568 579 2640 implorarem.
596 2568 630 2624 ll.
646 2585 686 2638 e.,
703 2568 733 2623 ni
748 2568 843 2635 lallor,
872 2569 949 2625 Scri·
1004 2568 1183 2625 Benedictin.
1201 2590 1215 2620 α
1230 2569 1329 2641 Neque
1342 2573 1416 2626 l'orte
1432 2571 1530 2643 inepta
1544 2581 1607 2627 erat
1627 2570 1774 2642 cogitatio,
1800 2567 1826 2625 si

125 2643 214 2709 ptura
229 2642 295 2696 Vct.
311 2641 391 2696 Tcst.
412 2641 512 2696 ordine
525 2639 666 2709 adhibito,
695 2641 756 2697 sive
782 2641 855 2697 alias
884 2645 950 2714 post
1004 2639 1464 2698 dicamusrationerucurdubia
1487 2648 1587 2698 contra
1613 2641 1772 2714 Epistolam
1789 2640 1825 2696 ad

124 2708 208 2779 alias,
225 2709 444 2783 interpretatus.
457 2714 548 2782 Atque
559 2711 600 2767 ait
615 2710 811 2769 Erelndaller:
827 2734 841 2762 a
855 2712 950 2768 Verba
1003 2711 1138 2767 Eebraeos
1150 2716 1240 2780 mota,
1257 2712 1333 2784 apud
1350 2713 1492 2783 quosdam
1507 2719 1635 2768 veterum
1653 2713 1767 2785 pondus
1783 2728 1827 2768 ac·

127 2781 230 2836 ordine
243 2781 461 2853 Scripturarrsm,
481 2798 540 2839 non
567 2783 702 2839 videntur
729 2783 799 2855 quid
827 2782 950 2841 innuere
1003 2784 1143 2855 ceperint,
1156 2793 1332 2855 protensum
1347 2783 1402 2840 hoc
1417 2787 1533 2840 numeri
1548 2801 1580 2840 se
1603 2785 1706 2840 tenarii
1722 2788 1827 2864 myste-

127 2850 209 2908 aliud
224 2868 316 2924 quam
331 2854 455 2910 Paulum
472 2853 525 2910 hoc
540 2852 604 2911 loco
619 2854 746 2911 rationes
761 2855 949 2926 suas,el.ege
1004 2855 1092 2923 rium,
1108 2870 1196 2926 quens
1212 2854 1434 2911 circaecclesias
1450 2856 1485 2911 ad
1497 2871 1571 2927 quas
1582 2802 1690 2911 iarius
1702 2871 1828 2926 scripse·

126 2924 217 2979 reteri
244 2941 297 2997 pro
322 2924 498 2981 stabilienda
526 2943 600 2982 nova
625 2926 798 2999 praetulisse,
823 2925 950 2998 huicque
1003 2924 1053 2991 rit,
1068 2925 1148 2982 omni
1165 2926 1250 2981 nrodo
1265 2925 1412 2996 integrum
1432 2942 1546 2981 servare
1561 2926 1706 2993 volebant,
1723 2925 1824 2981 luisse.

125 2993 209 3051 illam
225 2996 323 3052 ordire
337 2996 508 3068 subjecisse.
526 3018 541 3047 s
1003 2995 1085 3053 Unde
1098 3012 1216 3068 quoque
1231 2996 1292 3067 atii,
1308 2997 1358 3068 qui
1374 2997 1410 3052 da
1424 2997 1553 3068 Epistola
1568 2998 1604 3053 ad
1620 2996 1755 3053 Hebraeos
1765 3013 1823 3052 non

160 3066 216 3137 (39)
233 3069 417 3141 Principiam.
431 3068 465 3124 H.
481 3068 544 3136 eh
573 3066 658 3144 ἀρχὴ,
686 3067 815 3138 initium,
845 3068 949 3125 lunda·
1003 3067 1188 3133 dubitabant,
1205 3067 1422 3124 assiderentur
1443 3068 1616 3138 mysterium
1633 3070 1748 3124 numeri
1771 3083 1822 3123 se-

126 3141 272 3193 mentum.
1002 3139 1126 3211 ptenarii
1143 3139 1301 3211 negligere,
1330 3139 1426 3196 dicere
1455 3138 1621 3196 maluerunt
1636 3139 1758 3196 Paulum
1781 3140 1825 3195 bis

161 3209 338 3292 teopsepaea·
361 3210 569 3281 praedecessoris
595 3211 654 3266 sois
671 3211 786 3292 loconis
805 3210 946 3267 ordinem.
962 3226 984 3295 ρ
1001 3217 1112 3282 septem,
1141 3226 1230 3337 Ἓαιη
1255 3225 1322 3266 cum
1335 3211 1558 3292 quatuordecim
1583 3211 1723 3337 epistolas
1750 3210 1822 3293 scri·

126 3277 264 3350 imperate
282 3286 437 3353 scriptum,
454 3282 540 3339 modo
556 3281 610 3337 hoc
624 3281 692 3337 vehl
704 3283 896 3354 auclor,quod
908 3287 946 3340 ta·
1040 3282 1108 3339 isse.
1127 3305 1137 3331 ι
1181 3298 1222 3338 sec
1242 3280 1390 3339 Slochrus.
1405 3285 1453 3337 Art
1476 3283 1599 3338 l'rcinda
1612 3283 1654 3338 ler
1678 3304 1692 3333 «
1716 3283 1824 3338 idcirco

126 3365 192 3406 men
213 3351 295 3407 baud
310 3358 434 3424 constat,
450 3352 598 3408 imitatum
617 3368 681 3409 esse
696 3352 819 3410 Paulum
843 3354 948 3424 Apoca·
1015 3357 1088 3418 orte,
1106 3369 1141 3408 ne
1156 3369 1292 3408 excessus
1304 3369 1459 3410 numerum
1473 3352 1561 3409 istum
1579 3355 1746 3423 allenderot,
1763 3352 1826 3424 Epi·

155 3425 385 3492 psia3nam,ut
405 3422 604 3480 verisimiliter
626 3425 728 3480 statuit
752 3425 948 3481 Stoechiusin
1003 3424 1111 3480 stolam
1135 3425 1172 3479 ad
1203 3423 1336 3479 llcbraeos
1372 3424 1511 3481 omissam
1551 3423 1668 3497 reperiri
1710 3425 1826 3480 Poterat

189 3494 710 3552 merrt.daGanonal.rbl.NooiTest.
735 3498 874 3569 capsi
901 3497 947 3564 62,
1002 3495 1119 3551 isthanc
1130 3512 1226 3567 porro,
1247 3495 1363 3551 etiamsi
1392 3511 1456 3551 eam
1485 3495 1575 3552 Paulo
1602 3496 1752 3559 tribueret,
1769 3495 1823 3551 hoc

125 3565 202 3620 edita
231 3569 276 3621 ast
304 3566 477 3638 Apocalypsis
504 3566 561 3622 sub
589 3565 766 3635 Domitiano,
793 3568 947 3639 nequead
1002 3565 1065 3623 loco
1081 3566 1824 3648 incommemoratamjuredimitlere3eoquodllc·

125 3633 238 3691 Claudii
255 3635 949 3713 velNeronistemporaretrahenda:qnodqui
1001 3637 1082 3704 briei,
1099 3636 1457 3710 obedadam-Christiani,
1481 3638 1518 3694 sd
1547 3654 1621 3710 quos
1650 3638 1742 3694 missa
1769 3644 1823 3708 est,

126 3707 191 3762 dem
208 3712 242 3764 ut
256 3706 329 3776 dixi,
345 3706 477 3765 nonnulli
493 3713 660 3764 statuerunt
674 3710 727 3765 viri
743 3709 883 3766 illustres.
900 3710 948 3766 hit
1002 3709 1084 3766 misti
1100 3709 1218 3781 quidem
1236 3709 1362 3781 singulis
1375 3710 1639 3767 communitatibus
1655 3714 1824 3780 essent‚non

126 3793 211 3850 porro
232 3779 413 3836 Ereindaller
440 3781 606 3836 existimare
634 3797 666 3836 ee
692 3781 834 3837 loannem
864 3781 946 3837 Pauli
1002 3785 1100 3837 tamen
1115 3780 1261 3853 propriam
1277 3779 1500 3840 constituerent,
1518 3804 1532 3831 a
1547 3781 1745 3838 Sicdiascruit
1763 3779 1823 3842 ille,

126 3851 604 3922 praedecessoremnominalumah
616 3856 742 3916 auclore,
759 3853 947 3924 «quodhuno
1000 3851 1090 3924 idque
1106 3851 1273 3924 probaliler.
1290 3852 1345 3907 Sed
1363 3852 1399 3907 de
1420 3851 1475 3908 hao
1490 3852 1618 3925 Epistola
1644 3854 1711 3925 plus
1738 3854 1822 3907 intra.

141 3923 275 3979 recessit
285 3923 434 3979 vocatione
448 3923 484 3979 ad
497 3920 695 3994 apostolatum
708 3941 715 3992 ;
728 3940 946 3996 congruereque
1002 3923 1087 3979 Porro
1099 3924 1170 3979 bene
1184 3921 1632 3996 monuitFreindallerepistslas
1643 3921 1813 3995 Apocalypti

122 3936 199 4049 Kane
224 4009 324 4050 rocem
352 3994 517 4066 significatu
534 3995 595 4049 voci
611 3994 705 4064 alteri,
730 3996 839 4059 Senior,
855 4011 945 4066 quam
1000 4011 1049 4050 cas
1065 3994 1171 4050 seculo
1186 3995 1315 4050 secundo
1327 3995 1390 4065 jam
1407 3993 1523 4051 habitas
1539 3995 1631 4051 luisse
1652 3992 1822 4061 catholicas,

121 4061 251 4120 loannes
267 4064 330 4134 ipse
345 4064 375 4119 in
390 4064 453 4121 suis
466 4064 599 4149 epistolis
615 4067 774 4136 usurpavit.
792 4065 845 4121 llla
862 4067 946 4122 nimi·
999 4064 1029 4120 ld
1044 4070 1089 4121 est
1102 4065 1176 4122 tales
1203 4082 1266 4147 que
1291 4066 1327 4120 ad
1360 4065 1526 4122 universam
1550 4059 1644 4190 Silas)
1666 4063 1823 4121 Ecclesiam

121 4150 187 4191 rum
205 4135 409 4208 interpretatio
432 4140 545 4191 veritati
571 4135 697 4208 proiecto
723 4136 801 4192 baud
825 4137 946 4194 dissona
999 4134 1114 4192 directa
1144 4138 1263 4193 fuerint.
1296 4136 1469 4208 Seplisormis
1499 4136 1627 4193 Eccesia
1659 4136 1766 4194 dicitur
1786 4137 1822 4192 ab
1934 4168 1937 4173 <

119 4206 254 4263 ordinem
308 4209 421 4278 ricopas
437 4208 605 4263 universum
621 4206 768 4274 restituit;
793 4224 944 4280 compara·
999 4206 1103 4279 Optato
1130 4208 1159 4263 in
1189 4207 1240 4263 lib.
1268 4225 1287 4263 n
1310 4208 1343 4264 de
1370 4209 1521 4264 schismate
1549 4209 1682 4264 Dormiat.
1711 4224 1775 4278 cap.
1791 4207 1818 4262 3.

118 4277 198 4334 hone
212 4279 275 4335 Pau
287 4279 351 4335 inas
367 4279 442 4335 inter
456 4283 485 4335 et
499 4278 721 4352 apocalypticus
731 4279 869 4351 epistolas
880 4282 943 4352 jam
996 4294 1064 4351 pag.
1078 4279 1171 4348 93,ed.
1188 4278 1295 4351 Dupin.
1312 4278 1349 4336 Ut
1363 4295 1428 4335 vero
1443 4278 1522 4335 locos
1536 4279 1670 4335 omittam
1692 4277 1819 4334 aliorum

117 4364 176 4406 uon
191 4348 230 4404 ad
254 4354 448 4422 utrarumque
473 4354 598 4416 etatem,
618 4366 720 4405 verum
750 4350 890 4407 duntaxat
906 4353 943 4408 ad
998 4355 1126 4406 ratarum
1144 4349 1384 4422 scriptorum,qui
1400 4366 1466 4406 cum
1480 4349 1642 4417 Augustino
1657 4350 1686 4404 in
1701 4349 1817 4405 libavit

117 4434 149 4478 es
169 4421 321 4476 terrarium
340 4437 497 4477 numerum
520 4424 711 4494 spectante.»
997 4420 1036 4477 lle
1049 4422 1160 4477 moliole
1175 4421 1233 4491 Dei,
1249 4437 1312 4492 cap.
1328 4420 1355 4475 h.
1369 4451 1403 4462 —
1436 4424 1582 4488 statuunt,
1598 4436 1710 4477 numero
1732 4429 1821 4492 septe·

149 4437 212 4575 fill)
226 4494 372 4548 Prima...
386 4491 513 4557 mado,
545 4497 613 4558 eto,
637 4497 692 4548 cto.
720 4491 797 4549 Eort.
827 4492 941 4566 legend.
996 4493 1081 4549 sario
1099 4491 1239 4548 universe
1254 4493 1380 4548 Ecclesiae
1393 4491 1580 4618 significatam
1601 4508 1657 4548 esse
1674 4494 1819 4565 perfectio·

113 4575 243 4634 maso...
255 4562 382 4629 amada,
398 4569 486 4635 atque
503 4561 545 4619 its
559 4563 708 4636 deinceps.
997 4579 1070 4629 sem,
1086 4562 1140 4620 hoc
1154 4565 1271 4619 tentum
1287 4563 1405 4618 notabo.
1437 4579 1521 4618 esum
1547 4562 1707 4636 Christum,
1724 4563 1820 4636 quiin

149 4634 211 4703 (32)
227 4633 411 4692 Conectimre.
429 4635 476 4691 Sic
490 4634 608 4706 antiqua
623 4651 676 4707 pro
691 4636 871 4706 correptione.
958 4606 982 4673 Ῑ)
998 4635 1131 4691 omnium
1144 4632 1243 4706 procul
1256 4633 1345 4689 dubio
1361 4633 1550 4690 ecclesiarum
1566 4635 1663 4691 medio
1681 4641 1820 4708 perpetuo

150 4705 210 4777 (33)
242 4706 302 4763 ilco
323 4713 476 4778 tameaper
489 4721 595 4762 omnem
610 4706 703 4764 orbem
718 4711 800 4762 terre
823 4705 945 4763 Ecclesia
997 4711 1142 4775 versatur,
1162 4705 1192 4760 in
1217 4704 1313 4761 medio
1336 4709 1447 4776 septem
1474 4705 1728 4775 candelabrorum,
1749 4707 1778 4762 h.
1794 4723 1820 4762 e.

114 4790 175 4833 sese
200 4777 361 4833 desmcitm
373 4776 576 4849 (dipnosciturl.
601 4776 810 4847 Tertullianus,
828 4777 861 4834 da
872 4793 944 4848 prm
998 4773 1198 4847 ecclesiarum,
1215 4776 1310 4832 visum
1323 4791 1420 4832 esses
1441 4775 1554 4834 loanne
1581 4778 1612 4834 in
1640 4778 1821 4850 Apocalypsi,

114 4848 316 4920 scriptionibus
329 4848 526 4906 Eaereticorum
541 4864 604 4921 cap.
620 4849 676 4904 20:
702 4849 787 4906 Omne
810 4847 944 4919 pancrati
998 4863 1032 4903 ca
1057 4864 1097 4917 .r,
1114 4863 1220 4904 comm.
1240 4848 1281 4904 13.
1297 4846 1363 4903 lam
1387 4864 1453 4904 vero
1478 4848 1624 4905 aderanda
1649 4849 1721 4905 mihi
1752 4854 1821 4928 sunt

113 4919 347 4990 mamaeam
360 4924 624 4977 mumuroeaesse
642 4924 691 4976 est.
722 4922 815 4991 ltaque
843 4927 884 4977 tol
908 4937 945 4978 ac
997 4863 1082 4976 vaide
1097 4918 1197 4975 allinia
1211 4918 1281 4976 huic
1296 4919 1388 4976 nostri
1405 4920 1559 5003 fragmenti
1589 4919 1652 4976 loco
1678 4919 1819 4974 Victorini
1895 4988 1900 4998 1

115 4991 210 5048 tanta
230 4993 352 5049 molesios
375 5006 435 5047 ssa
461 4994 500 5048 est
529 4992 580 5047 illa
593 4991 628 5047 od
642 4992 778 5064 apostolis
789 4993 893 5064 primo,
908 5007 944 5048 es
996 4990 1093 5058 verba,
1124 5006 1186 5061 qua
1215 5007 1248 5047 cx
1277 4990 1478 5048 Corameotarro
1510 4993 1539 5048 in
1567 4990 1767 5062 Apocalypsim‚
1792 4988 1818 5043 ei

112 5077 287 5136 mosanas.
303 5058 451 5121 sicem
484 5064 573 5131 rime,
598 5071 744 5119 etampes
771 5062 943 5135 apostolice,
997 5061 1126 5134 ascripto
1143 5061 1305 5134 desumpsi.
1332 5064 1362 5119 lo
1392 5066 1445 5118 tolo
1472 5061 1537 5117 orie
1563 5069 1663 5132 septem
1690 5056 1820 5116 ecclesias

112 5133 187 5190 dem
199 5149 279 5190 ano:
292 5148 388 5191 amm
409 5079 531 5206 progeni
565 5135 710 5190 unitatem.
996 5148 1089 5191 omres
1103 5148 1171 5203 esse,
1187 5142 1213 5190 et
1227 5142 1329 5206 septem
1340 5136 1514 5199 nominatas,
1537 5147 1622 5186 asam
1646 5146 1701 5186 esse
1725 5130 1820 5187 catho-

146 5205 206 5278 (34)
222 5205 299 5263 hicet
319 5208 422 5278 septem
444 5205 551 5262 eclesiis
575 5205 676 5262 scribat
703 5209 758 5262 eto.
776 5204 941 5274 Stoechiua,
996 5204 1079 5262 licam
1102 5207 1207 5262 Paulos
1221 5205 1322 5262 docuit.
1341 5208 1375 5262 lit
1387 5201 1638 5273 primampuiilem,
1652 5209 1682 5257 at
1700 5212 1821 5258 seruaret

114 5276 462 5349 uhipaalosuperius,§
482 5277 569 5333 59:«
598 5249 687 5338 aliud
719 5276 815 5333 adhuc
843 5275 941 5332 saculi
996 5279 1099 5349 etipse
1118 5279 1215 5402 typam
1242 5281 1344 5360 septem
1358 5274 1549 5338 ecclesiarum,
1578 5289 1633 5329 aas
1654 5275 1821 5332 cccssitou-

110 5347 158 5405 vel
172 5348 255 5404 tertii
269 5348 401 5405 ineuntis
414 5347 572 5421 vestigium
588 5346 660 5404 mihi
681 5347 712 5402 in
736 5363 769 5403 eo
797 5346 942 5419 reperisse
994 5363 1114 5404 merum.
1160 5346 1193 5403 ed
1217 5363 1271 5403 scra
1291 5351 1327 5401 art
1356 5345 1392 5402 od
1418 5346 1563 5412 Romanos,
1591 5344 1627 5400 ud
1656 5345 1820 5413 Corinthios,

111 5418 226 5488 videor,
241 5420 321 5492 quod
345 5424 448 5478 auctor
462 5419 629 5492 fragmenti,
662 5434 819 5475 numerum
849 5418 940 5476 eccle·
996 5419 1031 5475 ad
1055 5418 1178 5484 Galatas,
1204 5418 1243 5474 ad
1269 5364 1408 5488 Ephesios,
1436 5415 1472 5471 ad
1505 5413 1763 5486 Thessalonicenses,
1786 5419 1822 5475 ad

109 5489 227 5548 siarum
242 5491 279 5551 ad
290 5507 364 5561 quas
373 5490 524 5561 aposlolus
537 5490 645 5547 Paulus
656 5490 801 5563 Epistulas
810 5490 940 5562 scripsit,
994 5491 1200 5559 Philippenses,
1225 5488 1261 5543 ort
1289 5489 1467 5544 colossenses.
1499 5487 1594 5542 Postea
1630 5490 1820 5561 singularibus

110 5564 146 5620 sd
163 5563 362 5619 imitationem
378 5562 574 5634 Epistularum
586 5563 710 5619 loannis
723 5563 758 5618 ad
770 5568 882 5634 septem
896 5578 941 5619 ec-
996 5564 1121 5633 personis
1131 5561 1253 5631 scripsit,
1269 5575 1303 5615 rec
1319 5557 1456 5614 excederet
1471 5557 1581 5613 resedam
1609 5570 1710 5633 septem
1738 5564 1819 5619 ecclc-

110 5633 218 5692 clesiae
231 5634 318 5703 Asiae,
329 5633 439 5708 pariter
448 5634 484 5690 ad
496 5632 694 5716 septenarium
706 5633 941 5691 reducal.Euisse
1002 5634 1121 5689 siarum.
1135 5632 1166 5685 Et
1178 5630 1207 5685 id
1227 5630 1302 5686 treci
1329 5630 1491 5687 contrahens·
1505 5631 1727 5702 pradicationem
1740 5650 1820 5689 raam

108 5705 191 5764 enim
215 5703 337 5767 income
351 5704 457 5764 woulo
472 5709 568 5780 tertio,
584 5702 680 5779 quiin
706 5720 741 5762 eo
766 5704 939 5780 mysterium
994 5703 1032 5762 ad
1048 5703 1235 5760 thimotheum
1251 5701 1417 5760 siccitzUt
1445 5702 1533 5777 scius,
1560 5703 1686 5778 qrialiter
1712 5704 1821 5761 debeas
