3892 6104
1556 122 1563 131 ι
1591 118 1595 127 ¹
1694 124 1703 137 ,
1730 116 1733 121 “
1762 120 1786 133 ..-

51 220 67 251 Ἰ
106 274 182 341 999·
660 276 695 338 S.
718 272 859 339 tuctus
881 270 986 338 bars
1007 260 1060 339 'ab
1080 272 1257 342 battuta.
1348 222 1352 229 Ι
1434 274 1440 283 ’
1734 258 1830 344 {iffi

105 411 302 475 sacramento,
317 406 367 464 sed
383 405 413 463 in
435 404 529 480 ipsius
552 406 762 479 postulationis
774 406 837 480 lege
852 411 930 464 tem·
943 409 971 477 Α
985 408 1196 481 persecutionis
1210 409 1299 467 istius
1318 410 1406 468 ardor
1433 411 1570 484 ejecerat,
1585 414 1655 469 ante
1669 410 1814 468 eonstitu-

5 490 10 501 “
28 550 35 555 .
105 497 186 571 poris
196 497 272 553 iacto
283 496 584 569 temperamento,sed
596 496 792 569 postulatione
802 497 932 554 demissa
985 497 1094 554 tionem
1111 498 1241 571 episcopi
1257 498 1332 555 nibil
1347 500 1549 557 innovandum
1563 499 1744 572 putarimus,
1761 502 1812 557 sed

61 622 68 637 ι
106 585 930 661 sedprecesubdita:quoniametquipetiturllectide·
985 584 1134 658 lapsorum
1164 603 1265 645 eurum
1296 588 1482 646 mediocriter
1509 591 1814 663 temperandamesse

106 675 166 745 bet,
195 691 254 732 nou
280 673 416 747 incitari3
444 679 474 731 et
503 674 580 731 sicut
600 675 703 746 respici
733 674 932 732 debetdiviue
985 674 1164 731 credidimus
1179 676 1253 747 (36);
1270 681 1302 733 ut
1322 677 1453 744 iuterim,
1477 679 1549 733 dum
1575 678 1814 751 episcopusdari

2 798 5 807 ·
106 763 323 833 elementia,sic
334 763 438 836 respici
451 764 537 819 debet
548 763 839 832 etdivinaoensura;
856 763 932 820 etsi·
985 768 1074 819 clleo
1103 763 1188 820 uobis
1215 764 1388 833 sustinetur,
1417 765 1448 821 in
1472 783 1617 840 suspenso
1644 784 1748 825 eorum
1763 767 1813 840 qui

107 853 492 927 cutsoriptumoetfflcttit.
509 853 932 925 xv111,32):llonocitibtomne
985 868 1083 908 moras
1111 855 1236 924 possunt
1264 853 1412 913 dilationis
1447 856 1594 914 sustinere
1623 857 1695 930 (37),
1723 874 1814 916 cause

8 936 15 981 ?
103 942 230 1009 ,deditam
241 943 307 1014 quic
321 958 366 997 me
381 944 498 1013 reposti3
513 942 555 998 sic
570 940 711 1012 scriptum
728 948 772 997 est
786 941 862 1014 (Luc.
878 957 929 1009 xu,
985 944 1137 1009 tencatur3
1153 957 1255 996 eorum
1280 948 1379 998 autem
1405 958 1530 1015 quorum
1556 944 1622 999 vitae
1643 961 1708 1002 suae
1722 945 1812 1002 linem

1 1036 31 1060 ·'
106 1030 134 1104 9)
150 1048 157 1087 t
173 1032 229 1103 (lai
243 1046 286 1087 me
313 1033 455 1103 repererit
484 1047 578 1088 eorum
605 1032 763 1087 bominibus
788 1031 889 1102 nepotc
904 1033 931 1086 et
986 1042 1095 1098 urgens
1113 1025 1208 1083 exitus
1236 1027 1405 1085 dilationem
1434 1046 1492 1085 nou
1520 1035 1617 1105 potest
1644 1033 1733 1100 lerre,
1749 1038 1814 1090 sete

26 1138 37 1181 .·
106 1137 155 1192 epo
169 1136 233 1177 eam
254 1136 347 1177 coram
369 1120 448 1176 aro
468 1124 624 1177 Patremec
652 1122 678 1199 et
704 1136 797 1176 eorem
820 1120 932 1189 tepetis
985 1115 1156 1187 poenitentia
1170 1118 1199 1171 et
1213 1117 1344 1188 professa
1358 1119 1526 1190 frequentor
1548 1137 1672 1178 suorum
1686 1121 1813 1179 demste-

2 1198 4 1203 ’
106 1210 174 1280 eius.
191 1209 269 1266 Beue
290 1209 370 1265 enim
397 1213 429 1266 ut
454 1213 500 1265 est
528 1208 695 1281 indulgens,
711 1209 751 1263 ita
767 1212 811 1264 est
826 1223 931 1281 prece-
984 1203 1231 1272 tionelectorum,
1256 1205 1282 1261 ei
1307 1205 1457 1279 lacrymis,
1481 1208 1505 1265 si
1530 1209 1703 1282 gemitibus,
1720 1212 1746 1268 si
1761 1212 1814 1269 fle·

9 1342 27 1357 ..
106 1303 225 1370 ptorum
235 1313 358 1355 suorum
368 1296 653 1369 exactor,etquidem
664 1295 805 1369 diligeue3
816 1301 846 1352 et
855 1294 932 1352 sicut
984 1293 1065 1349 tibus
1078 1292 1205 1350 dolentis
1220 1310 1254 1351 ao
1264 1310 1331 1352 vere
1346 1297 1515 1368 poenitentis
1539 1298 1630 1356 animi
1646 1298 1736 1373 signa
1750 1317 1815 1374 pro·

107 1386 298 1458 (Mottiana,
313 1384 341 1455 3)
356 1386 393 1442 ad
408 1384 575 1443 convivium
603 1389 696 1455 vocat,
726 1385 769 1441 sic
796 1384 930 1439 habitum
985 1381 1123 1452 diderint,
1139 1400 1207 1439 oum
1227 1400 1295 1456 spes
1322 1384 1437 1442 viveudl
1466 1389 1631 1445 secuudum
1660 1388 1814 1447 bominem

40 1502 44 1511 ·
107 1476 279 1550 nuptiarum
294 1492 352 1531 uon
368 1473 535 1541 habentem,
551 1472 649 1547 ligatis
664 1473 801 1529 manibus
812 1472 931 1546 etpedi·
985 1470 1067 1528 nulls
1088 1471 1264 1542 substiterit,
1293 1473 1335 1530 ita
1365 1474 1485 1531 demum
1514 1481 1600 1533 caute
1628 1481 1659 1535 et
1687 1476 1815 1536 sollicite

4 1596 8 1601 ·
106 1565 444 1623 busextrasanotorum
462 1567 569 1619 emtum
598 1563 676 1618 iores
697 1563 800 1633 jactat.
817 1561 932 1617 Paravit
985 1560 1145 1629 subveniri,
1160 1560 1218 1617 Deo
1233 1561 1296 1633 ipso
1312 1561 1423 1620 sciente
1438 1564 1510 1637 quid
1527 1565 1563 1623 de
1585 1565 1698 1622 talibus
1713 1566 1813 1635 iaciat,

108 1653 224 1720 coelum,
240 1654 290 1709 scd
305 1652 419 1725 paravit
431 1656 460 1708 et
473 1657 627 1708 tartarum.
644 1652 758 1707 Paravit
770 1651 930 1723 refrigeria,
985 1652 1014 1705 et
1028 1648 1153 1721 qualiter
1170 1648 1276 1720 judicii
1305 1651 1349 1705 sui
1381 1655 1528 1709 examinet
1551 1654 1702 1727 pondera;
1728 1654 1815 1714 uobis

60 1758 63 1763 ·
108 1744 159 1802 sed
175 1742 391 1816 paravitetiam
413 1747 521 1798 aterna
546 1741 680 1814 suplicia.
709 1742 823 1797 Paravit
850 1741 930 1799 iusu-
985 1737 1379 1810 temeuauxieeurontibus,
1404 1746 1437 1797 ut
1460 1759 1513 1799 uec
1539 1760 1664 1816 pronam
1680 1750 1813 1802 noemam

108 1829 274 1890 cessibilem
303 1830 411 1901 lucem,
449 1830 500 1887 sed
529 1830 641 1903 paravit
668 1830 755 1886 etiam
786 1835 931 1903 perpetuu
986 1826 1112 1899 improbi
1138 1826 1275 1883 homiues
1308 1829 1429 1886 laudent
1454 1830 1637 1902 facilitatem,
1667 1848 1723 1890 nee
1748 1850 1814 1891 vere

109 1921 207 1979 noetis
222 1923 335 1976 vestam
351 1925 549 1991 eternumque
573 1920 629 1990 (33)
659 1918 824 1992 caliginem.
842 1921 933 1990 Cujus
988 1915 1159 1988 poenitentes
1175 1921 1813 1993 accussutnostramquasiduramerudeli·

1 2062 3 2067 .
108 2009 334 2083 temperamenti
363 2009 552 2065 moderamen
579 2024 632 2064 uos
661 2009 706 2063 bie
730 2013 828 2064 tenere
854 2025 933 2081 quee-
987 2009 1087 2059 tatem.
1103 2004 1245 2076 Optamus
1270 2008 1310 2074 te,
1339 2007 1508 2065 beatissime
1536 2026 1571 2066 ac
1599 2010 1813 2084 gloriosissime

107 2105 206 2157 rentes
216 2099 316 2164 diu‚ot
329 2097 447 2170 quidem
460 2097 719 2168 nrulti,etquidem
731 2114 798 2152 cum
814 2099 935 2169 quibus·
988 2098 1077 2166 Papa.
1095 2092 1123 2147 in
1139 2091 1263 2147 Domino
1278 2110 1392 2168 semper
1406 2098 1479 2154 bene
1494 2099 1589 2155 valere
1603 2105 1634 2157 et
1648 2100 1744 2157 nostri
1757 2116 1803 2158 me

108 2189 177 2245 doru
193 2187 339 2260 episeopis
358 2186 459 2243 vicinis
474 2187 560 2243 uobis
585 2186 640 2257 (34)
654 2191 683 2241 et
698 2187 935 2259 appropinquan-
990 2185 1122 2242 misisse.

107 2277 200 2346 tibus,
215 2280 243 2333 et
258 2291 332 2348 quos
346 2275 405 2348 (35)
424 2292 458 2332 ex
472 2274 538 2332 aliis
554 2274 712 2348 provinciis
727 2273 812 2348 longe
832 2275 936 2348 positis
996 2276 1008 2305 ⁹

817 2392 983 2456 variorum
1011 2401 1105 2457 notas.

149 2498 207 2571 (33)
221 2499 425 2571 AEteroamqae.
455 2495 502 2553 Sic
530 2496 600 2553 edit.
630 2497 848 2555 lermeomnes.
864 2499 933 2557 Cod.
1025 2500 1071 2572 (36
1111 2500 1298 2557 Credidimus.
1327 2500 1370 2557 lta
1397 2517 1431 2558 ex
1459 2500 1524 2557 cod.
1553 2499 1637 2557 Bodl.
1667 2519 1677 2559 1
1704 2501 1808 2576 Felice,

113 2570 207 2625 Vatia.
222 2579 250 2625 et
263 2573 385 2625 tetrum:
402 2585 490 2639 quam
502 2568 655 2625 lectionem
666 2569 695 2624 iu
707 2573 817 2626 textum
828 2570 935 2629 iuierre
989 2501 1199 2630 Weleirmsuus
1212 2578 1241 2629 et
1255 2573 1429 2630 Jaelssonoe.
1446 2571 1491 2629 Al.
1506 2572 1656 2629 creditum.
1670 2573 1760 2631 ilaue.

17 2682 22 2691 .
114 2657 173 2697 nou
188 2640 363 2696 dubitarunt
377 2642 504 2697 editores
520 2640 680 2766 inplicam.
697 2643 783 2698 Gaea.
1025 2643 1071 2715 (31
1075 2645 1082 2711 )
1097 2644 1129 2699 ln
1139 2660 1184 2701 sos
1203 2646 1312 2701 erasto...
1334 2660 1461 2701 morae...
1475 2646 1623 2701 sustinere.
1641 2646 1670 2702 lo
1685 2661 1807 2719 ererum

8 2768 15 2775 ,
148 2712 206 2785 (sl)
222 2713 330 2768 Virtute
343 2713 433 2769 notu.
461 2712 503 2767 lta
527 2712 564 2768 Fe
578 2711 625 2768 lus
639 2717 668 2768 et
681 2713 826 2771 Beluzius.
841 2714 934 2771 omit·
990 2716 1155 2771 emendavit
1200 2714 1319 2771 orellius
1334 2731 1385 2788 pro
1409 2731 1443 2772 eo
1470 2716 1545 2787 quod
1562 2722 1649 2773 antee
1663 2716 1807 2790 legebatur

111 2786 180 2839 tunt
193 2783 274 2840 notis
288 2783 500 2840 Welohmauus
513 2789 543 2840 et
556 2784 730 2841 Jacksouus.
989 2788 1020 2841 tn
1034 2787 1186 2858 suspendio.
1204 2789 1283 2844 Unus
1296 2786 1371 2843 liber
1386 2803 1470 2843 meus
1496 2787 1583 2843 babet
1596 2796 1659 2845 octo
1671 2804 1803 2862 serpena.

5 2894 11 2911 .
50 2890 53 2895 -
150 2856 207 2929 (35)
223 2859 255 2912 ut
267 2872 342 2928 ocos.
367 2855 608 2926 conjunctionem
623 2864 650 2911 et
672 2857 836 2912 redundare
851 2861 935 2929 putat
990 2857 1056 2913 Mox
1070 2859 1134 2915 cod.
1150 2857 1451 2931 Gratianopolilanus,
1463 2860 1590 2942 occisoris
1603 2868 1718 2930 possunt
1729 2861 1803 2917 diiec-

1 2934 13 2948 ”
112 2924 336 2984 Welobmenus.
355 2927 500 2983 lucksono
529 2932 628 2984 eutem
655 2944 761 2984 sensus
780 2929 936 2986 videturet
990 2932 1247 2987 tionemsuatiuere.
1258 2930 1440 2987 vetustiores
1455 2931 1608 3002 edltroues,
1619 2932 1689 3003 sorte
1702 2934 1803 3005 possm

30 3032 34 3037 -
111 3014 175 3054 eum
189 2998 353 3070 quibusdam
366 3014 441 3070 quor.
457 2998 523 3054 idox
536 3000 618 3056 deest
634 3001 730 3070 positis
745 2999 775 3055 iu
790 3003 853 3058 cod.
870 3002 936 3058 Ltu-
989 3001 1123 3058 ditatione
1136 3004 1278 3058 startiam.
1296 3001 1403 3059 Bruuz.

112 3069 190 3127 coln.
204 3073 290 3126 Grec.

12 3246 16 3255 “
111 3244 1800 3294 Μ

768 3429 846 3471 aaut)
860 3428 963 3471 beurim
977 3430 1160 3472 catti-cutm.

379 3642 903 3848 SANCTUS
968 3646 1398 3850 LUCIUS
1465 3646 1541 3889 Ι,

709 3989 837 4074 ΡΛΡΑ
867 3991 940 4076 ΕΤ
966 3990 1231 4081 MARTYR.

645 4315 900 4413 NOTITIA
933 4318 1289 4417 HISTORICA.

151 4676 253 4734 locius
267 4677 402 4750 Pontifex
428 4679 573 4737 ordinatur
586 4698 654 4737 ouo.
680 4680 744 4747 252,
760 4697 853 4738 mense
873 4681 978 4761 Sep-0
997 4681 1147 4755 perierint,
1163 4699 1198 4739 ex
1213 4682 1304 4740 alters
1318 4685 1430 4751 umen,
1456 4699 1521 4756 quos
1548 4683 1646 4739 adbuc
1668 4664 1793 4742 erratui

115 4766 944 4841 tembriuelOctobri.-l³ostGorneliimartyriumbueius
998 4772 1134 4828 eumdem
1160 4776 1226 4845 post
1247 4772 1374 4829 reditum
1405 4773 1486 4840 date,
1516 4772 1546 4828 id
1571 4776 1666 4829 totum
1691 4760 1793 4853 constal:

115 4853 146 4910 lu
161 4855 226 4923 ejus
246 4854 342 4911 locum
358 4856 510 4913 ordinatus
524 4856 560 4912 25
575 4858 762 4930 septembris,
780 4861 821 4914 uti
837 4858 945 4933 Pagina
999 4881 1014 4911 a
1029 4864 1127 4932 Nuper
1141 4860 1270 4932 quidem,
1287 4882 1303 4911 »
1331 4861 1434 4919 scribit
1461 4861 1625 4936 Cyprianus
1654 4861 1702 4933 (2),
1724 4848 1794 4909 «tibi.

114 4942 478 5001 etMaurinierbitrsntur
501 4946 550 5017 (l),
582 4945 626 5001 vel
654 4946 689 5001 28
718 4947 945 5020 octobriejuxta
999 4951 1087 5006 irater
1101 4949 1284 5016 charissime,
1300 4950 1439 5023 gratulati
1454 4968 1571 5021 sumus,
1588 4967 1658 5007 cum
1673 4955 1699 5006 te
1713 4945 1794 5002 bonor

115 5031 287 5100 Risucbiui;
308 5032 470 5093 Romanam
485 5036 585 5091 sedem
610 5035 658 5090 vir
680 5036 813 5108 adeptus,
839 5037 944 5109 jussus
999 5038 1146 5112 geminato
1164 5038 1194 5094 iu
1216 5038 1350 5095 llocleeiae
1367 5056 1426 5095 suu
1440 5040 1696 5097 administratione
1709 5028 1794 5093 cubiti·

117 5126 164 5177 est
178 5120 321 5178 exsulare.
336 5120 410 5180 llluo
424 5140 492 5180 eum
517 5123 680 5196 Cyprianus
695 5124 796 5180 eodem
813 5131 944 5200 tempore
999 5143 1094 5184 sorem
1111 5128 1262 5200 peniteret
1276 5128 1459 5186 sacerdotem
1474 5128 1632 5187 constituit
1646 5127 1738 5184 divim
1749 5114 1795 5183 dig·

19 5256 22 5261 .
117 5208 331 5267 ordinationem
347 5213 421 5284 ejus,
446 5228 479 5268 ae
500 5211 636 5269 exsilium
653 5212 795 5283 audisset,
811 5229 944 5272 eommu-
1000 5217 1089 5283 natio,
1101 5217 1151 5273 sed
1168 5220 1285 5273 etnuue
1296 5234 1354 5273 uon
1366 5217 1570 5275 minustibiet
1583 5216 1736 5274 comitibus
1747 5200 1795 5266 ruit.

117 5296 274 5356 nicatorias
286 5317 318 5357 se
329 5300 547 5375 gratulatorios,
559 5317 613 5358 suo
626 5299 865 5376 collegarumque
879 5321 945 5362 suo·
999 5312 1086 5378 etque
1101 5307 1244 5363 universe
1259 5304 1433 5363 inclamitati
1448 5306 1647 5380 gratulamur,
1662 5306 1737 5380 quod
1750 5301 1797 5356 ⁶¹¹m

118 5399 185 5440 rum
200 5387 329 5458 nomine,
357 5390 497 5463 epistolas
526 5390 562 5446 sd
591 5405 659 5446 eum
687 5389 780 5461 misit,
797 5407 862 5464 quo
888 5393 944 5451 etsi
999 5395 1101 5452 eadem
1116 5394 1220 5467 gloria,
1235 5397 1265 5450 et
1286 5393 1426 5453 laudibus
1448 5395 1554 5453 vestris
1568 5384 1796 5453 mdumsvoelt

117 5524 278 5658 loglloftag.
301 5531 348 5591 ed·
377 5550 446 5593 auu.
474 5533 539 5606 252,
554 5532 571 5611 ἐ
599 5533 652 5609 143
668 5530 737 5593 utre
760 5534 794 5592 de
819 5537 943 5611 venta,
1035 5536 1073 5612 (2)
1088 5536 1236 5611 cypriam,
1250 5535 1303 5613 llp.
1317 5536 1364 5617 et,
1379 5536 1419 5595 od
1431 5538 1559 5615 tadum,
1574 5536 1615 5599 al.
1629 5537 1676 5601 58.
