3900 6112
113 5686 125 5735 1

164 268 224 334 Mil
810 276 863 338 llll
885 274 1040 341 MliiUGll
1062 275 1233 341 OCTAVIO
1813 276 1879 342 108

163 415 306 477 perquem
320 401 493 478 longissime
506 406 661 466 excurrit?
681 407 740 467 lieo
767 409 897 468 minores
921 410 992 467 eant
1006 410 1035 480 Α
1049 411 1161 468 textum
1177 412 1376 486 representat,
1393 427 1555 487 omnesque
1564 427 1636 472 sues
1650 411 1882 474 animadversio-

162 489 244 547 illius
258 491 454 565 digressiones
469 495 505 552 de
528 495 663 553 Mercurii
678 498 796 555 nomine
824 502 853 556 et
872 497 988 572 ciliciis,
1046 515 1099 558 nes
1113 501 1148 557 ad
1163 498 1244 558 illius
1259 499 1370 558 calcem
1386 500 1510 574 rerciti

162 578 213 635 ubi
229 594 247 637 ιι
261 580 388 639 Minuolo
404 582 827 659 simpliciterdiciturpedibus
838 587 925 645 alatis
939 587 991 644 de·
1081 589 1188 656 Quanti
1203 592 1302 647 autem
1317 590 1471 660 momenti,
1499 594 1529 647 ιι
1554 594 1662 663 quanto
1677 590 1791 649 ceteris
1805 607 1884 666 pras·

163 667 278 742 pictus:
294 671 330 727 da
346 673 567 743 sternutatione,
583 674 634 732 ubi
660 676 788 734 Socratis
810 677 990 734 demonium
1045 677 1202 735 stantiores
1220 678 1281 735 sint
1306 680 1439 752 ejusdem
1467 679 1603 738 Gronovii
1632 683 1718 748 note,
1744 680 1770 738 si
1798 681 1877 740 scira

164 764 411 819 commemoretur
427 779 435 818 z
455 766 543 837 atque
557 763 664 821 utalia
680 765 755 823 bene
768 766 863 823 multe
877 771 994 840 preter·
1047 781 1141 835 aveas,
1158 767 1188 823 id
1203 767 1256 823 tibi
1276 768 1453 842 quibusdam
1481 768 1622 840 exemplis
1638 770 1877 842 patefaciendum

164 846 327 916 mittamus,
342 850 460 909 decane
470 851 594 927 aliisque
604 854 781 913 animalibus
795 855 993 930 queAEgyptii
1046 858 1101 912 eet.
1124 855 1254 913 Primum
1269 856 1369 930 itaque
1393 862 1514 915 annotat
1538 857 1585 914 bis
1613 857 1733 918 Minucii
1756 858 1877 917 verbis:

164 935 308 1008 colebant,
323 955 449 1012 quorum
462 941 609 1000 Minucius
620 942 733 1002 nullam
748 945 855 1002 iecerat
870 944 993 1003 mentio-
1047 964 1062 996 «
1080 944 1111 1000 ln
1131 944 1277 1017 proterite
1299 947 1423 1013 sandica,
1450 965 1464 999 ι
1484 947 1718 1004 ι111ιιι1ιιίιιιιι
1742 947 1880 1005 exhiberi

163 1041 242 1083 nem.
257 1027 312 1084 Sed
327 1028 389 1087 ιιι
400 1029 523 1088 fortasse
535 1031 714 1105 quibusdam
727 1033 907 1092 videbuntur
920 1032 993 1092 taci-
1047 1044 1121 1088 verre
1131 1032 1337 1106 jucunditatis,
1352 1034 1507 1107 praeteritis
1522 1034 1637 1108 gaudiis
1656 1039 1808 1109 percepta,
1826 1035 1881 1094 de·

161 1113 220 1172 llus
232 1117 425 1176 condonanda
442 1119 631 1193 adolescenti,
647 1124 782 1196 quicum
806 1140 912 1181 vanam
927 1139 993 1181 eru·
1047 1119 1248 1193 scriptionem.
1264 1122 1346 1189 Quod
1363 1121 1482 1196 quidem
1498 1122 1547 1180 ille
1561 1122 1688 1180 'l'ulliiet
1701 1123 1879 1198 Vespasiani

161 1203 301 1263 ditionem
316 1223 401 1265 suam
417 1211 668 1282 ostentarevellet,
683 1212 901 1270 observationes
912 1229 994 1273 suas,
1047 1208 1198 1284 exemplis,
1223 1210 1297 1267 nihil
1327 1212 1432 1286 magis,
1461 1228 1549 1287 quam
1579 1212 1637 1270 ilia
1655 1212 1823 1282 innumera,
1839 1213 1878 1271 &tl

161 1314 177 1346 ι
193 1294 293 1367 praelo,
306 1316 321 1347 ιι
343 1305 375 1354 ιιι
389 1298 454 1371 ipse
480 1299 532 1373 ait,
563 1321 578 1353 e
606 1305 772 1359 currente»
800 1302 907 1374 editas,
934 1320 993 1361 non
1047 1299 1230 1374 propositum
1260 1299 1445 1373 iacientibus,
1475 1301 1600 1376 probare
1633 1304 1764 1359 conatur.
1793 1303 1880 1360 Tune

161 1383 258 1456 potuit
272 1384 537 1446 iacerehreviores.
551 1390 606 1448 scd
636 1389 749 1447 nullam
765 1394 864 1448 tamen
879 1391 992 1449 Grono-
1048 1387 1184 1446 continno
1199 1388 1242 1446 sio
1257 1389 1463 1464 prosequitur:
1483 1412 1498 1443 ι
1523 1391 1606 1448 Certe
1629 1390 1707 1465 quod
1723 1389 1771 1447 bic
1785 1390 1876 1462 oculi,

161 1471 228 1530 ιίιι
244 1473 270 1531 ei
284 1475 398 1535 veniam
414 1478 484 1535 dare
497 1479 601 1552 potuit.
618 1479 693 1539 Nam
704 1480 789 1539 illum
806 1479 935 1554 appellat
949 1479 993 1536 vi·
1047 1475 1078 1534 in
1094 1476 1160 1534 aliis
1174 1481 1270 1550 potest
1285 1477 1399 1536 allicere
1420 1479 1575 1553 cogitatio;
1591 1478 1651 1536 imo
1666 1496 1703 1537 ne
1725 1479 1835 1552 vivam,
1852 1480 1878 1538 si

163 1576 230 1619 rum
245 1562 339 1621 lerum
354 1569 383 1622 et
397 1565 993 1643 ferreum,accommentatoremimpium‚
1048 1581 1105 1622 non
1121 1565 1182 1623 beo
1198 1566 1322 1624 felicitas
1337 1583 1383 1624 me
1398 1583 1451 1642 per
1476 1585 1568 1626 annos
1596 1584 1677 1626 meos
1698 1569 1879 1642 comitetur;

164 1650 216 1725 qui
229 1651 304 1710 falso
318 1654 883 1729 venditatanimadvemioneejsibituieec
894 1681 905 1710 ι
918 1674 993 1733 pra·
1048 1657 1124 1712 utet
1138 1655 1300 1713 domestice
1314 1672 1361 1714 me
1376 1657 1499 1715 felicitas
1528 1657 1705 1730 consoletur,
1727 1662 1757 1716 et
1770 1657 1880 1716 Cauta·

164 1738 193 1799 lo
208 1746 371 1800 currente·
396 1747 491 1804 natas.
517 1746 680 1805 scelestum
707 1748 867 1820 enimvero,
896 1747 995 1821 inquit
1047 1741 1148 1816 brigia
1162 1743 1258 1801 vivam
1286 1761 1354 1802 oum
1381 1744 1428 1804 Jo.
1456 1746 1627 1816 Pearsonio,
1656 1746 1779 1804 Lutetia
1810 1764 1879 1806 cnm

165 1828 226 1904 ille,
240 1835 311 1889 sunt
325 1834 553 1910 receptaculum,
577 1853 635 1910 qao
664 1854 720 1896 sua
747 1837 877 1895 condidit
904 1837 994 1909 lucta,
1048 1832 1136 1890 llenr.
1151 1832 1277 1905 Valeslo,
1292 1833 1443 1892 Florentia
1463 1850 1531 1893 cum
1559 1836 1628 1893 Ant.
1652 1835 1878 1911 Magliabeqnio,

167 1934 231 1994 qua
243 1919 316 1979 diris
330 1923 427 1997 potius
439 1924 631 1995 debebantur,
652 1925 709 1984 ῃιιῑ
726 1925 825 2002 aliqua
839 1942 875 1985 ιχ
888 1927 936 1985 ,ιιι
950 1928 995 2002 ip.
1048 1920 1119 1978 viris
1138 1921 1175 1980 ab
1190 1922 1271 1979 omni
1285 1923 1423 1980 doctrin·
1438 1922 1526 1982 laude
1550 1924 1731 1984 beatissimis
1752 1925 1783 1983 in
1795 1933 1880 1985 ater·

166 2007 292 2069 siuamet
306 2011 442 2071 tironouii
456 2016 549 2087 patre,
575 2015 749 2089 lloxbomio,
765 2016 871 2074 Voaaio
885 2019 916 2074 et
932 2015 996 2076 lllia
1050 2025 1133 2067 num·
1147 2031 1162 2062 a
1174 2014 1268 2085 Papo,
1284 2028 1371 2084 quam
1385 2012 1535 2086 preclare,
1551 2029 1642 2086 quem
1657 2013 1876 2088 erudita,quam

167 2098 287 2158 bohemo
302 2101 473 2177 accepisset.
492 2103 549 2161 Sed
564 2104 614 2178 qui
639 2121 698 2162 non
724 2104 866 2163 fatebitur
881 2106 996 2180 gravio
1051 2100 1217 2157 necessaria
1230 2104 1293 2159 orti
1305 2100 1368 2161 hoo
1393 2101 1575 2161 observatio!
1597 2102 1669 2169 Quis
1686 2118 1828 2178 unquam.
1843 2120 1880 2162 8⁸

166 2204 241 2257 rem,
255 2192 285 2247 et
298 2187 352 2247 viri
368 2192 463 2266 magis
476 2191 687 2265 reflecterent,
702 2211 792 2268 quem
799 2195 875 2268 aqut
883 2194 996 2268 judicis
1051 2190 1257 2262 pretermissa,
1272 2189 1432 2248 Minucium
1445 2190 1524 2250 clarc
1542 2190 1661 2250 omnino
1676 2195 1705 2251 et
1723 2193 1881 2267 perspicuo

167 2277 244 2336 hano
258 2294 323 2338 essa
338 2296 507 2340 censuram.
1050 2276 1220 2351 loquentem
1234 2278 1508 2354 audirepotuisseti

203 2384 345 2444 callarius
356 2402 423 2447 vero
439 2388 496 2445 trie
509 2388 540 2445 in
555 2388 618 2446 suis
632 2389 710 2447 uotis
726 2406 760 2448 se
771 2390 944 2465 prestitisse
960 2391 999 2448 sl·
1088 2385 1142 2443 Ubi
1167 2402 1232 2445 vero
1259 2386 1392 2445 Caecilius
1419 2388 1521 2446 dixit«
1536 2388 1659 2447 nebulae
1676 2405 1795 2464 semper
1808 2391 1881 2448 edo·

168 2473 300 2549 gnitlcat.
316 2475 412 2534 Primo
419 2476 561 2535 redditam
570 2481 692 2535 textusa
705 2494 737 2536 se
752 2478 898 2537 emendati
907 2479 999 2539 ratio·
1051 2474 1170 2549 lesocre,
1186 2496 1201 2528 ιι
1215 2475 1256 2533 11ιί
1271 2476 1357 2550 plura
1379 2477 1416 2534 de
1443 2478 1549 2536 Grecis
1562 2478 1732 2537 nominibus
1746 2497 1765 2539 a
1777 2478 1879 2558 νεφέλη

169 2579 248 2621 nem.
265 2563 397 2623 Secundo
411 2565 549 2624 historiae
569 2571 598 2626 et
625 2566 751 2639 tubulas,
772 2568 798 2625 si
813 2584 877 2642 que
892 2569 1000 2627 obsou·
1052 2569 1082 2622 et
1094 2564 1186 2640 νέφος,
1201 2565 1266 2625 ideo
1276 2567 1416 2640 congerit,
1431 2585 1490 2625 non
1506 2573 1538 2625 ut
1548 2568 1674 2626 auctoris
1689 2569 1737 2628 sui
1766 2573 1882 2627 textum

170 2652 263 2712 riores
275 2657 354 2727 suut,
377 2653 531 2726 illustrari,
559 2671 593 2713 ιι
621 2657 739 2715 tandem
764 2655 856 2715 latina
882 2657 1001 2722 Minucii
1053 2654 1187 2727 explicet,
1202 2655 1254 2712 sed
1269 2659 1302 2711 ut
1315 2655 1466 2730 Pricaeum,
1482 2660 1510 2715 et
1538 2656 1681 2716 Gallicum
1710 2657 1800 2732 hujus
1814 2657 1884 2716 libri

171 2743 270 2816 verba,
285 2744 310 2800 si
326 2745 442 2817 quaudo
457 2744 555 2803 minue
571 2745 682 2804 usitate
696 2750 747 2804 aut
760 2746 927 2805 dilllclliora
950 2765 1001 2806 oo·
1054 2744 1241 2817 interpretem
1256 2745 1423 2819 redarguat.
1867 2748 1872 2755 '

173 2835 293 2891 currant
307 2832 415 2891 clarius
429 2832 588 2892 enucleari.
603 2837 642 2892 st
656 2833 687 2892 in
711 2834 759 2893 hia
771 2835 1000 2895 animadversio·
1090 2833 1146 2891 Sed
1161 2833 1278 2908 lougius
1293 2833 1389 2891 adhuc
1403 2839 1504 2907 postea
1518 2840 1668 2911 evagatur,
1683 2836 1734 2894 ubi
1749 2836 1883 2895 Caecilius

175 2923 275 2991 nibus,
288 2924 340 2980 aut
353 2921 440 2998 plura
459 2923 496 2981 ab
518 2922 584 2981 aliis
598 2923 678 2982 dicta
691 2924 805 2999 repetit,
834 2929 885 2983 aut
908 2925 1002 2985 multa
1053 2921 1227 2980 Christianis
1240 2922 1349 2996 objecit
1372 2922 1487 2980 nullum
1512 2923 1656 2983 exinteris
1669 2925 1715 2983 vel
1729 2925 1885 2984 Protesilai

174 3014 266 3073 tacita
288 3011 434 3085 relinquit,
451 3029 516 3088 quse
535 3012 609 3071 nibll
623 3013 737 3072 ceteris
763 3014 863 3072 minus
890 3015 1002 3090 exposi-
1055 3015 1134 3070 sorte
1148 3027 1304 3081 remeasse,
1324 3035 1334 3064 ι
1351 3011 1490 3071 horarum
1506 3014 1610 3071 saltem
1635 3015 1780 3088 permisso
1804 3031 1887 3074 com·

175 3102 442 3177 tioneindigebant.
1057 3105 1167 3159 meatu.
1184 3123 1199 3152 ιι
1214 3101 1348 3158 Primum
1362 3101 1441 3159 anim
1459 3118 1513 3159 nos
1526 3102 1575 3161 illo
1589 3104 1728 3161 admonet
1742 3103 1818 3161 nihil
1830 3103 1886 3162 baa

209 3194 352 3251 Praeterea
365 3192 490 3250 lacobus
504 3191 668 3250 Gronovius
692 3191 768 3249 bano
797 3190 939 3260 omnium,
964 3153 1038 3250 dec
1057 3190 1160 3248 Latina
1173 3190 1373 3247 enuntiatione
1388 3207 1454 3248 esse
1474 3195 1526 3248 eut
1551 3191 1716 3263 venustius,
1730 3195 1785 3251 aut
1804 3193 1885 3268 quod

172 3282 281 3358 quibus
303 3282 446 3340 hactenus
460 3281 587 3355 egimus,
607 3285 745 3340 notarum
772 3280 1002 3340 animadversio·
1055 3278 1113 3353 ipsi
1142 3280 1237 3353 magis
1266 3279 1417 3352 placuerit.
1445 3279 1555 3337 Deinde
1583 3296 1651 3337 vero
1679 3281 1745 3339 tuse
1771 3281 1889 3356 lamque

171 3387 302 3445 numque
318 3369 520 3430 collectionem
537 3370 610 3427 nibil
625 3369 705 3427 aliud
726 3385 791 3452 epse
811 3369 927 3443 asserit,
943 3370 1002 3429 nisi
1055 3368 1170 3442 probat,
1186 3366 1241 3424 hoo
1256 3367 1318 3424 solo
1333 3372 1363 3425 ot
1375 3367 1502 3441 eleganti
1519 3368 1646 3442 genitivo
1675 3391 1691 3421 e
1713 3367 1859 3428 horarum
1871 3392 1887 3422 ιι

170 3461 348 3535 indigestam
362 3459 437 3518 807
456 3459 579 3528 molem,
599 3458 751 3517 colluviem
776 3459 934 3533 inlinitum,
958 3462 1002 3518 at·
1054 3456 1215 3530 significari
1230 3456 1720 3532 exiguamtemporispartem,que
1733 3476 1794 3519 non
1809 3460 1889 3517 ιιΙιιι

170 3567 227 3624 que
242 3551 362 3607 insanas
380 3567 398 3606 a
412 3548 531 3606 Minucii
548 3551 630 3606 textu
648 3548 860 3623 digressiones.
875 3550 912 3607 Αι
926 3557 1002 3608 certe
1054 3562 1148 3604 unum
1162 3547 1240 3605 diem
1253 3546 1438 3620 processerit.
1454 3547 1524 3616 Quis
1553 3563 1696 3621 unquam,
1721 3549 1832 3607 amabo
1847 3553 1885 3618 te,

170 3639 307 3715 quamvis
317 3638 444 3695 fateatur
457 3638 585 3695 absurda
598 3637 650 3695 illa
659 3642 688 3695 et
699 3637 800 3696 inutili
816 3639 1001 3697 animadvar·
1055 3635 1115 3695 nisi
1130 3638 1267 3693 monente
1281 3634 1358 3693 808
1374 3635 1528 3710 Gronovio,
1537 3636 1567 3692 id
1578 3635 1677 3694 animo
1691 3638 1886 3712 percepisset?

171 3728 290 3788 stonum
304 3727 420 3785 luxurie
433 3728 570 3786 eumdem
595 3726 717 3786 Minucii
741 3731 851 3785 textum
880 3728 1001 3787 omnino
1059 3724 1189 3800 Denique
1215 3725 1324 3783 lanam
1350 3724 1579 3795 Brouxbusium,
1609 3726 1660 3800 qui
1687 3728 1756 3784 ente
1787 3743 1887 3786 vocem

127 3831 135 3843 ’
172 3822 347 3893 prepostero
361 3817 445 3875 obrui
460 3834 494 3875 aa
506 3817 667 3892 submergi,
696 3816 895 3890 pluratamen
912 3816 1001 3876 ineis
1056 3813 1256 3871 «horarum»
1287 3812 1376 3870 scribi
1403 3812 1524 3872 voluit«
1550 3829 1723 3888 paucarum,
1752 3836 1768 3868 ιι
1785 3816 1886 3874 acriter

172 3907 388 3965 omissaiuiase
409 3906 553 3980 deplorat,
584 3905 880 3980 qulbuesdmasius,
897 3907 1001 3963 lirum·
1054 3902 1188 3977 castigat,
1204 3902 1341 3976 additque
1355 3918 1387 3960 se
1414 3903 1451 3959 ab
1480 3901 1531 3959 illo
1563 3905 1644 3960 omni
1663 3906 1884 3964 mendaciorum

172 4012 282 4065 merus,
297 3997 462 4063 llrneetius
477 4000 506 4053 et
520 3993 864 4071 potissimumlobannee
876 3994 1001 4054 l‘rioeus
1054 3989 1334 4063 calumniarumque
1349 4006 1456 4065 genere
1478 3995 1625 4049 vexatum.
1645 3991 1761 4053 Siccine
1774 4009 1846 4068 orgo
1860 3995 1885 4053 el

170 4086 276 4144 alienis
290 4087 320 4143 in
335 4084 419 4155 locis,
444 4085 571 4142 obscura
599 4084 734 4158 quadam
761 4082 890 4141 auctoris
905 4083 999 4141 nostrl
1054 4081 1165 4154 potius,
1185 4096 1274 4154 quam
1289 4079 1367 4148 aliis,
1382 4079 1426 4138 ies
1440 4079 1496 4137 init
1521 4081 1600 4139 notis
1619 4079 1806 4157 longioribus
1829 4100 1882 4142 uon

170 4173 236 4235 loca
249 4175 407 4235 emendare
421 4177 473 4231 aut
486 4172 639 4231 enucleare
653 4175 850 4230 tentaverunt.
1052 4168 1149 4227 solum
1163 4168 1277 4242 digredi
1292 4168 1328 4226 ab
1343 4169 1470 4228 auctoris
1480 4168 1543 4227 suis
1557 4168 1717 4247 proposito,
1728 4172 1782 4230 sed
1791 4173 1885 4248 prica-

205 4283 399 4352 Quamobrem
415 4281 441 4337 is
456 4281 520 4354 ipse
528 4279 701 4349 Gronovius,
716 4279 748 4336 in
764 4293 819 4336 sua
832 4276 999 4351 hujuslibrl
1054 4261 1100 4317 ω
1112 4275 1232 4332 (111011110
1246 4258 1372 4330 illinisti
1386 4257 1513 4315 ῦῙθῑῦῢῘῩ

171 4371 303 4431 omnium
316 4371 421 4429 ultima
436 4370 574 4438 editione,
602 4366 807 4442 superioribus
826 4365 884 4425 illis
899 4367 998 4426 obser·
1088 4366 1144 4424 Sed
1162 4367 1291 4440 agedum
1307 4365 1409 4439 quisin
1420 4363 1587 4437 hujuslibri
1598 4366 1780 4427 editionibus
1794 4369 1887 4428 anim·

170 4461 349 4532 actionibus,
365 4459 390 4517 si
406 4459 551 4533 quasdam
564 4456 676 4516 Ouzelil
695 4457 855 4531 exceperis,
870 4456 924 4515 bes
934 4455 1009 4519 Sais
1056 4455 1257 4513 adversionem
1272 4453 1403 4528 aliquam
1423 4452 1544 4526 protulit
1571 4471 1604 4512 eu
1630 4454 1884 4532 longioremque

172 4550 260 4610 masii
274 4548 470 4623 aliorumque,
492 4552 521 4605 ιι
548 4564 617 4604 suae
632 4547 748 4621 adjecit.
764 4545 873 4604 Verum
888 4545 918 4602 in
942 4562 1003 4604 eas·
1016 4528 1041 4596 D
1056 4543 1158 4602 ι1)1ΙΙι
1173 4543 1284 4618 scripta
1306 4548 1350 4600 est
1364 4542 1394 4600 in
1410 4543 1470 4599 beo
1494 4559 1588 4616 pauca
1601 4542 1720 4602 Minucii
1735 4546 1773 4604 de
1787 4546 1885 4606 Dianas

173 4642 251 4708 dem,
268 4655 342 4713 quas
370 4638 400 4694 in
416 4637 482 4696 aliis
506 4640 587 4695 tanta
608 4636 786 4694 confidentia
814 4636 999 4706 condemnat,
1055 4632 1213 4692 simulacro
1229 4633 1316 4690 verba
1340 4650 1378 4690 :a
1395 4630 1533 4689 Mammie
1556 4631 1668 4702 multis,
1697 4635 1728 4691 et
1754 4635 1886 4694 verubus

173 4728 370 4788 aberratione·
385 4727 588 4802 imprudenter
610 4726 730 4783 omnino
758 4723 908 4783 dilabitur.
925 4725 1000 4784 Lon·
1053 4720 1224 4780 exstructa?
1238 4721 1278 4778 lix
1292 4720 1372 4779 enim
1386 4719 1467 4777 illius
1480 4719 1547 4776 libri
1563 4720 1724 4796 etamplius
1738 4721 1804 4781 hasa
1818 4727 1890 4784 note

172 4818 304 4894 gioribus
327 4817 435 4875 etenim
465 4815 560 4890 ipsius
596 4814 791 4888 aliorumque,
820 4830 892 4886 quas
920 4817 1002 4871 tran·
1055 4811 1178 4885 paginas
1192 4809 1306 4884 implet,
1321 4813 1350 4868 et
1376 4807 1545 4882 integruibi
1572 4810 1717 4870 Holstenii
1743 4811 1889 4886 Epistola,

173 4907 303 4982 scripsit,
312 4904 664 4978 annotationibus,textus
676 4901 796 4960 Minucii
806 4903 893 4976 longe
906 4901 1002 4976 magis
1055 4900 1134 4958 baud
1155 4898 1245 4957 semel
1273 4898 1362 4967 edita,
1390 4898 1608 4956 transcribitur.
1640 4899 1742 4958 Nonne
1770 4904 1888 4976 poterat

173 5014 263 5073 quem
278 4997 309 5054 in
323 4991 525 5069 superioribus
540 4990 719 5050 editionibus
740 4989 826 5064 plane
845 4991 1000 5064 mergitur.
1055 5004 1130 5062 eam,
1146 4988 1172 5046 si
1186 4989 1407 5055 necesseesset,
1422 4987 1518 5044 autin
1548 4986 1615 5045 libri
1641 4987 1751 5047 calcem
1780 5006 1890 5049 aman·

172 5086 276 5144 Plures
290 5085 438 5159 siquidem
451 5081 551 5139 videre
566 5085 610 5138 eet
624 5078 757 5153 paginas,
772 5077 804 5136 iu
820 5078 1001 5153 quibusnul·
1056 5078 1135 5149 dare,
1152 5080 1204 5135 aut
1218 5092 1254 5134 ex
1268 5075 1317 5133 illo
1338 5075 1588 5149 quemadmodum
1613 5093 1648 5135 ex
1674 5079 1819 5150 Woveeri‚
1835 5080 1890 5139 lita·

171 5177 235 5234 lum
263 5178 358 5233 exstat
385 5170 506 5230 Minucii
525 5167 667 5236 verbum3
696 5167 727 5223 in
752 5167 818 5224 aliis
844 5183 912 5224 vero
941 5183 1002 5224 una
1056 5165 1240 5235 menborstii,
1254 5163 1436 5237 aliorumque
1463 5163 1729 5236 observationibus,
1749 5169 1887 5242 quedam

171 5270 297 5331 tantum,
313 5256 502 5319 autduaevel
521 5261 592 5320 tres.
624 5254 790 5312 incaeteris
815 5254 1001 5330 paucissima
1055 5254 1193 5322 delibare,
1210 5269 1273 5327 que
1289 5252 1463 5310 adauctoris
1479 5253 1811 5328 nostri-explicationem
1825 5274 1890 5317 ma·

68 5366 71 5373 ·
174 5353 267 5428 ipsius
283 5353 378 5408 textus
392 5346 485 5405 lineas.
503 5345 574 5413 Quis
594 5344 686 5419 igitur
700 5342 875 5402 diffitebitur
901 5344 1002 5417 ipsum
1055 5341 1100 5417 gis
1115 5342 1326 5400 conducebant.

175 5440 338 5508 Ourelium,
354 5437 441 5505 culus
455 5438 540 5491 notae
553 5433 715 5490 Gronovius
742 5437 824 5488 tanto
840 5432 1000 5507 despicatui
1090 5432 1196 5487 Verum
1212 5433 1241 5486 et
1255 5446 1309 5487 nos
1324 5427 1381 5503 ipsi
1396 5428 1545 5501 longiores
1567 5430 1670 5506 utique
1696 5448 1847 5506 essemus,
1863 5436 1888 5494 si

176 5530 326 5586 ducendas
340 5526 509 5596 arbitratur,
538 5523 623 5598 longe
651 5524 742 5582 luisse
768 5523 999 5597 prudentiorem,
1054 5521 1113 5579 alia
1139 5518 1275 5578 Gronovii
1304 5519 1351 5576 bis
1365 5518 1479 5577 similas
1493 5525 1577 5577 notas
1592 5520 1768 5595 singillatim
1783 5541 1886 5584 recen·

177 5618 228 5691 qui
244 5635 300 5678 sua
326 5616 356 5676 in
385 5615 500 5674 editore
524 5616 619 5673 totum
646 5613 854 5688 integrumque
881 5611 1001 5674 Minucii
1054 5608 1284 5681 remeabamus,
1299 5611 1388 5681 atque
1402 5607 1469 5667 illae
1483 5608 1514 5666 in
1528 5608 1643 5683 primis,
1657 5610 1769 5685 quibus
1784 5629 1886 5676 recem
