3892 6104
35 333 74 394 ω
452 324 530 387 PRO
551 322 606 386 SS.
629 321 852 395 passarus,
875 320 1109 385 FELICITATE
1129 320 1182 384 ΕΤ
1203 321 1339 386 sotus.
1705 330 1746 394 66

39 479 89 538 pro
114 457 256 532 martyrii
279 458 374 531 ipsius
397 457 592 527 veneratione,
618 455 770 525 dederunt,
787 461 819 511 ut
833 455 869 511 de
882 454 910 523 Α
924 459 1015 523 retur,
1032 458 1060 511 et
1088 471 1121 512 eo
1136 456 1214 527 quod
1230 457 1292 530 ipse
1307 456 1449 513 describit
1466 458 1564 517 studio
1579 460 1699 519 luerunt
1713 481 1747 521 ac

40 550 237 626 passionibus
251 564 353 605 eorum
370 547 475 613 multa,
491 551 541 604 aut
551 562 641 620 prope
650 546 784 614 dixerim,
798 562 871 618 pene
927 542 1078 616 diligentia
1092 544 1283 630 concinnata:
1301 547 1431 619 adeoque
1442 548 1651 607 mediosseculo
1660 553 1747 609 tertio

41 644 148 698 cuncta
164 637 406 711 conscripserint,
423 641 456 692 ut
471 637 507 693 ad
522 640 652 692 nostram
667 652 785 709 quoque
801 636 874 691 noti·
928 631 1019 707 fuisse
1044 637 1219 707 Perpetuam
1244 635 1365 706 ejusque
1384 636 1479 693 socios
1493 639 1675 713 carthagine,
1697 641 1749 698 ubi

42 729 124 797 bam,
145 728 198 801 qui
215 727 347 785 nondum
364 725 424 782 nati
441 725 561 798 suimus,
578 725 769 798 pervenirent.
783 747 797 774 n
808 723 873 779 Hae
929 722 1104 795 sanguinem
1121 723 1266 791 fuderant,
1278 741 1329 796 pro
1345 725 1421 782 veris
1431 728 1608 802 martyribus
1619 728 1747 801 habitos,

44 817 138 876 Pontii
155 817 253 874 rerba
266 820 417 891 Perpetuae
431 819 460 871 et
474 813 633 872 Felicitatis
647 819 712 872 acta
727 813 816 888 digito
828 830 874 871 ve·
929 811 1050 869 laudata
1068 812 1164 869 Pontii
1179 814 1266 869 verba
1281 831 1339 870 non
1354 814 1481 874 obscure
1491 819 1625 875 suadent.

43 907 96 965 lati
112 908 293 975 ostendunt,
310 910 339 963 et
352 905 383 960 in
400 922 434 962 ea
448 905 557 977 optime
575 905 732 977 quadrant.
967 903 1015 958 111.
1046 902 1078 958 ld
1105 919 1171 959 vero
1200 917 1286 959 nemo
1301 903 1457 962 mirabitur
1471 907 1521 979 qui
1536 925 1638 965 secum
1653 910 1753 968 animo

76 995 194 1054 Plebeii
211 994 356 1065 hocloco,
373 997 405 1050 ut
419 992 497 1051 idem
512 991 676 1051 observavit
697 991 875 1063 Holateaius,
932 991 1109 1065 reputaverit
1125 991 1271 1065 sequenti,
1283 994 1312 1051 id
1323 998 1368 1050 est
1378 999 1482 1066 quarto
1492 997 1626 1055 Ecclesia
1637 1001 1754 1070 seculo,

46 1084 215 1159 accipiendi
224 1082 498 1147 santlaici,aullum
507 1081 537 1138 in
545 1082 622 1140 clero
631 1081 762 1140 ordinem
768 1081 876 1154 adepti;
935 1079 1079 1138 celebrem
1095 1097 1212 1154 quoque
1226 1082 1325 1139 Romae
1343 1083 1436 1141 fuisse
1449 1085 1597 1160 Perpetua
1611 1091 1640 1143 et
1654 1088 1757 1146 Felici·

46 1175 87 1233 sic
102 1174 186 1232 enim
200 1173 292 1248 paulo
307 1171 431 1229 interius
445 1171 524 1229 idem
545 1171 685 1230 Pontius:
715 1171 880 1229 licitatum
934 1169 1004 1227 tatis
1036 1169 1232 1228 testivitatem.
1251 1170 1283 1226 ld
1316 1176 1431 1230 constat
1447 1190 1483 1231 ex
1495 1174 1695 1234 vetustissimo
1709 1178 1760 1233 Ec·

47 1282 107 1338 pas
122 1263 219 1321 adbuc
229 1263 365 1337 plebeiae,
379 1261 470 1318 multo
494 1277 557 1334 quae
571 1261 633 1334 y'om
645 1261 788 1335 presbyter
801 1262 877 1331 fecit.
935 1254 1030 1315 alesia
1055 1257 1194 1315 Romanas
1217 1259 1393 1333 calendario,
1424 1263 1500 1335 quod
1526 1265 1690 1323 Bucherius
1704 1284 1758 1338 pu·

80 1353 321 1410 Catechumenas
344 1350 435 1407 fuisse
456 1354 520 1407 tum
545 1350 636 1424 ipsas,
652 1355 715 1406 tum
731 1367 832 1407 earum
849 1349 879 1405 in
934 1347 1012 1405 blica
1027 1348 1091 1405 luca
1106 1348 1235 1421 donavit,
1251 1354 1279 1406 et
1293 1351 1329 1406 ad
1346 1350 1452 1408 hiberii
1466 1355 1599 1427 tempora
1614 1355 1760 1426 pertinere

50 1443 191 1518 passione
222 1440 328 1508 socios,
357 1442 494 1497 totorum
524 1439 680 1512 collectori,
705 1439 769 1513 ipso
784 1438 881 1496 statim
935 1436 1471 1498 unanimisessevidetureruditorum
1487 1442 1641 1500 sententia.
1657 1444 1689 1500 ln
1705 1444 1760 1501 hoo

48 1531 147 1605 initio,
155 1531 313 1605 diligenter
324 1534 369 1586 est
379 1529 570 1586 adnotatum:
585 1550 600 1580 a
614 1527 796 1601 Apprehensi
813 1531 883 1584 sunt
936 1525 1036 1598 itaque
1056 1528 1227 1584 venerande
1247 1529 1433 1601 antiquitatis
1446 1537 1647 1591 monumento.
1673 1535 1761 1591 Nostis

49 1622 257 1679 adolescentes
278 1619 493 1690 catechumeni,
522 1617 685 1675 Revocatus
706 1621 735 1674 et
749 1616 883 1675 Felicitas
937 1617 1048 1688 Martii,
1065 1617 1247 1689 Perpetaaeet
1260 1619 1425 1688 Felicitatis,
1449 1622 1560 1693 Asncae,
1583 1621 1703 1679 nomina
1717 1623 1762 1679 iu·

51 1727 202 1769 conserva
212 1711 272 1781 ejus
284 1707 463 1766 Saturninus
474 1711 502 1764 et
514 1707 710 1775 secundulus,
722 1707 797 1763 inter
809 1722 884 1778 quos
938 1704 1048 1777 scripta
1057 1709 1136 1761 sunt.
1149 1707 1231 1772 Quod
1245 1711 1323 1763 certe
1337 1707 1493 1765 indubium
1509 1715 1555 1766 est
1569 1710 1763 1768 vetustissimi

51 1806 83 1859 at
98 1799 187 1856 vivia
211 1800 364 1872 Perpetua,
389 1797 511 1854 honeste
525 1801 606 1868 nata,
621 1795 781 1852 liberaliter
795 1793 884 1852 insti·
939 1793 969 1851 in
985 1793 1113 1850 Ecclesia
1126 1793 1224 1851 oultus
1240 1799 1533 1867 argumentumcum
1545 1799 1624 1855 enim
1635 1801 1690 1855 viri
1700 1816 1764 1856 eru-

53 1894 134 1962 tuta,
149 1887 356 1946 matronaliter
366 1883 584 1960 nupta‚hahens
595 1889 710 1959 patrem
720 1888 749 1942 et
759 1889 885 1942 matrem
939 1882 993 1941 diti
1006 1883 1223 1940 Eucheranium
1243 1884 1442 1943 calendarium
1456 1886 1486 1942 ia
1503 1887 1611 1945 Liberti
1631 1894 1765 1963 tempora

54 1979 207 2037 atfmues
227 1978 314 2047 duos,
340 1974 467 2034 altarum
490 1991 573 2048 teque
597 1973 845 2045 catechuminum,
871 1995 882 2023 ι
940 1972 1104 2043 conterunt,
1121 1987 1179 2027 non
1196 1988 1229 2029 aa
1244 1971 1376 2045 ipsorum
1392 1989 1477 2032 mens
1497 1979 1553 2048 est,
1586 1975 1685 2035 Roma
1700 1982 1764 2035 tum

54 2076 110 2127 ate.
124 2067 179 2125 llic
192 2081 259 2124 esse
273 2066 390 2122 videtur
404 2065 541 2134 Saturus,
560 2079 647 2136 quem
661 2063 781 2121 fratrem
796 2079 886 2122 suum
940 2059 1069 2135 primum
1094 2059 1246 2118 institutas
1270 2061 1371 2132 tuisse,
1393 2080 1455 2137 que
1470 2064 1501 2120 in
1516 2080 1550 2123 eo
1564 2059 1763 2139 recensentur,

56 2158 207 2231 Perpetua
247 2154 280 2211 in
307 2154 389 2212 hisce
415 2153 496 2212 Actis
519 2152 663 2227 appellat:
682 2176 697 2207 κ
714 2157 795 2210 Tunc
814 2152 888 2210 dixit
942 2153 1104 2223 martyrum
1120 2148 1341 2210 solemnitates:
1358 2153 1486 2210 absorde
1500 2154 1579 2211 onim
1593 2161 1672 2214 esset
1686 2158 1766 2230 ejus·

57 2247 132 2305 mihi
147 2247 242 2303 trater
257 2261 361 2314 meus;
378 2243 501 2301 Domina
516 2259 608 2313 soror,
625 2265 640 2294 »
664 2247 720 2300 etc.
741 2243 777 2300 Et
791 2242 886 2299 inira:
943 2238 1022 2295 modi
1053 2238 1201 2313 cogitatio.
1231 2244 1306 2297 Nam
1330 2241 1601 2303 Bucherianuaiste
1615 2263 1668 2304 seu
1683 2246 1766 2304 libe·

58 2359 74 2389 e
87 2336 126 2394 Et
140 2334 231 2392 retuli
245 2333 345 2391 statim
361 2332 443 2390 fratri
459 2348 534 2402 meo,
550 2335 579 2388 et
600 2331 798 2389 intelleximus
821 2348 889 2405 pas·
944 2327 1045 2386 manus
1061 2327 1210 2386 indiculus
1225 2345 1260 2386 ex
1278 2331 1496 2405 antiquioribus
1511 2335 1656 2411 diptychis
1672 2340 1701 2394 st
1727 2339 1768 2394 ta·

57 2427 175 2483 sionem
192 2441 259 2481 esse
274 2424 417 2479 suturam.
432 2444 446 2474 ι)
465 2419 605 2494 Loquitur
620 2424 719 2477 autem
730 2421 889 2493 deSaturo,
944 2417 1239 2492 bulariisdescriptus
1250 2424 1396 2492 sst,quam
1407 2423 1770 2496 nontumprimumEcole·

59 2515 195 2588 ejusdem
212 2511 317 2587 agonis
342 2510 551 2567 commilitone.
579 2511 654 2567 Sunt
673 2511 797 2583 denique
812 2512 890 2582 ejus·
946 2507 1007 2572 sie,
1025 2509 1183 2581 presertim
1200 2509 1559 2582 Apostoltoa,etmaxime
1574 2515 1769 2588 atqueinpri·

61 2603 142 2661 modi
156 2605 232 2659 Acta
247 2599 448 2674 eadiligantia
463 2598 637 2672 conscripta,
655 2615 744 2672 quam
769 2600 891 2656 Pontius
946 2596 1003 2652 mis
1018 2597 1159 2665 Romana,
1175 2598 1303 2670 sedjam
1319 2600 1387 2656 indo
1402 2601 1439 2657 ab
1454 2600 1547 2672 initio,
1564 2604 1770 2661 utexTertul·

60 2693 162 2750 verbis
178 2688 384 2764 superioribus
397 2688 509 2745 laudat.
526 2687 620 2745 Multa
629 2689 720 2755 enim,
731 2692 791 2756 aut,
803 2704 893 2763 prope
945 2684 1023 2741 liano
1038 2685 1076 2758 (3)
1089 2685 1212 2758 aliisque
1227 2688 1397 2746 auctoribus
1406 2689 1558 2757 discimus,
1568 2708 1668 2750 sacros
1679 2693 1769 2753 fastos

64 2780 205 2851 dixerim,
221 2795 296 2852 pene
306 2783 411 2835 cuncta
421 2794 486 2851 qua
500 2775 536 2833 ad
548 2792 649 2834 eorum
662 2777 814 2850 passiones
827 2794 892 2850 per·
946 2774 1115 2842 habuerint,
1139 2793 1191 2849 pro
1216 2776 1334 2834 illorum
1358 2782 1525 2852 temporum
1540 2782 1704 2840 conditione
1717 2801 1766 2842 ao·

62 2873 171 2938 tinent,
189 2868 437 2942 complectuntur,
454 2867 490 2923 ad
506 2865 587 2939 ipsas
600 2883 694 2939 usque
720 2867 893 2925 minutiores
947 2863 1132 2920 curatissime
1147 2865 1287 2938 digestos.
1302 2865 1375 2922 Eieri
1391 2866 1489 2937 itaque
1503 2869 1611 2940 optime
1626 2872 1768 2943 potuit,ut

62 2957 355 3025 circumstantias,ut
364 2955 450 3031 plane
458 2955 588 3012 nesciam
599 2971 635 3011 an
647 2953 747 3028 aliqua
757 2956 893 3028 antiquo·
948 2951 1061 3024 aliquot
1076 2956 1143 3009 ante
1159 2953 1308 3010 Liberium
1320 2955 1405 3011 annis
1417 2955 1563 3029 Perpetua
1574 2963 1603 3015 et
1613 2959 1770 3020 Felicitatis

63 3067 131 3106 rum
145 3052 314 3122 martyrum
328 3048 399 3103 Aeta
413 3043 517 3114 maiori
533 3044 717 3105 accuratione
726 3061 759 3101 ac
770 3044 893 3118 diligen·
948 3040 1044 3098 natale
1053 3044 1275 3116 coeptumtuerit
1289 3042 1319 3099 in
1336 3044 1407 3101 urbe
1422 3044 1563 3102 celebrari
1577 3050 1770 3123 :carthagine

63 3139 106 3196 tia
120 3137 275 3210 descripta
292 3135 363 3193 sint.
379 3133 474 3192 Pontii
489 3134 588 3208 itaque
602 3133 690 3191 verba
713 3134 743 3191 in
769 3151 814 3202 ea,
831 3152 894 3208 qua
946 3135 1046 3203 autem
1062 3129 1245 3204 priusquam
1257 3132 1514 3207 Romarsceptum
1528 3135 1771 3212 suisseetvulga·

65 3245 125 3300 pras
141 3225 285 3283 manibus
297 3224 453 3292 habemus,
467 3226 539 3279 Acta
553 3221 594 3279 ita
618 3219 693 3280 bella
716 3205 930 3281 convenienti}
948 3223 1011 3276 tum
1019 3219 1572 3296 earumcultum,annonveroperquam
1583 3226 1769 3286 simillimum

65 3322 98 3372 nt
114 3314 322 3371 nulliseorum
332 3330 395 3386 que
413 3312 499 3368 modo
514 3315 639 3381 exstant,
656 3310 772 3369 melius.
788 3315 832 3370 An
843 3330 896 3370 au·
949 3310 1013 3366 est?
1028 3309 1100 3367 Cum
1116 3310 1205 3383 igitur
1219 3311 1315 3368 medio
1330 3312 1436 3369 seculo
1451 3318 1554 3385 quarto
1570 3314 1770 3385 Liberius,sub

66 3410 129 3461 tem
143 3403 241 3462 Pontii
259 3405 345 3459 etate
360 3401 459 3481 aliqua
472 3398 647 3468 exstiterint,
666 3401 701 3456 ad
718 3418 781 3474 qure
797 3402 896 3474 aptius
950 3414 1007 3471 quo
1023 3398 1175 3457 laudatam
1192 3398 1392 3457 calendarium
1407 3402 1558 3458 conditum
1583 3408 1638 3475 est,
1667 3406 1770 3462 sedare

66 3492 239 3565 ejusverba
262 3490 363 3548 referri
379 3497 509 3564 possent,
522 3488 607 3545 valde
621 3488 758 3562 equidem
774 3491 893 3549 dubito:
951 3488 1080 3560 ooeperit,
1095 3487 1205 3544 morosi
1224 3488 1349 3546 nimium
1364 3490 1457 3547 critici
1472 3497 1558 3561 esset,
1587 3493 1702 3552 inficias
1728 3495 1771 3553 ire

70 3599 139 3640 eum
156 3598 216 3639 noa
232 3582 307 3639 adeo
319 3579 351 3636 in
364 3578 532 3637 vetustioris
554 3576 605 3635 evi
621 3578 752 3637 moribus
768 3580 897 3652 positum
951 3574 1127 3650 Carthagine
1142 3577 1246 3635 saltem
1261 3577 1380 3636 ineunte
1395 3580 1501 3638 seculo
1516 3587 1631 3657 quarto,
1652 3584 1772 3642 Nostra·

72 3670 167 3728 tuisse
183 3670 328 3738 videatur,
345 3672 377 3725 ut
390 3672 472 3743 gesta
492 3673 653 3742 martyrum
669 3668 741 3726 adeo
753 3670 899 3742 exquisita
952 3683 1018 3723 rum
1033 3666 1178 3723 celebrem
1194 3668 1284 3724 tuisse
1300 3669 1483 3727 memoriam.

71 3759 228 3835 diligentia
252 3758 360 3815 litteris
373 3759 568 3815 traderentur.
584 3755 706 3813 Fallitur
720 3758 799 3815 enim
821 3758 899 3816 Dod·
988 3755 1216 3829 Estaliud‚quod
1227 3757 1304 3815 eirca
1315 3757 1502 3816 Liberiaoum
1513 3761 1604 3819 istum
1613 3768 1775 3837 martyrum

72 3848 181 3906 wallus
197 3865 265 3905 eum
281 3865 315 3904 ea
328 3847 457 3904 laudatis
469 3845 567 3904 verbis
582 3843 730 3919 concludit
740 3847 791 3919 (2),
803 3869 816 3898 ι
828 3849 899 3906 adeo
953 3844 1127 3903 laterculum
1151 3845 1306 3920 diligenter
1327 3846 1414 3905 velim
1437 3851 1638 3920 animadverti,
1668 3871 1703 3909 ex
1718 3870 1775 3925 quo

73 3939 197 3997 sedulos
207 3936 299 3994 tuisse
309 3936 339 3993 in
350 3940 512 4010 martyrum
525 3934 616 4009 gestis
627 3935 774 3992 memorie
785 3937 900 3993 traden·
953 3938 1121 3991 nostrarum
1131 3939 1292 4008 martyrum
1304 3936 1401 3993 cultus
1411 3955 1468 3995 non
1479 3944 1609 3998 vetustas
1619 3942 1773 4008 modo,sed

72 4029 256 4096 disvateres,
268 4030 300 4083 ut
311 4026 384 4083 nihil
395 4025 462 4082 illos
482 4025 541 4081 sore
552 4023 678 4097 iugerit;
696 4047 707 4074 ι
725 4028 759 4081 ut
772 4040 806 4081 ea
820 4030 900 4084 aeto·
954 4028 983 4080 et
997 4022 1149 4080 celebritas
1167 4023 1290 4098 intelligi
1307 4025 1389 4082 facile
1402 4031 1516 4100 potest;
1535 4034 1678 4103 martyres
1693 4030 1773 4088 seili-

74 4135 142 4174 rum
157 4117 308 4191 paucitate
322 4132 387 4189 qua
402 4117 571 4190 supersunt,
586 4112 764 4187 paucitatem
785 4131 901 4188 quoquo
955 4116 1000 4169 cet
1015 4112 1045 4168 in
1060 4128 1093 4170 eo
1108 4112 1274 4170 calendario
1287 4114 1459 4187 descriptos,
1476 4122 1582 4192 prator
1605 4120 1724 4177 Nostrae
1746 4123 1775 4177 et

75 4211 240 4280 martyrum
265 4204 393 4279 colligat.
419 4203 482 4262 Non
506 4202 585 4259 enim
609 4201 714 4259 asserit
735 4203 857 4261 Pontius
870 4205 900 4262 in
953 4200 1144 4274 cyprianum,
1160 4217 1261 4259 omnes
1277 4220 1341 4261 asse
1356 4204 1521 4264 Romanoa:
1543 4224 1647 4280 nequa,
1663 4209 1707 4265 his
1722 4208 1774 4264 tri·

76 4296 261 4370 singulorum
276 4299 438 4367 martyrum
456 4293 547 4365 gestis
575 4290 723 4349 memoris
750 4294 901 4351 tradendis
955 4290 1156 4363 bussaceptis,
1167 4289 1260 4347 ullum
1276 4292 1305 4348 iu
1319 4309 1352 4351 eo
1367 4296 1472 4352 exteris
1486 4296 1664 4368 martyribus
1677 4299 1775 4353 locum

75 4386 140 4458 pari
156 4383 310 4459 diligentia
333 4387 446 4440 veteres
465 4381 557 4438 luisse
571 4385 720 4438 versatos:
735 4381 800 4452 ejus
816 4399 901 4439 nam·
954 4395 1028 4436 csse.
1044 4380 1125 4444 Quod
1142 4381 1269 4452 profecto
1294 4381 1371 4438 clare
1397 4387 1426 4438 et
1457 4388 1554 4456 aperte
1583 4385 1776 4453 demonstrat,

76 4490 137 4548 que
152 4471 299 4547 proposita
313 4472 386 4529 satis
399 4475 462 4528 erat
476 4468 745 4529 luculentissimum
759 4468 900 4528 horumce
955 4484 1043 4540 quam
1058 4468 1094 4525 ab
1109 4468 1239 4543 antiquis
1251 4469 1432 4542 temporibus
1448 4470 1478 4526 in
1494 4489 1544 4529 ore
1558 4473 1643 4544 lamas
1658 4475 1778 4548 pradic-

77 4565 215 4619 sctorum
229 4560 397 4635 exemplum
422 4558 506 4633 queis
521 4562 581 4639 tam
598 4557 700 4616 sedulo
715 4560 750 4615 ad
768 4564 901 4632 posteros
914 4579 938 4644 p
956 4557 979 4614 ti
996 4561 1137 4629 martyres
1150 4558 1475 4616 versarentur.Sanotos
1490 4561 1609 4633 quidem
1621 4570 1776 4638 martyres,

78 4650 254 4708 transmisse
268 4650 364 4707 suerat
383 4647 563 4722 plebeiorum
578 4650 607 4705 et
622 4646 899 4706 catechumenorum
954 4662 1012 4702 non
1023 4644 1074 4700 uni
1100 4645 1187 4701 alicui
1197 4645 1341 4713 Ecclesia,
1354 4648 1405 4704 sed
1416 4649 1779 4725 omnibus,aprimisohri·

78 4745 242 4814 martyrum
254 4736 406 4796 memoria.
421 4736 669 4795 Iadeenimsacile
680 4753 782 4794 omnes
794 4736 899 4794 intelli·
955 4734 1056 4790 stiann
1071 4733 1137 4790 fidei
1153 4734 1280 4804 assulis,
1297 4736 1388 4794 tuisse
1398 4738 1566 4813 deputatos,
1578 4741 1656 4800 haud
1672 4743 1778 4801 inscite

77 4830 195 4903 gabant,
211 4845 302 4903 quam
317 4845 375 4884 non
386 4825 825 4900 segnioremoperamadhibere
835 4825 899 4898 ipse
954 4821 1125 4880 Oxoniensis
1139 4823 1274 4897 Cypriani
1285 4825 1412 4900 Operum
1424 4828 1715 4901 Editorobservarit3
1730 4835 1776 4888 est

78 4919 196 4976 deberet
209 4919 241 4974 in
251 4915 380 4991 episcopi
401 4921 430 4973 et
445 4913 581 4988 martyris
601 4913 835 4988 praeclarissimis
850 4931 900 4988 gs·
954 4917 1053 4969 tamen
1069 4911 1179 4985 aliquid
1195 4914 1224 4971 in
1239 4915 1303 4986 ejus
1329 4917 1435 4985 verbis,
1452 4934 1504 4990 pro
1520 4917 1649 4989 illorum,
1666 4921 1702 4977 de
1714 4921 1777 4992 qui·

79 5006 133 5064 stis
154 5007 319 5064 litterarum
341 5003 541 5062 monumentis
556 5003 778 5077 consignandis.
793 5004 900 5063 Nullus
954 5002 1010 5058 bus
1024 5000 1165 5073 loquitur,
1178 5007 1343 5077 temporum
1359 5006 1596 5074 conditione,noa
1607 5009 1680 5065 satis
1691 5025 1775 5065 aceu-

79 5096 179 5169 itaque
200 5095 312 5165 dubito,
332 5094 404 5167 quin
419 5093 577 5166 Perpetua,
594 5090 752 5149 Felicitatis
767 5093 898 5150 etsoolo-
954 5095 1016 5148 rate
1030 5089 1159 5147 dietum:
1179 5092 1302 5148 Videmus
1316 5094 1401 5163 enim,
1417 5096 1510 5168 inquit
1532 5096 1582 5168 (l),
1611 5098 1678 5153 Acta
1701 5114 1778 5155 mar·

81 5201 145 5242 rum
161 5190 235 5242 Acta
249 5201 308 5258 pre
319 5182 414 5240 oculis
432 5182 554 5239 Pontius
569 5179 714 5238 habuerit.
732 5181 806 5239 Nam
818 5186 848 5238 et
862 5181 899 5239 ad
955 5188 1047 5253 tyrum
1060 5179 1094 5236 ab
1109 5197 1166 5236 aaa
1181 5181 1299 5237 Ecclesia
1314 5183 1350 5238 od
1363 5184 1437 5240 alies
1450 5185 1636 5248 truncantem·
1661 5195 1689 5243 et
1714 5188 1778 5245 rin·

80 5272 209 5348 plebeios
223 5274 371 5348 pertinent
386 5277 415 5330 et
436 5270 670 5341 catechumenos,
690 5273 719 5326 et
736 5276 805 5326 stas
819 5268 902 5327 iaoile
954 5271 1084 5339 palorum
1096 5269 1273 5352 ecclcsicrum
1285 5272 1481 5344 martyrotoyio
1490 5289 1546 5329 noa
1561 5290 1676 5333 suorum
1686 5277 1776 5351 modo,

81 5364 225 5435 convenit,
238 5368 396 5436 antequam
406 5359 579 5419 “scilicet
593 5356 715 5416 Pontius
730 5358 792 5431 ipse
805 5375 904 5418 nasce·
952 5357 1040 5414 sedet
1053 5359 1131 5430 toaya
1153 5359 1311 5418 desieram
1334 5361 1475 5418 bominum
1493 5364 1608 5421 nomiae
1621 5369 1775 5426 continere.

96 5524 290 5652 t(52lilissert.
307 5540 345 5579 xi.
363 5522 570 5598 Cyprian.,De
589 5528 706 5594 nsartyr.
724 5521 828 5593 poscit.
845 5518 901 5594 §3,
953 5519 1040 5578 mitit.
1069 5538 1103 5578 ca
1127 5563 1133 5577 .
1153 5519 1196 5579 13.
1274 5554 1276 5558 Α

81 5613 95 5652 a

113 5637 153 5740 (a.)
169 5665 220 5725 Lib
244 5666 444 5737 mmmm
482 5681 536 5740 cup
566 5662 708 5735 amm)
744 5663 903 5723 Dumna
988 5567 1073 5666 (illa
1112 5596 1162 5649 otis
1175 5590 1309 5666 odEpist.
1326 5592 1455 5665 Celerina,
1471 5596 1548 5655 inter
1563 5598 1772 5673 Cypriont'c.21.
1804 5598 1806 5602 ⁴

223 5708 230 5723 .
294 5733 302 5743 ι
446 5708 465 5739 .,
538 5704 546 5720 .
713 5705 720 5720 ·
