3892 6104
152 306 230 369 lm
616 306 721 367 eane
743 304 786 367 ll.
802 334 842 353 -·
860 300 1147 365 amarulentis(
1174 300 1396 397 exuensne.
1784 302 1866 363 lm

326 436 360 493 ll.
375 438 443 494 ltenr
455 450 492 493 aa
504 436 620 493 mncilio
636 433 810 493 Arelatensi.
987 432 1017 501 Α
1032 430 1155 505 ruptele
1170 430 1287 491 initium
1307 431 1437 506 aliquod,
1453 428 1532 489 velut
1549 430 1699 489 cunabula
1713 432 1790 503 ejus,
1804 432 1865 505 (ly-

364 576 505 617 canonem
532 562 549 618 3
577 558 692 618 moini
716 557 905 623 Arelatensi&
927 573 975 613 'm'
1033 521 1220 593 prianusaut
1243 521 1435 579 Firmilianus
1461 520 1620 593 aliquando
1640 520 1862 593 indigitassent.

148 562 400 708 Βίῖῗῖιιοῦιᾶᾶιιῐιὶιι
416 651 492 724 quod
516 650 633 723 pmpria
652 649 715 723 lege
730 666 784 705 sua
806 652 931 705 utuntur
945 649 978 701 ut

149 738 339 813 rebaptizent,
354 739 465 813 placuit
488 747 521 795 ut
534 739 559 795 si
574 739 609 794 ad
633 737 793 795 Ecclesiam
817 736 925 809 aliquis
940 734 978 791 de

149 829 253 885 heren
277 830 391 885 venerit
412 829 594 901 interrogent
616 844 683 884 eum
709 826 893 899 Symbolum.
915 826 977 881 litei

1031 624 1157 685 quorum
1172 614 1202 669 et
1216 612 1341 668 eruditio
1362 617 1392 668 et
1405 611 1538 667 aestuatio
1554 610 1585 667 in
1607 610 1664 666 boo
1678 610 1794 683 negotio
1808 626 1860 667 ex·

1033 697 1232 770 ploratissima
1258 710 1313 756 est.
1347 700 1493 756 Eusebius
1522 699 1663 755 Africanae
1697 696 1859 771 discipline

1031 786 1151 843 exordia
1164 804 1276 860 nupera
1292 792 1385 855 notet,
1396 788 1626 861 haudquaquam
1644 788 1791 844 Romans.
1810 788 1861 845 lie·

152 917 332 991 perviderint
361 933 428 973 eum
456 916 486 973 io
514 922 610 983 Patra,
640 919 670 971 at
699 914 780 981 Filio,
810 919 839 970 et
865 912 978 987 Spiritu
1032 875 1861 976 ”iqueCymiunmipoe⁸⁰⁰²⁰aemff⁰⁸⁰q⁰iA⁸fippi⁰⁰m

150 1008 254 1059 sancto
269 1018 334 1059 essa
358 1004 548 1076 baptizatum,
575 1019 679 1059 manus
689 1003 714 1059 ei
725 1008 838 1058 tantum
848 1002 978 1073 imponu-
1032 965 1195 1035 ''mntem‘’
1208 981 1297 1037 qum
1307 982 1375 1021 vem
1385 966 1489 1020 dmm
1503 982 1634 1037 prmum
1651 964 1863 1037 mmmm*

226 1098 258 1148 ι
722 1092 802 1157 0...

1030 1232 1121 1287 tidem
1136 1231 1269 1288 elemitat
1283 1232 1530 1302 anteponendam.
1544 1232 1645 1303 ltaque
1655 1230 1740 1302 epist.
1754 1229 1801 1287 il.
1818 1230 1860 1288 ita

1031 1320 1119 1377 habct
1132 1324 1144 1377 i
1159 1342 1174 1371 u
1189 1320 1270 1385 Quod
1284 1320 1402 1392 quidem
1417 1325 1446 1375 el
1463 1320 1642 1392 agrippinus
1657 1334 1725 1375 cum
1748 1318 1860 1377 ceteris

1030 1409 1211 1481 coepiscopis
1222 1408 1286 1467 suis
1297 1407 1347 1480 qui
1359 1407 1408 1463 illo
1421 1414 1551 1479 temporo
1563 1408 1593 1463 in
1605 1406 1860 1479 provincialllrica

1028 1502 1058 1554 et
1070 1498 1210 1554 Numidia
1218 1496 1376 1554 Ecclesiam
1390 1496 1505 1553 Domini
1517 1496 1731 1569 gubernabant,
1741 1497 1859 1567 statuit,

1029 1592 1058 1643 et
1082 1586 1188 1643 librato
1217 1586 1332 1643 concilii
1360 1586 1528 1644 communis
1555 1585 1689 1643 examine
1721 1584 1859 1643 lirmavit.

1028 1677 1158 1742 Quorum
1169 1676 1347 1732 sententiam
1358 1691 1412 1732 nos
1423 1676 1509 1731 etiam
1521 1675 1612 1731 secuti
1629 1690 1743 1732 sumus.
1757 1696 1768 1725 ι
1781 1675 1817 1731 lit
1826 1674 1856 1731 in

1027 1766 1115 1837 Epist.
1131 1764 1167 1821 ud
1177 1766 1368 1821 iubatorum:
1386 1786 1399 1814 e
1415 1764 1496 1836 lpud
1514 1780 1566 1819 nos
1582 1766 1641 1819 non
1656 1779 1730 1820 nova
1743 1768 1795 1820 aut
1810 1778 1857 1821 re·

1026 1854 1147 1927 pentina
1160 1869 1207 1911 res
1223 1856 1269 1909 cst
1283 1856 1316 1907 ut
1338 1850 1529 1923 baptizandos
1550 1868 1724 1910 senmamus
1737 1867 1787 1909 eos
1802 1852 1854 1924 qui

1025 1944 1062 1999 ab
1078 1942 1220 1999 hereticis
1234 1942 1270 1998 ad
1290 1940 1449 1999 Ecclesiam
1471 1942 1665 2013 perveniunt:
1680 1957 1748 1997 oum
1766 1940 1855 1998 multi

1020 2033 1084 2104 jam
1099 2034 1169 2088 anni
1184 2030 1245 2087 sint
1259 2034 1289 2087 et
1303 2029 1390 2103 longa
1405 2033 1486 2097 atas,
1501 2046 1535 2089 ex
1547 2046 1605 2101 quo
1620 2030 1676 2087 sub
1692 2030 1854 2103 Agrippino

1023 2120 1106 2177 bone
1122 2117 1268 2177 memoria
1279 2118 1341 2175 viro
1352 2118 1558 2175 convenientos
1570 2118 1602 2177 in
1616 2134 1709 2175 unum
1724 2118 1854 2192 episcopi

1023 2208 1143 2281 plurimi
1157 2208 1213 2266 hos
1228 2211 1405 2273 statuerunt,
1416 2212 1505 2279 atque
1515 2208 1619 2263 exindo
1630 2208 1660 2266 in
1675 2206 1851 2265 hodiernum

1021 2301 1065 2354 tol
1078 2296 1172 2355 millia
1186 2295 1391 2353 hereticorum
1408 2296 1437 2353 in
1454 2295 1611 2368 provinciis
1626 2293 1786 2353 nostrised
1802 2296 1853 2353 llo·

1020 2386 1141 2445 alesiam
1158 2386 1303 2453 conversi,
1314 2385 1453 2441 salutaris
1463 2385 1604 2458 baptismi
1616 2384 1741 2457 gratiam
1751 2400 1851 2443 conse·

1019 2477 1080 2533 outi
1096 2478 1166 2534 sint.
1194 2500 1204 2527 ι
1231 2476 1295 2533 Sua
1320 2474 1542 2532 eonsuetudinis
1566 2474 1847 2546 novitatsmprodit‚

432 2570 479 2625 lll.
495 2570 536 2625 Ee
551 2570 675 2627 Eusebio·
1020 2566 1090 2622 dum
1105 2565 1235 2623 venditet
1257 2568 1444 2622 vetustatem.
1468 2567 1505 2620 nt
1529 2562 1665 2619 liemarus
1680 2562 1845 2636 disciplima

1019 2654 1226 2727 antiquitatem
1251 2655 1411 2710 detrectare
1434 2668 1493 2707 non
1518 2650 1626 2720 valens,
1652 2652 1702 2709 uni
1730 2652 1844 2709 veritati

1020 2744 1205 2801 serviendum
1220 2742 1351 2800 clamitat
1372 2741 1459 2815 paulo
1474 2744 1560 2813 post:
1590 2740 1721 2797 sPrinde
1735 2741 1845 2799 frustra

1019 2834 1139 2905 quidam
1155 2832 1205 2905 qui
1221 2832 1334 2888 rationo
1352 2831 1509 2887 vincuntur
1531 2829 1775 2887 consuetudinem
1790 2846 1844 2887 no-

1020 2916 1845 2993 bisopponunt‚quaaiconsuetudomaiorsitveritatmaut

140 3050 191 3107 vit.
207 3049 280 3106 Cum
297 3049 390 3123 perid
407 3054 524 3121 tempus
535 3066 592 3105 non
606 3049 966 3111 mediocriscontroversia
1020 3010 1181 3111 n⁰n.su⁰ffl
1203 3010 1233 3066 in
1258 3008 1463 3111 wisiiu‘libm
1486 3008 1679 3109 mumdum!
1696 3007 1721 3063 'i
1736 3006 1844 3064 meum

958 3142 963 3153 .
1020 3100 1136 3157 luerita
1151 3104 1252 3157 sancto
1266 3102 1375 3171 Spiritu
1402 3097 1572 3154 revelatum.
1591 3118 1604 3147 ι
1620 3098 1676 3162 our
1696 3112 1764 3168 ergo
1779 3094 1844 3153 Sta·

139 3145 352 3285 32:¹33ss
372 3144 481 3282 bustim
509 3155 559 3195 ⁰⁰³
585 3155 634 3211 qm
653 3155 693 3239 ,ΘΧ
717 3139 848 3265 ῳωιιῗθι
861 3141 964 3241 mirem
979 3162 1002 3233 0
1020 3189 1117 3262 phano
1132 3204 1223 3255 error,
1238 3188 1315 3244 idem
1327 3185 1476 3244 traditioni
1489 3184 1685 3241 Ecclesiarum
1700 3184 1845 3257 antiquis·

411 3234 518 3300 ptrsmo
543 3243 662 3300 purgari
684 3232 840 3301 oporteret,
856 3246 964 3302 quippe
1035 3279 1041 3289 .

136 3316 263 3389 antiqua
277 3316 457 3371 consuetudo
472 3315 635 3372 invaluerat
651 3320 682 3372 ut
702 3317 732 3373 in
748 3318 894 3389 ejusmodi
910 3318 965 3375 ho·
1017 3273 1843 3349 mm’idempoemfi'ip⁸i⁸⁰¹u⁸m⁸⁸i⁸tri⁸impinmtur’

135 3404 269 3503 minibus
280 3404 343 3460 sola
354 3421 495 3505 manarum
508 3406 733 3506 impositiocum
747 3407 963 3479 precationibus
1017 3436 1090 3497 xm.
1120 3436 1282 3510 nefandum
1316 3442 1512 3503 mmmmm
1544 3433 1678 3506 sapham·
1711 3432 1844 3491 adversm

133 3494 335 3551 adhiberetur.
348 3493 464 3549 Primus
488 3511 620 3549 omnium
646 3494 808 3568 Cyprianus
828 3497 877 3569 qui
892 3503 962 3554 tune
1337 3508 1516 3579 cyprianum,

131 3581 277 3659 temporie
293 3582 551 3655 Carthaginensem
572 3584 691 3657 regebat
710 3584 872 3653 ecclesiam,
890 3602 962 3643 non·
1731 3646 1736 3657 Ι

132 3670 192 3727 nisi
209 3686 261 3741 per
276 3670 457 3742 baptismum
473 3672 509 3727 ab
520 3687 616 3727 errore
627 3672 708 3743 prius
717 3673 902 3741 emundatos,
914 3674 964 3731 ad·
1051 3650 1087 3706 Εἴ
1099 3648 1282 3723 Stephanum
1297 3648 1416 3722 (luldssffl
1432 3648 1469 3703 “b
1491 3645 1622 3719 0¹⁰l¹¹i¹⁰
1637 3647 1843 3703 hffil'ssllfflfflffl

132 3758 293 3816 mittendos
307 3776 373 3817 ΘΜ
387 3760 628 3815 censuigvfflm
644 3760 812 3833 Stephanus
826 3763 899 3819 nihil
910 3763 961 3820 gg,
1015 3744 1272 3812 argumentantem
1283 3736 1385 3794 sannis
1394 3740 1422 3793 et
1431 3736 1730 3793 dicteriisinsectatus
1739 3737 1845 3807 estcy·

131 3864 237 3905 versus
254 3848 443 3904 traditionem
459 3865 523 3920 qua
534 3849 597 3919 jam
611 3850 678 3905 inde
693 3851 729 3905 ab
745 3850 876 3923 antiquis
892 3860 963 3909 tem·
1015 3828 1148 3900 Psim-
1178 3830 1214 3882 Ᾱῑ
1241 3842 1312 3899 P⁸⁰⁶
1344 3824 1527 3882 ⁸³⁰⁰¹l³⁸lm¹
1557 3824 1694 3897 millillss
1719 3823 1843 3879 dllfflm

130 3936 257 4013 poribus
272 3936 438 3993 obtinuerat
458 3937 658 3993 innovandum
681 3941 772 4004 ratus,
789 3938 961 4011 gravissime
1015 3916 1070 3972 ¹²⁸⁰
1096 3914 1233 3989 &elmi
1260 3914 1514 3987 ⁸f3⁰m⁰¹¹mi⁰¹¹⁰
1539 3912 1611 3969 nihil
1636 3910 1843 3983 ⁰pp⁰fl⁰¹¹¹¹¹⁸t

130 4026 161 4082 id
180 4024 259 4081 ωιῑι,
277 4048 290 4075 ,ι
304 4025 502 4082 lunovgrionj„
513 4024 630 4097 culpam
642 4042 758 4083 omnem
773 4030 960 4101 retorquam
1015 4004 1090 4060 nihil
1105 4004 1161 4060 hao
1174 4003 1381 4077 suggillatione
1398 4002 1644 4061 inconsideratius
1660 4000 1721 4100 llari
1737 4000 1841 4101 potuit.

128 4106 322 4179 Cyprianum,
339 4106 400 4161 sive
416 4106 445 4161 in
457 4104 591 4178 Cypriani
604 4106 845 4178 praedecessorem
861 4108 962 4183 Agrip.
1014 4094 1088 4151 Nam
1103 4090 1373 4165 exploratissimum
1389 4092 1458 4146 hino
1473 4092 1561 4147 tiebat
1583 4090 1733 4146 hereticos
1748 4104 1778 4144 ιιι
1794 4105 1843 4145 so·

128 4192 246 4269 pinum,
263 4192 409 4268 Stephano
425 4197 524 4249 antem
540 4210 598 4249 non
620 4194 699 4249 atiud
714 4194 755 4251 air
779 4213 868 4269 quam
883 4200 961 4254 anti.
1014 4182 1104 4239 lemni
1121 4182 1259 4254 baptismi
1276 4182 1370 4237 lorma
1391 4180 1464 4237 nihil
1486 4196 1618 4247 novasse,
1634 4195 1687 4235 uec
1711 4179 1843 4251 propria-

128 4298 220 4355 quam
236 4282 480 4338 consuetudinem
497 4282 615 4338 retineri
639 4280 795 4355 placuisse,
812 4301 871 4358 qun
885 4286 913 4342 in
931 4304 961 4345 m
1015 4290 1081 4329 rum
1096 4270 1361 4327 hallucinationnm
1372 4269 1464 4326 ullam
1475 4268 1501 4325 ei
1512 4268 1719 4341 permiscuisse
1733 4268 1844 4338 labem,

129 4385 229 4428 errare
244 4370 323 4429 baud
340 4388 410 4427 sane
426 4372 532 4444 potuit.
1014 4361 1252 4434 quandoquidem
1268 4360 1316 4415 alli
1328 4360 1452 4415 aliorum
1466 4374 1524 4414 non
1537 4358 1715 4428 respuebant
1729 4356 1843 4429 baptis·

1014 4468 1073 4506 ma.
1089 4451 1223 4505 Errorem
1239 4449 1317 4504 enim
1345 4446 1394 4504 alii
1416 4446 1540 4501 aliorum
1566 4445 1798 4515 detestabantur,
1814 4449 1844 4503 ct

310 4515 370 4569 ΧΗ·
385 4514 426 4569 Ex
440 4514 572 4587 sapham
583 4516 672 4586 'imm
686 4514 784 4572 '’ffb“
977 4534 1002 4605 Ι)
1016 4539 1151 4595 detestati
1162 4538 1283 4610 proinde
1294 4537 1420 4593 fuissent
1433 4536 1592 4608 baptisma,
1603 4536 1627 4591 si
1644 4534 1843 4607 peculiaribus

166 4638 251 4703 Quor}
265 4638 396 4712 idipsum
411 4639 630 4712 apertissimum
647 4640 680 4695 sse
696 4657 731 4695 gx
745 4642 881 4712 jpgjgmgt
896 4646 960 4705 ggg,
1016 4626 1196 4699 singulorum
1209 4624 1321 4682 deliriis
1334 4623 1405 4680 illud
1417 4622 1677 4681 iuisaatvitiatum.
1689 4625 1757 4689 Qus
1772 4640 1842 4697 ergo

129 4726 223 4801 pheni
238 4729 334 4786 verbis
348 4747 367 4786 a
379 4730 520 4802 cypriano
535 4734 564 4785 et
581 4729 749 4786 Firmiliano
771 4731 872 4791 relatis
886 4735 960 4793 nihil
1015 4716 1169 4781 haef⁰¹l⁰l⁸v
1194 4715 1295 4771 eadem
1321 4714 1469 4787 3²⁰Ph⁸ss⁰
1498 4714 1599 4769 admi
1622 4714 1695 4770 ΜΗΘ
1710 4728 1745 4769 ¹¹⁰
1768 4714 1842 4787 bap·

127 4816 266 4877 innovari
280 4836 288 4885 ;
304 4819 382 4891 quod
399 4820 540 4875 traditum
555 4823 610 4888 est,
628 4819 746 4875 retineri
758 4820 873 4881 debera.
890 4826 960 4891 Quis
1014 4805 1103 4863 tisma
1117 4810 1199 4861 extra
1213 4802 1370 4861 Ecclesiam
1390 4804 1533 4860 tributum
1550 4802 1679 4859 iteraret.

128 4922 191 4963 non
206 4904 345 4980 intelligit
360 4907 436 4963 banc
447 4909 700 4965 adversuaornnes
710 4924 824 4966 errores
839 4912 959 4971 medici·

124 5010 200 5051 nam
216 5010 282 5052 esse
293 4996 499 5063 certissimam,
516 4997 624 5053 nedum
637 5002 669 5051 ut
683 5013 765 5053 error
774 4998 881 5072 aliquis
896 5019 961 5074 pro·

121 5083 226 5157 pinari
240 5082 414 5143 hievocibus
424 5085 532 5157 quaest
541 5086 584 5141 Ab
593 5086 677 5142 initio
685 5086 764 5143 enim
775 5089 959 5161 predicatio-

117 5172 173 5230 nis
199 5172 377 5244 Euangeliou
399 5173 563 5231 invaluerat
585 5174 642 5229 ista
667 5180 803 5235 Romania
824 5178 958 5239 Ecclesiae
1048 5178 1136 5235 Porro
1151 5177 1345 5251 llioronymus
1376 5178 1448 5235 lliol.
1460 5176 1591 5233 aduersus
1606 5178 1795 5247 luciferianos
1804 5192 1840 5232 ea

113 5260 295 5334 aliscipline,
312 5268 344 5319 ut
366 5263 509 5319 Eusebius
534 5263 640 5319 innuit.
665 5266 723 5321 Aut
746 5266 855 5338 siquid
872 5284 957 5326 secus
1012 5266 1193 5338 scribitque
1210 5282 1262 5322 neo
1273 5266 1378 5323 ironiis
1393 5265 1621 5338 perfrictissimas
1636 5264 1771 5321 hominos
1787 5281 1838 5322 ne-

116 5366 219 5423 quam
232 5351 362 5421 aporuit
374 5350 643 5423 apostoliciqueviri
654 5352 846 5419 lar-litassent,
858 5370 876 5409 a
885 5372 957 5424 pre·
1010 5370 1080 5428 gare
1094 5356 1192 5411 ausint
1207 5355 1235 5412 in
1252 5354 1390 5426 Stephani
1418 5354 1612 5427 patrocinium
1636 5352 1746 5427 scripta
1760 5370 1836 5411 esse.

117 5438 192 5497 aula
209 5439 461 5512 mdqmpiam
479 5440 609 5497 Romano
625 5446 763 5499 novatum
780 5446 880 5513 postca
894 5442 956 5499 lua·
1011 5446 1161 5499 ‹rcooatus
1172 5448 1255 5501 estlt.
1267 5443 1836 5517 Cyprianusuontriloslacuslugereneo

147 1186 235 1253 gatus
257 1198 314 1237 non
337 1182 522 1253 responderit
546 1182 621 1237 hanc
646 1180 831 1245 Trinitatem,
847 1179 977 1252 baptize-

147 1275 207 1327 tur.
225 1294 240 1321 n
255 1272 350 1336 Quare
365 1271 420 1326 hoo
435 1287 546 1327 canone
569 1270 622 1326 soli
637 1269 809 1327 vellicantur
831 1270 902 1335 Afri,
918 1286 975 1325 non

146 1362 238 1415 etiam
247 1360 382 1427 Romani,
394 1360 420 1415 ei
429 1360 483 1415 etsi
495 1359 838 1429 dissimili‚juxtatamen
847 1359 975 1415 absurdo

145 1450 265 1525 utrique
279 1449 473 1506 versabantur
482 1450 512 1504 in
526 1448 646 1505 errorei
661 1453 712 1504 sut
725 1448 749 1504 si
761 1448 901 1505 llomanis
913 1463 977 1520 par·

146 1554 212 1595 cero
227 1538 345 1593 animus
359 1544 431 1609 crat,
448 1538 519 1611 quin
535 1539 711 1608 parcebatur
727 1542 756 1593 et
771 1538 904 1593 Afrorum
921 1552 973 1592 no·

145 1626 230 1697 mini,
244 1643 279 1683 ao
293 1625 355 1683 sola
370 1627 508 1700 baptismi
533 1625 633 1697 regula
656 1625 885 1700 preligebaturi
899 1624 973 1689 Quin

145 1713 206 1773 imo
223 1716 386 1789 conligendi
409 1716 508 1789 potius
531 1716 657 1773 tuissent
680 1715 815 1779 Romani,
839 1720 872 1770 ut
888 1713 974 1787 longe

145 1805 264 1879 turpius
278 1810 421 1867 errantes,
437 1805 462 1861 si
474 1804 655 1878 baptismum
666 1804 761 1861 atiena
775 1802 901 1877 ildeique
917 1798 1011 1869 ini-B

145 1892 224 1953 mica
235 1894 330 1951 forma
343 1894 482 1951 collatum
498 1911 550 1969 pro
565 1898 628 1950 rulo
643 1893 825 1949 habuissent.
843 1893 874 1949 ld
890 1893 970 1949 enim

143 1982 274 2041 atrocius
289 1986 334 2039 est
348 1999 437 2055 quam
458 1982 658 2056 quorumlibet
680 1981 882 2038 hereticorum
897 1982 969 2054 bap·

142 2070 234 2129 tisma
248 2071 425 2129 rescindere.
436 2071 489 2128 llic
503 2072 583 2128 enim
601 2070 782 2128 detestabilis
795 2088 911 2144 semper
924 2075 970 2128 est

141 2158 332 2233 baptizatoris
348 2160 494 2238 impietas,
508 2161 574 2218 ideo
587 2166 743 2219 excusatur
757 2164 914 2233 utrumque
924 2177 969 2219 ze·

138 2245 189 2303 lus
203 2248 388 2307 detestantis.
402 2251 439 2305 nt
453 2248 512 2306 illic
527 2254 558 2306 st
571 2249 712 2321 baptismi
736 2253 765 2306 et
780 2250 967 2322 baptizatoris

138 2336 305 2411 profanitas
319 2338 348 2396 ln
360 2343 496 2412 promptu
507 2342 561 2409 est,
573 2340 652 2396 unde
661 2337 873 2396 enexcusabilis
883 2355 965 2411 pror·

138 2442 192 2483 aus
207 2425 281 2483 ieret
295 2427 522 2503 approbantium
537 2426 665 2483 inscitia.

176 2694 381 2751 Patrocinatur
401 2699 430 2750 et
452 2694 596 2751 Eusebius
617 2692 764 2766 Stepheno
788 2710 965 2769 omnemque

141 2784 178 2841 ab
194 2800 229 2839 eo
243 2782 383 2839 amolitur
406 2783 513 2839 erroris
537 2784 745 2855 suspicionem,
771 2785 790 2839 l.
814 2801 863 2849 vu,
888 2802 913 2841 c.
927 2788 963 2843 2:

141 2894 157 2923 a
173 2872 216 2929 rid
232 2872 311 2929 huno
333 2871 514 2945 Stephanum
539 2872 695 2946 Dionysius
718 2888 844 2945 prunam
864 2888 964 2929 earum

142 2976 208 3035 quae
223 2959 259 3015 de
274 2960 420 3031 baptismo
432 2960 602 3034 conscriptae
617 2965 687 3017 sunt
699 2960 852 3034 epistolam
868 2979 967 3021 exara·

1013 4964 1084 5021 lilV.
1114 4966 1180 5020 ltern
1208 4980 1245 5018 ex
1275 4964 1444 5035 Hieronymo
1471 4962 1626 5019 ostenditur
1653 4978 1708 5019 nou
1737 4976 1842 5017 errasse

1160 5035 1332 5107 Stephanum
1348 5036 1378 5090 in
1392 5036 1540 5107 questione
1554 5035 1691 5106 baptismi.

122 5534 185 5591 rat.
200 5544 259 5583 uon
276 5532 335 5583 tem
352 5528 475 5585 tidenter
489 5528 657 5600 Stephanus
674 5530 821 5585 traditioni
837 5535 865 5586 at
879 5532 955 5589 anti·
1010 5534 1112 5592 mli
1123 5533 1263 5591 bilrerede
1276 5550 1352 5605 aqua
1362 5532 1466 5602 eliano,
1478 5537 1506 5589 et
1516 5532 1624 5591 idcirco
1634 5534 1835 5590 hereticorum

121 5617 237 5693 quitali
259 5616 450 5675 incumberet.
476 5623 610 5675 homone
635 5617 800 5675 traditionis
823 5636 875 5675 seu
889 5636 953 5677 cor·
1008 5624 1154 5695 baptisma
1173 5622 1343 5693 reprobans,
1359 5622 1395 5679 ad
1410 5622 1592 5695 Stephanum
1609 5627 1681 5680 tuno
1695 5622 1835 5680 Romana
