3892 6104
117 242 198 305 ii'lli

636 244 688 305 lili
709 240 1008 307 usaevtcoault
1029 240 1295 305 strrtslttlrtt.

1526 52 1551 65 ··
1692 35 1852 102 ursa-ss

107 376 222 431 uenerit
248 372 285 430 od
297 388 344 431 uos
371 374 438 445 (80),
464 375 540 433 atad
561 377 778 449 innooetnrdlt)
800 378 861 433 nisi
873 376 984 449 quodA
1000 374 1115 433 aientes
1129 390 1187 430 non
1214 371 1409 446 baptizentur,
1431 374 1483 429 sed
1506 378 1624 431 tantum
1647 388 1762 431 manus
1775 372 1835 431 illia

116 464 255 519 traditum
271 468 321 534 est,
335 467 366 519 ut
388 480 489 519 monus
508 466 555 521 tili
578 468 739 537 imponetur
762 468 792 521 in
805 466 942 538 perniten-

117 555 197 622 te'om,
212 568 274 609 mna
289 555 343 625 ipsi
357 552 481 611 heretica·
490 558 603 626 proprie
627 556 792 611 atterutrum
805 558 842 611 ad
855 571 886 610 se
899 570 944 613 ve·

116 644 224 699 aientes
245 658 300 699 non
330 642 468 714 baptizent
494 642 561 715 (82),
585 645 632 700 sed
655 647 856 699 comenunicent
880 647 944 699 loa·

118 734 186 787 tum.

154 819 257 877 tenu
273 820 307 875 ll.
323 822 346 875 A
362 836 537 892 quacunque
552 821 654 877 heresi
666 822 832 878 venientem
848 822 943 894 bapti·

118 908 176 964 sari
192 908 222 963 in
238 909 367 964 Ecclesia
389 910 492 975 vetuit,
510 910 538 964 id
554 916 609 981 est,
634 912 766 969 omnium
792 911 946 967 haeretico·

117 1015 184 1053 ratu
195 999 251 1069 (83)
261 999 437 1070 baptismata
444 1000 527 1069 juata
537 1016 601 1056 esse
611 1006 640 1055 et
652 999 944 1073 legitimajudicavit.

118 1086 150 1141 ttt
162 1104 228 1141 cum
244 1086 365 1159 singula
384 1088 507 1143 hareses
523 1087 640 1159 singula
665 1088 843 1159 baptismata
857 1092 885 1143 ct
901 1088 944 1142 di-

999 464 1169 537 imponatur
1182 462 1212 517 in
1237 462 1451 533 peonitentiam,
1467 464 1641 520 observetur
1654 461 1759 521 divina
1773 462 1832 521 bae

999 558 1145 608 stsancta
1169 550 1298 607 traditio.
1322 550 1351 607 Si
1376 568 1445 608 vero
1470 552 1580 623 ubique
1605 552 1737 609 haeretici
1761 553 1831 609 nibil

999 640 1079 697 aliud
1096 656 1186 711 quam
1202 640 1361 695 adversarii
1378 646 1409 694 et
1430 638 1604 697 antichristi
1626 640 1828 714 nominantur,

998 731 1023 786 si
1041 730 1151 786 vitandi
1169 734 1198 785 et
1212 728 1338 801 perversi
1353 734 1381 783 ct
1397 746 1415 785 a
1429 730 1599 803 semetipsis
1615 730 1750 785 damuati
1766 746 1829 803 pro·

999 819 1183 887 nuntiantur,
1200 815 1284 885 quale
1299 824 1345 872 est
1359 824 1391 871 ut
1402 817 1557 874 videantur
1571 817 1736 875 damnandi
1751 836 1769 874 a
1783 836 1827 877 no·

998 908 1045 965 bis
1060 924 1118 964 non
1133 924 1198 963 esse
1213 923 1288 978 quos
1304 910 1420 963 constat
1433 906 1596 979 apostolica
1616 908 1827 967 contestatione

999 998 1197 1071 asemotipsis
1224 999 1378 1053 damnatos
1403 1001 1492 1053 csse?
1514 998 1551 1055 Ut
1575 1014 1662 1054 nenio
1689 1000 1826 1056 inlamare

999 1087 1147 1160 apostolos
1175 1089 1276 1143 ttsu
1303 1087 1417 1156 debeat,
1441 1088 1527 1159 quusi
1552 1087 1593 1144 illi
1624 1090 1824 1147 haereticorum

116 1194 199 1233 versa
214 1185 332 1247 peccata
347 1175 484 1244 habeant,
504 1175 551 1230 hie
564 1193 631 1232 cum
651 1176 784 1231 omniurn
800 1176 945 1247 baptismo
1000 1180 1177 1250 baptismata
1200 1178 1398 1249 probaverint,
1415 1183 1467 1233 aut
1490 1180 1533 1234 eis
1549 1180 1613 1236 sine
1627 1181 1763 1236 Ecclesia
1779 1184 1823 1237 ba·

115 1265 339 1321 communicans
354 1264 557 1319 universorum
574 1264 681 1320 delicta
695 1265 724 1320 iu
741 1266 839 1321 sinum
857 1281 945 1321 suurn
1002 1268 1108 1339 ptismo
1121 1266 1415 1331 communicaverint,
1429 1268 1546 1338 quando
1556 1268 1627 1324 talia
1638 1270 1676 1324 de
1686 1268 1823 1329 hereticis

114 1354 485 1425 coacervatacongcssit.lit
495 1354 632 1425 praecepit
642 1354 802 1410 nihilaliud
813 1338 945 1410 innovasi
1000 1355 1123 1429 apostoli
1139 1356 1320 1427 scripserint,
1336 1360 1365 1411 ct
1379 1355 1434 1411 hoc
1449 1372 1516 1411 cum
1539 1358 1673 1412 nondum
1689 1356 1823 1415 haeretica

114 1442 173 1497 nisi
187 1442 266 1515 quod
281 1441 422 1497 traditum
437 1446 481 1498 est
494 1460 500 1509 ;
513 1441 597 1512 quasi
615 1442 640 1497 is
653 1442 771 1497 innovet
785 1442 834 1513 qui
850 1441 945 1497 unita·
1001 1448 1096 1517 pestes
1112 1445 1237 1500 acriores
1254 1445 1466 1516 prorupissent,
1479 1445 1605 1501 necdum
1619 1462 1739 1518 quoque
1754 1446 1823 1503 hiar-

114 1536 174 1587 tem
189 1536 303 1597 tenens,
321 1546 413 1586 unum
426 1530 574 1602 baptisma
589 1531 640 1586 uni
655 1530 790 1587 Ecclesiae
803 1530 945 1586 vindicat·
1001 1534 1043 1589 cis
1059 1532 1195 1588 Ponticus
1210 1532 1267 1603 (85)
1291 1533 1326 1589 de
1351 1532 1442 1588 Ponto
1467 1534 1649 1600 emersisset,
1665 1536 1754 1605 cujus
1768 1552 1822 1591 ma-

115 1624 144 1676 et
159 1636 216 1675 non
233 1618 283 1676 ille
297 1620 401 1693 utique
415 1620 465 1691 qui
482 1619 604 1675 unitatis
624 1618 735 1676 oblitus
749 1618 904 1675 mendacia
918 1593 948 1673 et
1000 1622 1091 1695 gister
1102 1620 1213 1676 Cerdou
1239 1621 1294 1676 sub
1318 1620 1430 1694 Hygino
1446 1621 1502 1691 (86)
1518 1628 1589 1677 tunc
1611 1622 1764 1696 episcopo,
1778 1625 1821 1697 qui

115 1708 250 1781 contagia
264 1708 392 1780 proiane
416 1706 566 1764 tinctionis
583 1708 639 1779 (at)
655 1712 789 1780 usurpat.
806 1708 882 1763 Nihil
897 1708 944 1761 in·
959 1741 982 1807 B
1001 1710 1031 1764 in
1046 1710 1118 1765 urbe
1133 1726 1228 1765 nonus
1244 1710 1299 1765 luit
1314 1710 1380 1777 (tlt),
1398 1710 1520 1766 Romam
1535 1711 1634 1781 venit;
1652 1728 1743 1784 quem
1759 1712 1822 1770 llar-

114 1804 240 1861 noaetur,
256 1794 364 1867 lnquit,
379 1794 436 1850 nisi
445 1798 520 1867 quod
530 1797 721 1851 truditumest.
735 1795 816 1851 Unde
832 1794 943 1852 ostista
997 1798 1061 1854 cion
1077 1802 1207 1865 sectatus,
1224 1798 1333 1853 additis
1348 1798 1383 1853 ad
1400 1798 1511 1854 crimen
1529 1800 1711 1873 augmentis,
1729 1802 1821 1875 impu·

114 1883 257 1942 traditio?
272 1886 412 1942 Utrumne
434 1884 470 1941 de
484 1884 636 1941 Dnmiuioa
650 1890 679 1941 et
704 1884 871 1957 evangelica
885 1900 940 1939 uu·
994 1886 1111 1943 dentias
1126 1886 1240 1943 caeteris
1255 1891 1283 1941 et
1297 1886 1453 1959 abruptius
1464 1886 1493 1943 in
1505 1892 1596 1943 Deum
1611 1889 1731 1947 Patrem
1745 1894 1820 1947 Crea-

114 1974 249 2031 ctoritate
264 1973 453 2045 descendens,
469 1990 505 2029 an
522 1976 557 2029 de
572 1972 772 2045 apostolorum
790 1972 939 2029 mandatis
993 1982 1086 2031 torem
1099 1974 1303 2047 blasphemare
1313 1975 1451 2047 instituit,
1463 1981 1502 2046 et,
1512 1976 1687 2034 haeretioum
1699 1980 1820 2035 furorem

114 2068 202 2135 atque
216 2061 348 2135 epistolis
358 2062 475 2119 veniens
485 2062 500 2117 t
510 2064 549 2117 lia
559 2064 637 2119 enim
654 2062 786 2119 iacienda
800 2078 864 2117 esse
875 2078 939 2133 ques
994 2063 1144 2137 sacrilegis
1159 2065 1249 2120 armis
1264 2071 1365 2120 contra
1380 2062 1537 2121 Ecclesiam
1553 2065 1750 2123 rebellantem
1766 2086 1820 2125 sce·

113 2152 223 2225 scripta
236 2154 307 2207 sunt
322 2154 398 2207 Deus
417 2155 543 2208 testatur
561 2157 590 2208 et
613 2155 772 2223 praemonet
786 2151 821 2205 ad
837 2150 939 2207 iesum
993 2153 1116 2209 loratius
1132 2158 1160 2207 et
1173 2154 1291 2219 pravius
1307 2156 1441 2209 armavit.

111 2244 189 2299 Nave
203 2241 321 2297 dicens:
338 2244 399 2297 Non
426 2242 529 2297 recedet
551 2241 624 2298 iiber
653 2243 718 2313 lepis
741 2240 822 2313 ltrtjus
842 2258 877 2297 ec
894 2256 941 2297 ore
1031 2242 1078 2297 tlt.
1090 2241 1170 2305 Quod
1182 2240 1207 2297 si
1218 2240 1343 2298 hereses
1355 2246 1469 2299 constat
1480 2244 1672 2315 postmodum
1684 2243 1821 2317 pluresue

111 2341 168 2397 tuo,
183 2330 228 2386 sed
242 2330 418 2387 meditaberis
442 2333 472 2385 in
485 2346 516 2386 eo
539 2330 584 2386 die
597 2346 634 2388 ac
657 2334 744 2399 nocta
767 2338 797 2385 ut
819 2331 941 2385 ossen-»es
994 2332 1107 2403 peiores
1120 2328 1277 2396 exstitisse,
1290 2336 1318 2385 et
1332 2330 1356 2386 si
1369 2334 1445 2386 retro
1461 2347 1611 2402 nusquam
1623 2332 1748 2389 omnino
1759 2352 1822 2407 pree·

109 2422 205 2491 lucere
219 2420 312 2475 omnin
327 2421 502 2490 qtuetcripta
516 2427 580 2475 sunt
591 2422 621 2474 in
634 2436 664 2475 co
679 2420 771 2487 (dosue
781 2436 800 2489 t,
816 2419 855 2486 8).
869 2421 939 2475 llem
994 2425 1111 2491 ceptum
1128 2424 1172 2475 est
1188 2435 1282 2491 neque
1299 2420 1499 2492 conscriptum
1515 2424 1549 2474 ut
1564 2420 1702 2478 haeretico
1713 2427 1820 2479 tantum

111 2507 255 2567 Dominus
269 2506 419 2579 apostolos
434 2524 504 2563 suos
519 2510 639 2565 mittens
661 2508 783 2565 mandat
798 2505 940 2581 baptizari
996 2507 1140 2565 manuein
1153 2508 1355 2581 poeniteutiam
1371 2508 1549 2580 imponatur,
1561 2509 1645 2567 etsie
1660 2510 1686 2565 ei
1698 2527 1820 2567 commu·

111 2601 214 2669 gentes
238 2604 266 2653 et
288 2595 384 2651 doceri
410 2600 443 2653 ut
465 2598 620 2653 observent
643 2594 743 2651 omnia
762 2610 941 2669 quecunque
995 2596 1413 2669 nicetur,etsihaptismau0n
1427 2596 1818 2675 nisianumest,quodapad

112 2684 162 2743 itte
177 2683 312 2758 precepit
325 2686 432 2751 (Medi.
457 2701 556 2750 xxvux,
574 2688 617 2753 19,
641 2688 698 2755 w).
714 2684 744 2741 Si
759 2700 828 2757 ergo
844 2690 895 2739 aut
909 2684 940 2741 in
995 2683 1819 2761 nosest‚ctintusest,etsoliEcclesiededivinadignatio

114 2772 269 2845 Evangelio
285 2773 452 2845 praecipitur
469 2780 521 2831 sut
536 2775 565 2831 iu
587 2773 785 2845 apostolorum
801 2772 940 2845 Epistolis
995 2790 1209 2831 ueconccseum
1220 2773 1817 2851 est,quteistaobstinatioest‚quaevepra·

113 2862 160 2921 vel
174 2862 297 2921 ltctihua
309 2862 476 2921 continetur
489 2870 522 2921 ut
540 2881 558 2921 a
572 2878 749 2935 quacunque
772 2862 876 2919 heresi
891 2878 940 2921 ve·
995 2862 1136 2935 sumptio,
1148 2860 1307 2918 humanam
1324 2860 1510 2919 traditionem
1521 2862 1631 2919 divinae
1640 2863 1814 2939 dispositioni

788 2978 900 3060 steph.
922 2978 1041 3040 Baluzii
1062 2982 1157 3038 uotae.

152 3084 208 3157 (80)
222 3084 261 3141 Ad
273 3100 329 3142 uos.
346 3088 438 3142 Antea
462 3084 613 3159 legebatur
626 3084 661 3141 ad
683 3102 741 3141 nos.
759 3086 981 3155 Retinuimusc
1001 3083 1127 3148 celsum,
1143 3100 1266 3155 eumque
1281 3084 1395 3140 refellit.
1419 3084 1522 3141 Nescio
1546 3101 1583 3141 aa
1608 3091 1698 3142 recte.
1714 3086 1808 3141 Etenim

118 3157 272 3213 lectionem
294 3160 404 3228 septem
431 3162 559 3212 veterum
584 3157 803 3230 exemplarium.
824 3158 944 3215 Constat
999 3154 1160 3227 Cyprianus
1175 3156 1216 3211 ait
1231 3172 1336 3227 papam
1352 3156 1533 3228 Stephanum
1550 3158 1704 3213 censuisse
1713 3156 1806 3213 bereti·

139 3226 226 3300 uipps
239 3244 274 3283 ex
289 3228 370 3283 initio
386 3228 472 3284 istius
486 3228 614 3300 epistola
629 3236 657 3284 et
671 3246 706 3283 ex
719 3228 943 3285 commonitorio
998 3242 1098 3283 eorum
1125 3227 1303 3298 baptismata
1327 3244 1391 3283 esse
1416 3230 1493 3283 'usta
1516 3233 1546 3283 et
1569 3226 1712 3300 legitima.
1735 3228 1805 3283 Porto

116 3246 261 3356 iincentii
289 3300 452 3356 Lirinensis
476 3299 630 3371 epistolam
657 3300 794 3372 Stephani
821 3300 942 3355 missum
998 3298 1144 3355 benedicti
1162 3299 1368 3370 responsiones
1383 3244 1524 3355 aniversae
1539 3299 1803 3357 Fratriceilosreiert

115 3370 210 3428 tuisse
224 3371 260 3428 sd
275 3370 412 3427 siricam.
427 3370 500 3427 Vide
523 3377 608 3427 notas
625 3376 742 3429 nostras
766 3373 801 3428 ad
817 3371 942 3429 Vinceu-
997 3370 1086 3427 etiarn
1105 3368 1289 3427 abrahamus
1304 3370 1426 3426 Bzorius
1448 3370 1477 3425 in
1494 3370 1558 3428 suis
1581 3369 1752 3433 Annalibus,
1763 3368 1800 3425 sed

115 3442 201 3509 tium,
219 3460 254 3509 pa
277 3444 362 3511 ,l-t5,
379 3442 440 3498 ll't.
997 3444 1093 3497 mutat
1106 3441 1195 3496 verba
1219 3440 1376 3497 directorii.
1399 3442 1473 3499 Nam
1489 3442 1541 3498 ubi
1566 3442 1646 3515 apud
1673 3440 1798 3499 Nicolaum

150 3514 208 3597 (81)
224 3458 299 3569 ttrite
314 3515 469 3570 irritaretur.
491 3510 638 3568 Caelestini
663 3530 744 3586 papae
768 3511 891 3585 epistola
905 3512 942 3569 ad
997 3512 1140 3585 scriptum
1156 3516 1219 3567 est:
1237 3512 1276 3567 Ad
1294 3512 1368 3568 istud
1391 3514 1537 3585 respondet
1559 3514 1688 3569 dominus
1700 3512 1796 3568 benedi-

995 3588 1065 3639 clus.
1080 3583 1202 3639 Bzovius
1218 3582 1319 3654 ponit:
1344 3583 1384 3639 ,tt
1408 3584 1482 3639 istud
1495 3584 1640 3667 respondet
1660 3590 1692 3641 F.
1705 3584 1795 3641 lucela

995 3658 1142 3711 Fornerius
1151 3655 1316 3725 cardinatis,
1328 3655 1398 3727 quin
1408 3656 1520 3712 sciebat
1533 3660 1575 3712 tta
1584 3654 1712 3714 locutum
1725 3653 1793 3711 ttttsa

996 3732 1152 3867 antequam
1169 3730 1246 3781 esset
1260 3742 1346 3799 papa.

1032 3800 1076 3865 tut
1100 3798 1255 3854 tinctionis.
1270 3797 1366 3855 Codex
1375 3797 1666 3873 Gratianopolitanus
1678 3794 1791 3855 tinctionis

116 3600 269 3657 episcopos
284 3583 465 3641 Galliarum:
482 3584 595 3640 Desinat
617 3588 750 3640 irtccsscre
770 3586 882 3641 nasius
896 3601 942 3640 oe·

116 3659 252 3712 teutatem.
270 3654 470 3712 Tertullianus
483 3656 513 3711 in
537 3655 610 3711 libro
625 3656 658 3711 de
673 3656 832 3724 Virpins'hus
846 3657 942 3711 setan-

115 3726 181 3783 dis:
196 3732 324 3797 hereses,
339 3743 395 3783 aon
410 3736 466 3783 teon
480 3727 585 3783 nouitas
604 3744 687 3799 quam
701 3728 801 3781 ueritus
816 3729 941 3783 revincet.

116 3796 251 3871 Optatus,
267 3796 318 3853 lib.
335 3814 385 3867 vu,
402 3798 476 3853 dixit
486 3801 635 3854 acritatem
649 3813 774 3869 quaerere
789 3800 820 3853 in
835 3800 944 3854 euceri·

117 3872 166 3927 tus
179 3870 329 3927 uetustatis.
995 3873 1021 3925 ct
1035 3870 1186 3927 unctionis.

152 3942 208 4016 (82)
223 3942 282 3999 Non
304 3941 450 4013 baptizent.
476 3940 571 3996 Codex
596 3939 725 3996 Lemouii
741 3939 823 3996 addit
841 3942 871 3995 e'n
885 3956 941 4011 pte-
1031 3940 1088 4013 (85)
1112 3942 1250 3997 Ponticus.
1280 3940 1359 3995 liano
1384 3954 1484 3995 vocem
1512 3939 1681 3995 addidimus
1701 3954 1732 3993 ea
1752 3948 1788 3989 at·

115 4016 244 4085 nitentia,
259 4018 368 4068 elmon
382 4014 534 4068 nescientem
554 4014 690 4085 baptisari
704 4013 733 4067 in
756 4028 871 4067 monum
884 4028 942 4082 pu·-
995 4013 1129 4069 ctoritate
1142 4010 1295 4067 duodecim
1311 4009 1521 4135 exemplarium
1546 4014 1789 4068 nostrorumetset

115 4086 240 4143 nitentis
256 4086 286 4139 in
299 4086 420 4141 Ecclesia
439 4086 537 4139 vetuit.
559 4084 633 4139 Sunt
657 4082 749 4138 multu
772 4082 941 4155 hujusmodl
996 4084 1235 4157 anglicanorum.
1251 4082 1291 4137 Ea
1306 4098 1369 4165 quta
1384 4082 1393 4136 i
1407 4082 1465 4138 lam
1481 4098 1538 4137 non
1563 4084 1672 4139 babent
1684 4080 1789 4161 videatur

116 4156 249 4231 exempla
263 4156 292 4211 in
308 4156 406 4211 codice
421 4156 563 4225 Lemouii,
575 4156 611 4210 de
625 4156 734 4227 quibus
747 4154 942 4211 disseruimus
995 4173 1060 4211 osse
1075 4157 1228 4211 decurtata
1251 4154 1287 4210 ab
1312 4153 1454 4224 imperitis
1477 4152 1608 4209 librariis
1635 4150 1788 4209 credentibus

114 4246 150 4286 su
174 4246 205 4283 ra
219 4229 249 4283 in
265 4228 342 4283 notis
358 4228 393 4284 sd
409 4226 562 4297 epistolum
578 4243 675 4293 cxxru,
690 4244 753 4299 paq.
769 4227 832 4280 502.
995 4226 1074 4283 illum
1100 4243 1164 4283 csse
1187 4241 1442 4299 supervacaneam,
1468 4226 1537 4297 quia
1563 4232 1662 4281 statim
1684 4220 1788 4293 sequitur

151 4246 209 4371 iile)
235 4300 365 4357 timerium
389 4298 578 4355 hereticorum
601 4299 723 4354 Exstant
747 4298 823 4367 apud
854 4296 940 4351 Nico·
995 4294 1787 4361 blarsionememersisseePouto.lreneus,lib.l,cap

116 4370 196 4428 laum
225 4370 367 4444 Cyme-rici
403 4370 432 4426 in
471 4368 623 4426 directorio
660 4368 867 4440 inquisitorum
896 4384 940 4423 re·
995 4372 1040 4436 21,
1056 4369 1174 4440 scripsit
1188 4368 1307 4425 iinrcion
1324 4370 1465 4423 Pontinas.
1481 4368 1635 4423 Ponticum
1650 4367 1740 4437 lupum
1751 4376 1785 4415 vo·

114 4442 288 4516 sponsiones
304 4442 451 4497 benedicti
463 4440 514 4496 llll
528 4458 618 4513 pape,
631 4446 694 4497 tum
705 4438 873 4500 cardinalis,
891 4440 941 4493 ad·
955 4459 979 4522 D
995 4446 1042 4496 cat
1057 4441 1189 4505 liulinus,
1205 4439 1256 4494 lib.
1276 4455 1303 4504 v,
1318 4454 1382 4511 cap.
1410 4438 1453 4506 ts,
1470 4444 1536 4509 post
1560 4440 1720 4495 Eusebium.
1735 4430 1786 4509 illud

113 4531 215 4571 versus
231 4530 343 4570 errores
368 4512 612 4569 Fratrieellorum.
638 4512 668 4567 in
692 4511 800 4584 quibus
822 4512 863 4565 ait
877 4509 939 4567 Ste-
995 4512 1091 4568 dicere
1111 4510 1203 4567 voluit
1227 4515 1346 4566 sanctus
1369 4510 1543 4581 Cyprianus,
1567 4510 1741 4571 Marcionem,
1752 4517 1786 4575 qut

115 4586 246 4661 phanum
262 4601 366 4657 papam
383 4586 595 4641 determinasse
607 4584 684 4656 quod
701 4582 801 4638 nullus
814 4582 941 4652 baptiza·
994 4587 1057 4639 erat
1069 4582 1185 4637 natione
1198 4582 1415 4645 renitescere
1436 4580 1503 4637 ione
1512 4586 1610 4637 ortum
1621 4576 1786 4655 longinquant

114 4664 164 4715 tus
180 4672 231 4728 per
245 4672 433 4726 quascunque
444 4655 595 4711 hereticos
603 4656 721 4711 alanicus
732 4656 768 4709 ud
780 4653 939 4711 Ecclesiam
994 4652 1268 4719 barbara,vidclicet
1278 4669 1293 4708 e
1304 4654 1393 4709 Ponto
1413 4652 1525 4723 euxino,
1533 4653 1652 4709 tandem
1663 4658 1786 4707 emersisse

115 4727 288 4785 catholicam
305 4727 550 4809 rebaptizaretur:
562 4732 696 4783 sanctum
713 4732 811 4782 sutem
826 4726 940 4798 Cypria·
992 4743 1008 4781 e
1025 4731 1125 4793 Ponto,
1142 4726 1192 4781 ubi
1207 4724 1324 4789 latebat,
1336 4724 1466 4779 nondum
1477 4724 1594 4780 venisse
1605 4724 1728 4781 Romam.
1740 4717 1786 4773 lira·

116 4817 199 4859 num.
215 4816 282 4854 cum
298 4798 399 4855 miritis
422 4798 568 4871 episcopis
582 4798 612 4853 iu
634 4799 730 4853 altrice
745 4798 939 4853 celebrantem
994 4814 1078 4852 smus
1094 4803 1192 4852 tamen
1208 4796 1295 4851 babet
1319 4812 1416 4851 vocem
1441 4798 1581 4861 Ponticus,
1598 4796 1647 4851 sed
1671 4809 1723 4849 non
1735 4788 1785 4844 sub·

115 4870 282 4936 concilium,
299 4869 508 4927 determinasse
522 4870 700 4943 oppositum,
714 4868 846 4925 videlicet
861 4867 938 4941 quod
990 4869 1088 4940 junxit
1103 4868 1137 4923 de
1150 4870 1245 4923 Ponto.
1262 4865 1471 4929 Tertullianus,
1487 4863 1538 4921 lib.
1567 4883 1588 4931 1,
1604 4868 1725 4923 udi-ersus
1735 4860 1786 4914 int·

116 4944 253 5017 baptizati
276 4960 292 4999 a
318 4942 544 5014 quibuscunque
569 4942 721 5006 hereticis,
743 4941 767 4994 si
793 4942 828 4995 ad
844 4939 939 4995 Eccle·
994 4942 1100 4995 nionem
1115 4958 1126 4993 .·
1142 4940 1244 4994 Pontus
1257 4939 1306 5011 qui
1328 4939 1429 4993 dicitur
1448 4940 1588 5005 sasinus,
1610 4944 1704 4993 stature
1724 4944 1785 4999 nepe

114 5016 189 5073 siam
202 5014 375 5071 catholicam
392 5013 519 5075 veniant,
531 5018 600 5069 suut
614 5012 793 5085 baptizandi,
804 5019 832 5067 ot
844 5026 941 5083 repro-

113 5089 200 5143 basse
216 5089 243 5141 in
260 5086 313 5141 huc
325 5085 505 5157 Stephanum
518 5100 635 5157 papam,
648 5088 681 5138 ut
693 5087 771 5154 putet
781 5083 809 5138 in
826 5082 937 5155 Cypria·

114 5160 144 5213 ni
160 5158 291 5233 epistolis
306 5159 341 5213 ad
357 5158 546 5217 Jultaisnum,
562 5158 595 5210 ad
615 5154 795 5227 Stephanum
812 5160 841 5209 et
855 5153 939 5210 Pom·

113 5230 222 5303 peium,
239 5230 396 5286 concilium
413 5235 510 5285 autem
531 5228 680 5283 Nlcaenum
705 5231 861 5296 utramque
875 5225 939 5295 opi-

113 5302 229 5359 nionem
243 5302 334 5359 sancti
347 5300 482 5375 Cypriani
497 5305 525 5355 et
536 5298 675 5371 Stephani
689 5316 768 5370 papae
780 5296 941 5353 correxisse

114 5374 335 5430 determinando
349 5374 425 5443 quod
442 5372 579 5444 baptizati
596 5370 632 5425 ab
647 5370 792 5426 haereticis
807 5384 864 5423 non
879 5384 941 5422 ser·

115 5446 252 5501 vantibus
268 5448 390 5501 torulum
408 5443 540 5500 ltcclesice
556 5444 704 5498 venientes
728 5442 763 5497 ad
781 5440 940 5495 Ecclesium

116 5518 310 5590 baptizentur,
326 5518 362 5572 ab
388 5516 453 5573 aliis
472 5532 539 5571 vero
563 5514 706 5571 hereticis
730 5512 867 5583 baptizati
883 5527 941 5566 uon

116 5590 345 5662 rebaptizentur.
362 5592 442 5643 llnnc
452 5586 600 5644 Benedicti
613 5584 787 5642 solutionem
803 5597 868 5639 esse
884 5581 941 5639 ial-

116 5680 181 5723 sam
198 5662 238 5719 ait
252 5660 424 5717 Franciscus
440 5664 537 5731 Pagus
558 5660 588 5713 in
603 5656 823 5714 commentariis
837 5654 874 5711 ad
892 5652 942 5710 Ni-

993 5015 1050 5073 tur,
1066 5014 1182 5065 nominc
1205 5010 1342 5065 illuditur.
1367 5010 1528 5073 Eonodiun,
1544 5008 1597 5073 tib,
1621 5026 1670 5071 xtt,
1685 5004 1784 5085 epist-t:

996 5084 1054 5138 Etsi
1067 5091 1093 5138 te
1106 5084 1292 5137 itnincntorem
1308 5083 1361 5136 ittet'
1384 5082 1517 5151 Pontificn
1531 5083 1598 5151 sncil
1617 5074 1784 5135 inhumanitus.

996 5155 1136 5209 Famosus
1152 5153 1236 5209 locus
1247 5150 1349 5207 exsilio
1361 5152 1463 5208 Ovidii.
1477 5152 1518 5208 De
1532 5160 1662 5225 tempore
1690 5163 1722 5204 uo
1734 5144 1785 5223 liar

995 5226 1059 5281 cion
1070 5226 1151 5288 vixit,
1163 5226 1228 5279 vide
1239 5224 1346 5280 Petnvii
1358 5224 1627 5280 animadversiones
1638 5222 1671 5279 ad
1700 5224 1784 5274 aream

995 5314 1069 5363 xcvi,
1085 5297 1163 5367 apud
1181 5296 1385 5368 Epiphaniam.

1030 5370 1085 5437 (86)
1103 5366 1204 5423 Cerdon
1219 5367 1270 5423 sul»
1286 5368 1406 5439 lippiae.
1428 5365 1501 5421 l'ide
1524 5362 1663 5421 Massueti
1676 5358 1784 5415 utenda·

996 5439 1087 5494 lienes
1103 5440 1138 5494 ad
1157 5440 1308 5499 lretiteum,
1326 5453 1390 5511 pag.
1405 5438 1451 5497 os,
1466 5439 1481 5507 5
1497 5437 1557 5492 155.

1031 5512 1088 5583 (87)
1102 5514 1197 5567 ,t'nnus
1211 5512 1277 5579 tecit.
1295 5509 1374 5565 idem
1393 5513 1520 5565 testatur
1541 5511 1659 5562 sauctus
1676 5504 1782 5557 tensus.

994 5581 1047 5709 gb.
1060 5599 1084 5665 J,
1101 5600 1163 5654 cap.
1176 5582 1222 5653 28,
1238 5580 1488 5637 aienscerdonem
1501 5578 1615 5635 venisse
1623 5576 1731 5633 Romam
1742 5562 1782 5621 tul

1020 5670 1118 5727 ugano.
