3900 6112
115 290 195 373 sau
862 312 1077 377 errsroaa.
1763 308 1826 371 aso

116 440 165 499 itai
182 458 241 499 oon
266 442 497 517 obtemperatur.
522 460 575 502 neo
591 461 668 503 unus
686 442 716 503 io
741 442 870 504 llcclesia
884 446 942 521 (96)
954 449 983 517 Α
997 446 1091 505 ιιιιιιι
1107 445 1184 506 sicot
1198 444 1262 523 lpse
1276 444 1421 505 Dominus
1441 444 1470 503 tn
1495 441 1648 503 duodecim
1670 440 1826 517 Prophetis

115 531 152 587 ad
182 534 301 605 tempus
325 534 473 602 sacerdos,
503 538 533 589 et
559 536 594 591 ad
626 540 743 607 tempus
767 536 856 607 judex
884 537 946 593 vice
1000 536 1125 609 penitet
1149 537 1239 595 dicit:
1266 536 1593 609 stoimetipsisttrepem
1614 535 1825 603 constituerunt,

117 620 388 694 Christicogitalur.
398 621 449 678 Cui
459 621 482 678 si
495 625 657 680 sectandum
669 623 946 697 inagistariadirina
998 628 1027 679 et
1040 641 1094 681 ooo
1107 642 1158 698 per
1171 643 1215 682 mc
1236 626 1306 699 (Osa.
1322 642 1385 693 viu,
1411 626 1448 696 l).
1474 626 1509 683 Et
1532 624 1657 681 iterum:
1683 622 1826 695 Socmfictu

118 710 335 782 obtemperaret
347 712 516 767 trotrroitas
528 711 672 777 univorsa,
689 729 774 768 nemo
790 713 945 769 aduersam
999 729 1093 769 eorum
1107 720 1242 787 tuaquom
1264 715 1346 786 punis
1367 714 1465 785 luctus,
1482 729 1573 769 omues
1595 711 1827 785 perimendorum
1907 727 1915 751 ι

120 800 306 855 sacerdotum
324 798 491 871 collegium,
517 800 680 873 quidquam
696 807 835 871 moverem
859 819 946 860 nemo
999 818 1042 870 co,
1064 805 1328 859 contaminabuntur
1351 803 1420 873 (Ore.
1447 820 1485 869 rx,
1515 802 1552 875 t).
1576 806 1611 858 lit
1640 818 1691 875 per
1709 800 1824 859 Esaiam

122 891 190 961 poet
203 888 335 944 divinum
348 889 506 961 judicium,
523 894 589 961 post
603 889 702 963 populi
724 892 895 965 sullragium
912 892 945 963 ⁸⁴,
1001 908 1117 965 quicque
1131 892 1255 965 Spiritus
1271 896 1393 949 sanctus
1408 890 1515 947 clamat
1531 896 1559 947 ct
1574 891 1662 946 dicit:
1681 892 1726 949 Vre
1740 891 1825 962 culm,

122 981 188 1051 post
216 977 420 1049 episcoporum
455 995 643 1050 consensum,
668 980 799 1051 judicem
829 997 860 1037 se
881 983 945 1053 jam
1000 981 1057 1052 pta·
1069 982 1229 1046 desertores,
1255 981 1312 1037 liaec
1334 980 1402 1035 dicit
1424 981 1575 1036 Domiuus:
1600 980 1825 1037 Habuialiscoo·

121 1082 180 1123 aon
196 1066 323 1139 episcopi
340 1068 390 1122 sed
414 1067 464 1123 Dei
482 1068 606 1137 lacerct;
633 1085 718 1125 acmo
741 1069 863 1128 discidio
879 1070 946 1126 uni·
998 1070 1095 1125 silium
1119 1071 1175 1143 (99)
1191 1088 1246 1126 icoo
1268 1086 1319 1141 per
1332 1086 1375 1125 mc
1397 1070 1430 1137 θ’,
1446 1073 1471 1124 et
1492 1069 1597 1139 [coistis
1618 1069 1826 1123 couventionem

118 1155 200 1223 tatis,
221 1154 328 1212 Christi
345 1156 502 1213 Ecclesiam
525 1157 687 1226 scinderet,
711 1175 796 1216 acmo
812 1160 867 1215 sibi
883 1160 946 1232 pla·
999 1174 1056 1215 oco
1067 1176 1119 1231 per
1132 1162 1261 1232 spiritum
1279 1175 1381 1231 meum,
1406 1158 1528 1229 adjicere
1538 1160 1649 1231 pecccata
1672 1172 1753 1229 supcr
1762 1172 1825 1229 pee-

118 1261 191 1301 eeos
205 1262 239 1300 sc
252 1250 371 1302 tumens
387 1263 519 1303 scorsum
531 1246 601 1303 loris
612 1246 746 1303 haeresim
764 1264 868 1304 nouam
879 1265 947 1305 coo·
999 1257 1061 1304 coto
1074 1250 1151 1317 (lsoi.
1167 1266 1233 1318 xxx,
1250 1248 1286 1319 l).

117 1335 212 1399 deret,
229 1333 285 1389 nisi
303 1336 326 1391 si
344 1336 384 1391 ita
399 1337 476 1391 uest
487 1335 595 1409 aliquis
609 1336 758 1410 sacrilego
772 1338 947 1395 temeritatis
1036 1341 1084 1391 Vl.
1100 1340 1240 1393 Ceteram
1265 1337 1341 1409 (diro
1367 1336 1446 1392 enim
1463 1337 1503 1407 (l)
1523 1337 1695 1406 provocatus
1712 1334 1745 1399 V,
1760 1332 1826 1389 dico

117 1439 152 1479 ac
167 1423 286 1496 perdita
301 1424 419 1490 mentis,
445 1429 478 1480 ut
503 1429 585 1498 putet
609 1424 673 1481 sino
698 1426 746 1481 Dei
760 1426 869 1496 judicio
884 1427 946 1484 lieri
1000 1425 1388 1498 dolensdicocompulsus),
1400 1423 1717 1497 qriandorpiscopusin
1730 1421 1826 1479 locuni

118 1512 321 1569 sacerdotem:
338 1529 404 1568 cum
422 1513 563 1570 Dominus
575 1513 604 1569 in
619 1514 773 1587 Evangelio
784 1531 838 1571 suo
849 1516 944 1573 dicat:
1000 1515 1129 1571 detuncti
1146 1515 1347 1579 substituitur,
1363 1515 1480 1587 quando
1503 1512 1604 1586 populi
1620 1510 1747 1569 universi
1763 1510 1826 1568 sai·

118 1600 217 1657 donne
233 1601 289 1657 duo
303 1618 428 1673 passeres
445 1619 504 1658 osse
518 1609 656 1667 iraeueuot,
671 1612 698 1659 et
711 1608 809 1659 oculor
821 1620 915 1660 corum
925 1606 946 1641 ⁵⁸
1001 1604 1092 1677 tregia
1108 1603 1136 1659 in
1151 1621 1220 1675 pace
1235 1604 1375 1675 deligitur
1389 1604 1507 1675 quando
1521 1601 1571 1658 Dei
1594 1600 1703 1657 auxilio
1718 1600 1748 1655 in
1762 1614 1827 1673 per·

118 1690 195 1745 rodit
211 1691 239 1744 io
254 1698 357 1746 terrum
372 1694 434 1747 sioc
448 1693 541 1748 Patris
552 1692 575 1728 ὓ·
588 1693 645 1765 (97)
659 1694 819 1749 rioluutrdc?
834 1694 944 1763 (allodii.
999 1693 1150 1751 secutione
1181 1692 1352 1765 protegitur,
1389 1691 1510 1763 collegis
1536 1690 1674 1746 omnibus
1702 1688 1828 1746 lldeliter

118 1796 147 1839 x.
163 1779 305 1851 29).Cum
322 1780 370 1835 ille
383 1797 420 1836 ne
436 1782 559 1837 minima
575 1781 635 1837 lirri
652 1783 715 1837 sins
731 1782 879 1840 uoluntate
895 1784 945 1841 Dei
995 1782 1130 1855 junctus,
1148 1780 1224 1855 plebi
1240 1799 1299 1838 sure
1321 1782 1348 1837 in
1364 1781 1533 1854 episcopatu
1556 1776 1749 1851 quadriennio
1760 1777 1826 1850 jam

120 1867 219 1935 dirat;
236 1868 385 1925 existimet
400 1868 508 1942 aliquis
522 1870 579 1942 (98)
591 1887 709 1928 surama
724 1877 877 1945 almagno,
895 1878 946 1929 aut
999 1872 1152 1945 probatus,
1168 1871 1197 1925 in
1213 1869 1308 1941 quiete
1329 1870 1458 1926 seruiens
1483 1866 1654 1941 disciplinas,
1670 1866 1701 1923 lu
1715 1870 1825 1938 tempe·

120 1972 178 2011 nou
195 1956 305 2012 sciente
320 1963 370 2013 aut
392 1974 450 2014 non
476 1959 662 2029 permittente
677 1961 745 2027 Deo,
770 1961 800 2015 in
815 1961 946 2018 Ecclesia
999 1956 1826 2033 stateproscriptus(2)applicitoetadjunotoepiscopatus

120 2046 170 2101 llei
187 2045 261 2115 deri,
277 2051 306 2101 ot
328 2047 504 2118 sacerdotes,
528 2047 558 2102 id
583 2052 628 2104 cst
651 2049 852 2122 dipensatores
868 2051 943 2122 ejus,
999 2049 1045 2105 sui
1063 2048 1191 2118 nomiae,
1208 2049 1294 2105 toties
1315 2048 1351 2104 ad
1368 2047 1482 2105 leonem
1505 2048 1544 2120 (3)
1558 2046 1667 2119 petitas
1691 2046 1720 2101 in
1737 2043 1827 2117 circo,
1935 2046 1938 2051 '

117 2150 177 2190 non
194 2135 230 2189 de
245 2135 309 2207 ejus
325 2135 468 2191 sententia
485 2135 614 2191 ordinari
625 2136 639 2192 t
650 2135 709 2193 lloc
724 2142 767 2193 est
783 2138 868 2194 fidem
886 2156 942 2195 nou
998 2138 1028 2195 in
1044 2136 1261 2211 amphitheatro
1283 2137 1441 2193 Dominics
1464 2134 1642 2210 dignationis
1657 2132 1826 2191 testimonio
1898 2142 1901 2147 '

116 2221 228 2279 babere
244 2239 299 2295 qua
310 2222 446 2293 vivimus,
457 2223 512 2279 boc
523 2224 636 2281 estllco
647 2225 787 2283 honorem
799 2228 943 2298 noofdare,
997 2228 1177 2286 honoratus:
1203 2226 1249 2283 his
1271 2226 1346 2300 ipsis
1370 2226 1458 2282 etiam
1486 2226 1600 2297 diebus,
1624 2224 1733 2297 quibua
1749 2221 1826 2279 ΒΜ

113 2311 205 2382 cujus
216 2316 288 2367 autu
301 2316 330 2366 ot
340 2311 460 2367 arbitrio
472 2311 532 2384 regi
543 2313 565 2348 ⁸⁰
576 2320 601 2369 et
612 2314 768 2386 gubernari
781 2315 880 2371 omnia
890 2315 945 2371 sci·
997 2316 1052 2373 bas
1067 2318 1101 2373 ad
1118 2320 1146 2371 to
1160 2316 1273 2374 litteras
1289 2316 1352 2385 leci,
1369 2315 1405 2371 ob
1420 2314 1564 2372 sacrificia
1587 2314 1626 2385 (l)
1640 2330 1704 2386 qus
1731 2310 1826 2367 edicto

113 2404 226 2456 masat
238 2400 396 2455 credimus.
408 2400 486 2457 80⁴
497 2400 720 2475 Planeepiscopi
732 2420 788 2460 noo
799 2402 945 2460 devolas·
999 2405 1146 2479 proposito
1161 2406 1199 2477 (5)
1215 2403 1361 2461 celebrare
1376 2404 1503 2477 populus
1513 2403 1683 2475 jubebatur,
1698 2399 1828 2457 clamore

110 2488 942 2562 tateDeiliunt⁸¹;sedquiextraEcclesismlluat,sed
999 2489 1825 2567 popul.irium(6)adleonemdeouopostulatusinoirco:
1897 2480 1939 2549 ’.

108 2576 786 2652 quioootra⁸¹dispositionemcttradilioaem
798 2582 945 2656 Evangelii
998 2599 1065 2639 cum
1083 2581 1265 2654 lalisio-iter
1287 2581 1470 2647 charissime,
1490 2598 1507 2637 a
1528 2577 1826 2653 quibusdamdespe·
1926 2600 1930 2605 ·

824 2696 927 2759 Variae
954 2696 1114 2759 lectiones.
1181 2690 1184 2697 '

157 2799 301 2871 “Populi
317 2799 538 2856 animaelli.
556 2800 677 2857 ldlor.
716 2801 967 2860 ”Nisiitatom
993 2804 1294 2859 decadentia.
1343 2804 1415 2858 “Et
1438 2820 1516 2857 unus
1538 2818 1572 2857 ex
1588 2801 1646 2857 illis
1670 2817 1728 2855 non
1743 2799 1828 2855 cadet

117 2871 273 2928 LileC.
288 2871 315 2925 2.
354 2870 486 2927 ΒῬιιιιίι
514 2873 603 2928 vestri
630 2874 685 2929 l'ir.
722 2875 745 2909 ⁸⁰
760 2873 887 2930 Arbitrio
909 2875 970 2947 geri
992 2874 1058 2931 aad.
1084 2875 1105 2929 1.
1142 2875 1163 2909 ⁶¹
1183 2874 1260 2931 adiri
1285 2872 1447 2945 Fiunt,qui
1470 2870 1825 2939 exiraaoctisiamouat,

117 2943 173 2999 sed
192 2943 533 3013 contrs:reiropootibus
554 2947 730 3001 uostrismss.
755 2962 787 3000 or
814 2945 954 3018 plerisque
975 2945 1079 3016 duplic.
1118 2945 1289 3001 “Siel’cm.
1315 2946 1382 3001 dod.
1409 2946 1436 3014 l,
1464 2946 1491 2999 3.
1516 2945 1593 3000 Lam.
1618 2943 1697 2998 Elior.
1714 2940 1782 2997 dc.
1800 2942 1826 2995 t.

120 3015 187 3069 din.
227 3015 250 3051 ⁸³
265 3014 444 3085 sibimetipsi
463 3016 538 3070 lom.
558 3016 635 3071 libor.
651 3017 717 3071 Νι).
736 3016 760 3083 1,
776 3018 803 3071 2.
843 3018 865 3053 ⁶⁸
888 3020 935 3072 sie
949 3016 1015 3076 cod.
1032 3017 1058 3085 l,
1073 3018 1100 3071 2.
1127 3018 1202 3072 tom.
1220 3019 1300 3072 door.
1317 3017 1341 3072 ll
1355 3016 1383 3071 C.
1400 3017 1424 3071 l.
1447 3016 1534 3072 Ormi.
1550 3015 1712 3072 Consilium
1726 3018 1756 3069 et
1768 3028 1826 3069 noa

116 3102 176 3159 per
191 3101 237 3141 me
252 3086 340 3143 Osco.
376 3086 910 3160 VCeterumdiro,provocatuol'er.
1529 3136 1534 3145 ,

826 3195 993 3257 Variorum
1020 3199 1114 3256 notae.

131 3290 207 3368 ,(96)
226 3292 300 3347 Unus
314 3293 343 3346 io
371 3289 506 3346 l'crlcsio.
524 3291 554 3346 ln
580 3290 654 3347 libro
669 3293 704 3348 de
719 3292 836 3349 Uoitata
849 3293 947 3349 docle-
963 3295 985 3364 c
1004 3292 1047 3362 tit,
1063 3293 1089 3347 si
1101 3293 1180 3347 terro
1195 3293 1288 3359 mouit,
1303 3292 1328 3346 si
1340 3294 1436 3363 sames,
1453 3292 1481 3347 si
1497 3289 1567 3355 lues,
1582 3291 1675 3345 statim
1692 3289 1828 3345 Christic-

106 3372 191 3417 sua:
218 3364 394 3433 Episcopatus
418 3378 490 3416 unsis
513 3372 560 3429 est,
584 3364 666 3433 cujus
689 3382 706 3419 o
728 3365 847 3436 stupetis
861 3368 948 3421 ioso-
1003 3380 1053 3419 uos
1075 3362 1111 3417 ud
1139 3364 1244 3418 lcoocm
1271 3363 1450 3418 deotomorm.
1479 3362 1571 3417 AElius
1599 3362 1772 3433 Spartianus
1796 3361 1826 3416 iu

105 3428 211 3489 ticam
225 3450 290 3506 poro
314 3438 432 3490 tenetur.
449 3434 483 3489 Et
508 3434 537 3488 in
553 3434 677 3505 epistola
700 3438 787 3491 arrad
805 3437 947 3493 antoniu-
1001 3436 1159 3493 Commodo
1174 3435 1332 3489 Antonino.
1352 3435 1499 3505 Speratum
1520 3434 1555 3489 ad
1570 3434 1687 3489 lcooem.
1704 3434 1757 3499 Oui
1773 3449 1828 3487 aa·

107 3515 215 3562 num:
241 3508 335 3561 detritu
359 3522 444 3561 suum
466 3506 587 3576 disponit
605 3510 630 3561 et
653 3507 749 3577 diripit
761 3510 949 3580 unusquisque
1002 3506 1207 3563 temdaainati
1223 3506 1354 3560 created
1373 3505 1485 3561 leonem
1510 3504 1560 3559 alli
1583 3505 1710 3560 abeatur
1723 3504 1760 3560 ad
1774 3503 1828 3559 sti·
1894 3540 1898 3547 -

103 3578 271 3651 episcopus.
296 3577 434 3632 rationem
456 3580 590 3649 propositi
611 3579 657 3633 sui
684 3579 797 3634 lietuino
820 3580 946 3635 additu·
1001 3578 1185 3705 gitem,teste
1196 3577 1297 3632 eodem
1307 3576 1497 3633 Tertulliano.
1510 3521 1665 3633 inlgmde
1680 3575 1828 3633 Pudicitia.

105 3659 179 3705 rus.
205 3648 277 3703 Vide
303 3655 387 3703 notas
417 3654 534 3703 oiistrns
558 3649 593 3703 nd
623 3648 730 3705 librum
756 3651 893 3721 dpoburdi
915 3651 948 3706 dc

104 3720 272 3789 Pririlepio
286 3730 312 3774 et
322 3736 387 3789 pure
401 3720 558 3775 sacerdotii.
576 3721 678 3775 bacun.
998 3724 1093 3793 posteo
1107 3735 1187 3775 surra
1198 3722 1250 3774 irus
1264 3719 1300 3775 od
1314 3722 1435 3791 stipitem
1447 3720 1539 3775 bestiis
1554 3719 1676 3789 objectus
1690 3724 1738 3774 cst.
1755 3716 1830 3773 Vide
1871 3736 1874 3749 ·

152 3792 508 3861 (9Ί)διίιιῬιιινιίυθι(νι“.
527 3792 569 3847 lta
592 3792 736 3858 scriptum
750 3792 808 3848 vidi
825 3793 853 3848 iu
870 3793 945 3848 anti·
999 3794 1144 3847 loannem
1192 3792 1341 3846 alstanum
1367 3809 1384 3847 a
1406 3794 1507 3847 sancto
1531 3791 1668 3845 Amantio
1692 3794 1721 3844 in
1747 3800 1828 3845 tomo

110 3865 190 3937 quis
205 3862 384 3919 editionibus
398 3868 427 3917 ct
446 3862 475 3917 in
492 3879 593 3919 novera
616 3863 766 3919 codicibus
782 3863 945 3921 manuscri·
1000 3863 1095 3939 priora
1110 3862 1388 3919 commentariorum
1408 3878 1529 3919 suorum
1553 3877 1619 3934 pag.
1634 3863 1697 3917 713.
1722 3862 1827 3917 Bacca.

113 3934 191 4009 ptis.
207 3934 356 3990 Manutius
375 3934 513 4008 expunxit
532 3950 631 3990 vocem
656 3936 763 4001 cestris,
788 3952 876 4008 quam
893 3952 945 4006 ego
1036 3935 1076 4005 ll)
1090 3933 1127 3990 oc
1148 3934 1295 4005 socmficio.
1320 3933 1461 3991 Obseruat
1483 3932 1640 3988 Annalium
1664 3931 1828 4055 Ggpriaaio.

112 4022 180 4065 aon
197 4004 695 4062 inveniinaliisnovemveteribus
719 4005 812 4063 libris.
829 4008 946 4080 Egeta·
999 4006 1184 4063 conditorad
1210 4022 1278 4061 ann.
1304 4006 1369 4076 252,
1394 4005 1483 4074 n.10,
1506 4004 1621 4059 Gallum
1650 4008 1679 4059 ct
1708 4000 1828 4059 olusia-

111 4094 190 4135 meu
205 4076 287 4132 illam
304 4076 420 4145 retinui,
446 4078 516 4148 quia
541 4078 618 4149 apud
645 4077 822 4149 ascraeum,
838 4096 872 4135 ex
888 4095 946 4151 quo
1000 4094 1085 4145 num,
1101 4093 1167 4133 oum
1185 4076 1276 4149 pestis
1301 4075 1527 4149 ingravesceret,
1554 4092 1618 4147 quae
1633 4073 1828 4130 Hostilianum

111 4150 180 4207 isla
194 4154 314 4221 saraipta
329 4154 408 4215 sunt,
430 4147 545 4219 legitur.
564 4150 639 4205 Unus
664 4165 699 4205 cx
718 4149 781 4205 titis
803 4168 856 4207 otro
872 4151 947 4206 rodit
1000 4148 1207 4221 imperatorem
1224 4164 1291 4204 cum
1308 4148 1372 4221 ipso
1387 4147 1469 4205 Gallo
1486 4164 1502 4201 a
1518 4150 1619 4201 senatu
1636 4146 1830 4201 constituturis

105 4236 203 4283 suver
219 4228 320 4275 terrum
334 4223 396 4275 siue
409 4224 495 4276 Patre
510 4224 605 4276 uestro.
622 4222 702 4285 Ouod
719 4222 808 4277 ctiam
825 4222 948 4278 habetur
999 4218 1829 4293 absumpserat,nummosdpolliuiiolutorieudicurasae3

109 4293 146 4349 in
164 4292 275 4347 Graeco.
293 4292 436 4348 Galerium
450 4292 480 4346 in
492 4291 616 4365 epistola
629 4310 702 4357 cxix,
716 4292 751 4348 od
760 4294 946 4362 Florentium,
998 4293 1161 4364 eademque
1177 4292 1212 4345 de
1225 4308 1325 4358 cause,
1343 4298 1375 4347 ut
1390 4309 1424 4348 ex
1447 4290 1494 4346 liis
1510 4290 1645 4362 Cypriani
1660 4288 1756 4345 verbis
1770 4287 1829 4344 ool-

112 4364 148 4423 in
166 4380 226 4435 qua
242 4364 365 4420 refertur
379 4363 425 4419 hio
437 4363 530 4431 locus,
546 4381 599 4419 uox
615 4366 698 4420 uestri
711 4381 769 4419 non
785 4366 920 4422 babetur.
1000 4362 1115 4489 ligitur,
1127 4362 1270 4419 sacrillcia
1282 4363 1400 4434 ubique,
1412 4362 1505 4417 edicto
1516 4361 1676 4434 proposito,
1688 4360 1829 4417 celebrari

716 4436 820 4493 Buaoz.
999 4450 1034 4490 vo
1049 4435 1145 4491 uisse:
1162 4438 1191 4490 et
1205 4450 1273 4489 curn
1297 4434 1391 4489 edicto
1403 4433 1472 4489 huic
1488 4448 1589 4503 parcre
1604 4432 1768 4506 Cyprianus
1785 4447 1831 4489 rc·

152 4506 214 4579 (98)
229 4507 379 4561 Existimat
388 4505 500 4587 siliquis.
514 4505 677 4561 Citathuoc
692 4506 800 4569 loeium,
817 4507 866 4563 sed
878 4525 945 4564 mu·
1000 4512 1112 4573 oneret,
1141 4504 1283 4578 populum
1310 4504 1378 4561 bino
1402 4519 1505 4561 ausam
1521 4505 1695 4577 arripuisse,
1713 4509 1745 4560 ut
1759 4520 1828 4561 eum

111 4578 220 4643 titum,
235 4576 368 4632 Gerohus
388 4576 677 4650 lteicherapergeosis
699 4578 729 4633 io
751 4583 877 4636 tractatu
895 4580 946 4636 ad·
999 4575 1502 4648 velutimperatoribusrebcllemad
1516 4574 1834 4649 leonemincircopos-
1891 4604 1894 4609 ·

111 4666 224 4709 versus
241 4648 432 4714 simoniacos,
445 4666 508 4720 cap.
525 4652 570 4705 27.
587 4655 692 4705 denua.
963 4648 1116 4733 ptularct,
1154 4649 1268 4703 usmvis
1291 4647 1404 4703 uallum
1424 4651 1499 4703 esset
1516 4646 1592 4703 Galli
1618 4648 1759 4715 edictum,
1774 4664 1833 4719 quo

154 4722 215 4794 (99)
243 4720 370 4776 llobuisti
394 4721 548 4777 eonsilium.
579 4720 651 4777 Vide
680 4724 764 4778 notas
795 4722 947 4777 Frontonis
1022 4666 1260 4776 rocoosiiicsout
1278 4719 1471 4793 magistratus
1498 4719 1633 4791 persequi
1650 4719 1833 4776 Christianos

112 4792 220 4853 Ducaei
236 4791 270 4846 ad
287 4793 416 4848 codicem
435 4793 721 4848 Homiliuramsuucti
734 4794 848 4850 loconis
864 4794 947 4865 Corp-
998 4738 1184 4865 foderentur.
1201 4791 1306 4846 Bacca.

113 4865 246 4930 sostomi,
261 4879 318 4936 pag
346 4864 391 4919 13.
412 4864 516 4920 Baton.
1039 4864 1077 4935 (5)
1095 4863 1185 4918 Edicto
1198 4867 1347 4934 proposito.
1374 4860 1526 4934 Rescripta
1551 4861 1717 4934 principum
1733 4859 1830 4915 mitte·

154 4936 197 5009 (l)
223 4936 286 4991 llice
309 4938 394 4990 mrim.
418 4934 538 4992 Veteres
562 4933 705 4991 editiones
727 4940 756 4991 et
778 4934 834 4991 tria
853 4940 950 4991 vetera
1004 4934 1163 4989 baoturad
1188 4936 1338 5004 prereptos
1364 4934 1507 5005 praetorio,
1533 4948 1656 5005 quorum
1684 4948 1754 4987 cura
1769 4935 1832 4986 erat

1023 3648 1117 3704 levius
1132 3648 1275 3720 Vopiscus
1297 3648 1325 3703 in
1341 3648 1374 3703 D.
1399 3646 1573 3703 Airrcliano:
1589 3646 1662 3703 Seue
1677 3646 1829 3703 llorstltcus
1935 3666 1938 3677 ·

114 5005 301 5079 exemplaria
323 5008 431 5061 babent
443 5024 450 5061 :
463 5007 677 5071 caelerrtmdico,
693 5007 755 5062 dico
770 5008 844 5062 cuim
855 5022 949 5079 prouo-
1003 5006 1056 5062 illa
1071 5006 1165 5061 lucere
1181 5009 1249 5062 nota
1265 5004 1389 5077 populis.
1414 5005 1444 5060 ld
1459 5020 1526 5061 vero
1551 5004 1709 5060 uocabatur
1723 5018 1831 5073 propo-
1933 5060 1939 5069 ,

112 5084 208 5204 cotug.
227 5078 334 5205 {lerum
352 5078 518 5203 giiioderim
539 5081 636 5133 vetera
657 5077 834 5150 exemplaria
849 5079 949 5150 praelo-
1004 5094 1083 5134 nero.
1110 5077 1293 5149 Rescriptum
1319 5076 1437 5131 llonorii
1462 5082 1491 5129 ot
1512 5073 1666 5131 Theodosii
1691 5074 1831 5129 adversus

113 5166 407 5306 rugamuptrgt‘gjggm
434 5221 555 5276 Pontius
580 5219 721 5305 diaconus
745 5223 781 5305 in
800 5221 872 5305 ‘Vite
897 5222 949 5304 Cp·
1006 5221 1106 5277 luitod
1123 5220 1288 5304 Palladiam
1299 5222 1464 5303 praelectum
1482 5217 1625 5301 praetorio.
1637 5221 1665 5271 ls
1677 5231 1833 5297 vero,·pro·

115 5310 240 5380 priuos:
255 5296 355 5377 Statim
380 5293 496 5364 denique
509 5309 559 5364 pro
583 5292 687 5347 talibus
709 5306 817 5349 rumim
829 5308 950 5364 prosum·
1005 5292 1100 5367 posito
1115 5293 1220 5375 edicto,
1236 5295 1390 5374 imprravrt
1403 5286 1779 5413 exsecutionemgresrrlgitr.
1799 5288 1831 5343 ln

113 5371 227 5444 ptroms
241 5365 359 5436 glorium
375 5371 596 5448 recommisceri.
614 5363 717 5447 Banna.
1005 5365 1084 5421 calce
1099 5380 1165 5419 vero
1186 5368 1227 5418 its
1251 5364 1399 5487 ⁸⁰¹¹ft¹3¹¹t
1420 5365 1486 5415 cst:
1514 5365 1718 5441 Propositume
1737 5366 1829 5415 settim.

159 5437 200 5494 Ad
214 5437 331 5491 leonem.
359 5435 437 5490 ldrni
454 5440 585 5501 Pontius,
610 5450 733 5491 roomme
756 5451 819 5490 crim
844 5444 869 5491 ct
889 5435 951 5503 sris·
1005 5436 1081 5491 Siout
1097 5436 1189 5490 miilta
1204 5449 1308 5503 exemp
1321 5450 1338 5485 s
1352 5438 1439 5487 retius
1453 5448 1553 5485 moris.
1570 5436 1669 5487 Berua.

119 5510 314 5635 {rogiissoepc
337 5509 458 5578 repetitis
481 5508 517 5563 od
542 5508 646 5564 bouem
667 5507 859 5579 postularetur.
882 5508 951 5562 'l'er-
1041 5509 1080 5571 tol
1097 5507 1221 5560 dirimere
1234 5504 1415 5575 popiirlorium
1453 5504 1482 5557 ld
1504 5509 1548 5558 est
1571 5498 1834 5559 sertrimotiooibus

121 5580 270 5641 tatianus
294 5596 323 5633 ro
355 5578 557 5653 apologetico:
586 5580 618 5634 Si
642 5578 752 5651 apteras
779 5579 898 5635 sucridit
923 5581 951 5633 iu
1028 5579 1101 5633 lebis
1116 5576 1242 5645 petentis
1258 5582 1291 5631 ut
1305 5576 1496 5631 damnaretur
1511 5574 1545 5629 ad
1560 5572 1836 5645 laurienr,ltulious‚

126 5652 242 5725 monio,
258 5651 286 5708 si
300 5651 380 5709 ditus
393 5666 448 5707 ooo
469 5653 590 5709 escendit
604 5652 633 5709 io
652 5666 729 5723 oruc,
744 5650 770 5705 si
788 5652 886 5710 coelum
900 5659 953 5709 stc·
1007 5596 1058 5707 fio.
1074 5667 1090 5705 v
1104 5650 1164 5707 llist
1178 5648 1287 5709 Ecclss.
1304 5662 1369 5721 cap.
1384 5648 1410 5721 l,
1426 5649 1554 5705 reterens
1575 5646 1736 5719 epistolam
1749 5640 1840 5709 scale,

353 5150 494 5205 ridimus.
736 5150 842 5205 Bucco.
1004 5148 1167 5221 Pelagium,
1179 5144 1830 5219 irtexemplicaussistudeumerius,missum
1930 5182 1934 5193 .
