3892 6104
115 269 157 330 49
682 269 903 337 paulutum
923 270 975 337 ur
996 270 1250 337 calluimus.
1785 276 1828 343 Μ

115 400 247 475 Spiritus
260 401 383 458 sanctus
398 400 532 458 ordinem
543 400 638 475 ipsius
648 404 780 461 muneris
788 405 944 478 conscribi,
959 407 987 476 Α
1002 405 1160 475 tribunus,
1175 410 1205 463 et
1217 406 1258 463 ita
1266 408 1360 480 jussit
1371 407 1438 467 illos
1452 408 1611 473 humanius
1625 408 1727 468 haberi
1736 408 1769 480 ⁸⁸,
1787 413 1823 469 ut

113 491 167 548 48
181 491 240 548 etsi
254 490 370 564 indigni
384 490 421 548 ad
437 490 675 565 supplementum
686 497 776 551 tenta
787 493 886 568 gloria
897 495 944 553 da·
1000 494 1140 551 iratribus
1154 496 1219 567 ejus
1232 500 1261 553 et
1276 497 1390 555 ceteris
1405 497 1530 556 incultas
1545 499 1627 556 tieret
1655 497 1823 559 inaurandi

111 580 325 649 scribendum3
341 581 545 653 tamen,quasi
560 582 734 639 mandatum
749 585 942 642 sanctissime
997 588 1026 640 et
1054 583 1247 657 refrigerandi
1275 602 1343 642 cuni
1372 586 1510 659 eis3jam
1532 591 1561 644 et
1575 588 1598 625 ⁷⁰
1612 587 1677 661 ipsc
1704 587 1822 660 optione

108 671 275 743 Perpetua,
290 669 351 726 imo
366 669 643 728 fideicommissum
663 672 728 744 ejus
753 673 943 746 exsequimur
997 674 1122 730 carceris
1139 673 1285 730 credente.

108 759 168 831 (17)
182 759 220 825 “,
243 774 338 814 unum
364 757 534 830 adjicientes
553 760 763 818 documentum
787 761 823 818 de
845 761 941 835 ipsius
1030 763 1081 819 ΔΟ
1091 762 1138 819 lv.
1149 761 1246 820 Pridie
1257 779 1382 836 quoque,
1394 780 1461 822 cum
1470 762 1819 839 illacoenaultimaquam

106 847 280 905 conantia
293 852 324 903 at
337 847 430 905 animi
446 847 639 906 sublimitate.
655 852 727 906 Cum
741 852 796 907 ‘ia
819 851 939 908 tribuno
993 851 1117 909 liberam
1139 855 1245 909 vocant
1264 852 1333 925 (23),
1354 857 1498 925 quantum
1518 852 1549 909 in
1573 853 1649 927 ipsis
1670 857 1743 926 arat,
1757 871 1816 916 non

105 936 287 1010 cutigatius
299 952 334 993 eo
358 939 554 993 tractarentur
568 938 636 1011 (18),
653 939 722 1011 quia
745 957 781 997 ex
805 940 938 998 admoni·
993 958 1106 998 coenum
1120 940 1253 1013 liberam,
1269 942 1320 998 sed
1337 958 1450 1016 agapen
1466 945 1614 1000 coenerent
1634 941 1693 1016 (ei)
1706 943 1751 1013 ¹¹5
1766 959 1819 1002 aa·

104 1025 242 1083 tionibus
257 1024 649 1083 hominumvauiseimcriim
658 1028 813 1086 verebatur
822 1045 859 1085 ne
869 1029 939 1088 sub·
993 1031 1059 1087 deni
1073 1029 1238 1087 constantia
1251 1029 1288 1086 ad
1303 1029 1446 1103 populum
1464 1029 1553 1087 verba
1573 1028 1631 1088 ists
1648 1028 1815 1103 jactabant,

104 1116 296 1173 traherentur
309 1115 347 1171 da
360 1130 475 1172 carcere
488 1115 739 1174 incantationibus
758 1118 815 1190 (19)
830 1117 936 1191 aliqui·
991 1118 1204 1176 comminantes
1225 1117 1374 1191 judicium
1388 1117 1519 1188 Domini,
1533 1119 1732 1176 contestantes
1746 1135 1814 1192 pas·

104 1205 163 1262 bus
189 1202 326 1277 magicis,
356 1202 390 1259 in
418 1203 521 1260 iscium
551 1204 704 1278 respondit
731 1205 883 1279 Perpetua,
908 1211 937 1265 at
991 1206 1067 1264 sioni
1082 1222 1143 1263 ause
1151 1207 1175 1242 ⁷¹
1189 1205 1534 1278 felicitatem‚irridentee
1543 1206 1567 1244 ⁷⁸
1576 1206 1815 1266 concurrentium

104 1293 179 1349 dixit
194 1309 203 1348 :
220 1314 236 1343 α
251 1291 326 1359 Quid
341 1290 444 1364 ntique
458 1308 516 1349 non
531 1294 679 1366 permittis
692 1295 864 1368 refrigerare
878 1297 935 1370 (20)
991 1295 1199 1367 curiositatem,
1212 1295 1327 1352 dicente
1340 1298 1482 1353 saturer«
1498 1293 1649 1353 Orestinus
1663 1295 1726 1353 dies
1741 1295 1814 1356 easta

102 1382 203 1438 noxiis
217 1379 402 1438 Nobilissimi
417 1381 540 1439 cesaris
555 1382 611 1455 (21)
624 1383 646 1419 ⁸⁸
662 1382 783 1453 scilicet,
800 1388 830 1441 et
843 1384 934 1442 natali
989 1385 1071 1442 vobis
1086 1401 1144 1441 non
1160 1389 1215 1453 est,
1230 1385 1309 1456 quod
1323 1384 1448 1442 libenter
1460 1384 1578 1453 videtis,
1592 1384 1672 1456 quod
1695 1383 1812 1446 odistis.

101 1468 241 1541 ejusdem
256 1467 519 1541 pugnaturistilut
531 1486 589 1527 non
605 1474 657 1526 tua
670 1470 764 1544 gloria
774 1473 861 1540 est,si
873 1473 935 1546 pin·
989 1473 1080 1530 Hodie
1094 1472 1192 1542 amici,
1208 1489 1274 1530 eras
1288 1472 1401 1529 inimici
1414 1473 1483 1545 (25).
1499 1472 1603 1531 Notata
1631 1475 1732 1531 umen
1759 1488 1813 1531 nc·

100 1559 223 1630 gniores
236 1556 285 1614 illo
299 1557 502 1629 pmduoamur
512 1558 591 1631 (22)2
606 1581 621 1611 »
637 1560 756 1617 Horruit
770 1567 799 1618 et
814 1562 933 1620 erubuit
987 1561 1033 1620 bis
1047 1564 1071 1599 n
1085 1562 1175 1619 iacies
1188 1565 1304 1619 nostras
1314 1560 1477 1634 diligenter,
1488 1565 1521 1618 ut
1529 1560 1744 1635 recognoscatis
1754 1575 1811 1620 nce

815 1661 917 1724 Varia
938 1661 1098 1724 lectiones.

139 1753 277 1826 “Nmpe
347 1771 381 1810 rc
402 1770 480 1810 nuni.
503 1771 531 1823 x,
556 1754 584 1811 S.
608 1760 746 1829 Perpetuo
767 1757 839 1815 dieu
853 1777 863 1814 .·
879 1758 975 1832 Ipsius
997 1763 1096 1816 autem
1122 1756 1253 1814 muneris
1276 1761 1375 1813 actum
1400 1756 1425 1813 si
1443 1757 1516 1830 'quis
1539 1755 1664 1815 voluerit
1683 1756 1804 1817 scribet.

99 1826 124 1861 *Ἰ
142 1824 225 1882 codd.
248 1770 353 1882 Sam.
378 1833 404 1881 et
428 1824 577 1898 compend.
601 1825 675 1891 Quis
697 1828 813 1887 tribuno
841 1832 1003 1904 castigante
1022 1847 1072 1887 eos
1087 1833 1116 1886 et
1130 1828 1206 1886 mala
1219 1831 1372 1897 mactante,
1389 1829 1528 1900 quoniam
1543 1843 1578 1884 ex
1591 1827 1804 1886 admonitioni·

100 1897 170 1952 bus.
223 1895 344 1961 ⁸⁸lidern
367 1895 442 1952 codd.
469 1897 542 1964 Quia
564 1898 654 1955 natali
678 1901 743 1971 ejus
764 1919 867 1958 sumus
893 1903 1062 1975 pugnaturi.
1099 1901 1183 1957 ‘'Sic
1200 1899 1358 1957 eommdem
1371 1898 1806 1967 ccdd.oerestituimue,·ncm

98 1967 264 2024 Houtenicr
290 1967 407 2025 indebat
431 1969 569 2025 manibus
593 1969 695 2027 biberi.
736 1973 758 2007 ⁷⁰
778 1974 888 2031 Tamen
911 1975 1031 2031 ilouten.
1069 1974 1091 2009 ²¹
1119 1975 1237 2045 Agepen
1260 1986 1384 2041 coenare,
1400 1917 1554 2042 {omisistis
1574 1975 1613 2027 ert
1637 1969 1804 2027 Tertulliano

93 2040 232 2111 topuncdi
241 2039 346 2097 nudus.
365 2040 480 2112 Uterque
493 2046 587 2097 tamen
600 2042 660 2099 cod.
685 2059 737 2099 cir.
754 2043 837 2101 luctet
850 2045 967 2119 adipem
979 2061 1031 2118 pro
1046 2060 1169 2120 agapen.
1206 2043 1230 2079 ⁷¹
1244 2042 1400 2100 Passiones
1415 2059 1485 2100 sues
1506 2047 1536 2100 et
1556 2040 1723 2101 felicitatem
1737 2041 1799 2099 cod.

90 2112 200 2168 succ.
238 2111 262 2146 ²⁸
276 2110 427 2168 Irritantes
441 2111 564 2170 ticum.
602 2114 626 2149 ⁷⁴
638 2113 728 2172 Vobis
743 2114 808 2172 Ccd.
825 2116 911 2174 Sitit.

807 2215 972 2278 variorum
994 2219 1090 2277 notes.

127 2306 189 2378 (17)
207 2305 285 2363 licei·
305 2308 484 2363 commissum
505 2309 564 2382 ejus
696 2311 781 2367 imur.
800 2311 924 2384 alludit,
939 2318 962 2384 Β
976 2312 1061 2369 toriis
1075 2309 1153 2378 telis,
1168 2310 1229 2367 sive
1244 2309 1410 2367 belluarum
1426 2307 1565 2366 dentibus
1593 2309 1801 2382 conficiendos,

87 2381 124 2433 nt
150 2378 291 2450 superius
314 2377 479 2435 indicatum
504 2384 560 2448 est,
577 2381 613 2436 ad
638 2384 743 2439 utima
758 2382 808 2439 illa
835 2384 924 2441 verba
978 2399 1053 2454 quos
1068 2383 1221 2448 terriones,
1238 2382 1302 2437 tudo
1321 2381 1471 2454 deputatu
1485 2395 1578 2437 ceruos
1602 2396 1691 2453 penis
1716 2397 1802 2440 voca·

86 2449 121 2506 S.
139 2448 418 2521 Perpetuezlpiius
434 2455 526 2506 ouum
545 2456 672 2510 muneris
697 2457 923 2526 estantiquis
976 2454 1058 2509 bant.
1080 2453 1162 2509 Unde
1186 2452 1395 2519 Tertullianus,
1417 2452 1521 2508 lib.lte
1543 2451 1688 2523 pudicitia,
1705 2450 1803 2512 locum
1909 2448 1914 2457 ”

84 2518 224 2589 coluerit,
239 2520 493 2588 imibm:0uibus
513 2522 632 2595 reliquie
676 2524 802 2580 essionis
825 2531 921 2597 perte·
977 2524 1071 2581 sancti
1096 2522 1179 2581 Pauli
1208 2525 1221 2580 l
1246 2523 1307 2580 Cor.
1333 2540 1398 2596 cap.
1424 2539 1463 2588 iv,
1487 2522 1505 2577 9
1528 2518 1663 2593 ἀπέδειξεν
1685 2521 1722 2585 ὡς
1742 2521 1802 2579 ini·

83 2592 193 2647 xendae
230 2592 390 2648 rovinciam
410 2592 493 2649 alteri
509 2593 632 2667 deleget.
651 2542 752 2650 fiores.
976 2593 1117 2656 tetarlon<
1132 2595 1249 2652 eruditu
1264 2594 1351 2650 vertit
1367 2611 1374 2651 :
1390 2595 1479 2666 Elegit
1491 2609 1544 2649 nor
1561 2595 1636 2652 vetut
1651 2595 1802 2678 betterici.

122 2663 184 2733 (18)
221 2679 299 2718 cmc
314 2664 425 2720 tutuno
437 2665 599 2735 munatius
612 2680 641 2720 eo
654 2669 851 2735 tractarentur,
865 2670 919 2723 etc.
976 2667 1035 2724 lloc
1050 2666 1251 2733 Quintilianus
1274 2666 1427 2723 declamat.
1443 2666 1472 2731 9,
1486 2669 1570 2722 vocat
1585 2682 1593 2722 :
1609 2667 1805 2727 erumnae

82 2737 149 2788 Hoc
163 2738 224 2800 eet,
240 2733 358 2790 tribuno
382 2751 458 2808 agre
485 2736 670 2808 permittente
693 2736 776 2793 cibus
807 2737 919 2811 inferri,
974 2740 1128 2809 mancipio,
1145 2754 1209 2809 quie
1225 2738 1261 2794 ad
1279 2738 1383 2794 luduin
1409 2742 1578 2808 certamque
1597 2741 1720 2794 mortem
1743 2737 1802 2796 ale·

82 2804 194 2859 diariis
205 2803 291 2861 solito
299 2805 482 2862 tenuioribus
494 2809 808 2880 pascerentur:utique
817 2812 922 2880 preter
975 2809 1084 2866 bantur
1098 2809 1200 2865 chsr.

81 2891 217 2931 morem.
233 2876 318 2945 Nam,
334 2880 368 2932 nt
381 2877 422 2932 ait
440 2877 550 2933 Seneca
573 2878 659 2948 epist.
683 2895 761 2948 xviii,
777 2879 921 2938 liberiore
1011 2882 1068 2952 (22)
1084 2880 1114 2936 Si
1125 2881 1287 2952 piscosiores
1302 2880 1355 2934 iiic
1368 2878 1563 2950 producemur.
1578 2877 1644 2934 Hac
1658 2877 1801 2951 Perpetua

79 2955 155 3002 eunt
182 2946 319 3003 alimento
345 2949 474 3003 carceris.
495 2947 528 3002 lit
557 2964 564 3004 :
588 2948 721 3033 iepositce
743 2951 778 3006 cd
803 2953 920 3023 capitote
975 2957 1077 3033 sancta
1094 2949 1345 3032 securitatedixit,
1361 2948 1798 3033 quaeprosaniicterdumbo·

78 3019 920 3171 etltttidtjt‘ttttttttituli-‘titilius
975 3023 1410 3164 tilii..t⁰5iitt⁰.li¹.ttr
1424 3019 1798 3174 titilletitttttt

80 3161 175 3216 cibus
190 3176 308 3232 parcior
323 3161 438 3217 dicitur.
455 3161 559 3218 lloisr.
973 3165 1033 3220 dito
1055 3166 1202 3222 secuntcte
1229 3165 1288 3220 cuir
1314 3163 1403 3236 epulis
1431 3161 1582 3219 cenam
1616 3176 1728 3230 scaenai
1750 3165 1797 3220 in-

121 3231 183 3298 (te)
199 3231 243 3286 Es·
264 3231 499 3288 admonitionibus
526 3234 743 3290 canusimorum
764 3236 918 3306 hominum,
973 3245 1118 3306 timentes,
1135 3235 1268 3292 stallos
1290 3239 1389 3290 sutem
1404 3238 1476 3304 erut,
1491 3248 1542 3290 eoa
1565 3232 1617 3305 qui
1639 3232 1683 3290 val
1708 3249 1798 3306 piene

78 3303 239 3359 meatur
249 3318 285 3358 ne
296 3304 532 3359 euttrcterentur
545 3303 578 3359 de
590 3321 698 3362 mrcere
717 3308 919 3363 incantationi·
974 3323 1064 3364 cause
1078 3307 1114 3364 ad
1129 3305 1336 3380 gladiatorium
1351 3309 1404 3361 aut
1416 3303 1600 3360 senatorium
1619 3302 1722 3360 ludum
1737 3305 1798 3363 dati

79 3375 148 3441 bus,
175 3378 233 3430 etc.
258 3377 325 3429 ileo
348 3380 393 3431 est
414 3374 474 3442 illa,
500 3391 588 3446 quam
611 3376 725 3433 Christo
750 3383 857 3433 temore
885 3395 918 3435 sc
972 3384 1081 3449 essent,
1098 3384 1149 3434 aut
1164 3384 1267 3451 sponte
1290 3392 1322 3432 se
1345 3376 1452 3433 iisdem
1473 3374 1652 3443 addicerent,
1668 3374 1798 3446 saginari

79 3444 265 3516 blaspheme
279 3446 437 3518 impactam
450 3446 478 3502 S.
492 3446 634 3518 ignatius,
644 3448 915 3522 Epistchtitipp.
973 3448 1251 3522 priusamagistris
1265 3446 1338 3516 ludi,
1354 3451 1389 3503 ut
1404 3446 1561 3503 habiliores
1576 3462 1610 3503 ao
1623 3443 1798 3504 valentiores
1830 3470 1838 3484 ‘

79 3516 235 3588 queritur,
251 3515 414 3593 συκοφαντία
430 3516 554 3601 μαγείας,
585 3520 756 3575 calumnioso
784 3522 918 3577 accusatio
972 3522 1212 3592 producerentur.
1227 3519 1256 3575 S.
1273 3518 1436 3591 Cyprianus
1451 3519 1538 3588 epist.
1553 3518 1590 3573 2:
1604 3516 1739 3600 Impletur
1765 3519 1799 3575 i'n

80 3588 204 3656 mucis.
219 3588 313 3652 Quam
329 3593 359 3644 et
371 3588 402 3644 in
417 3589 733 3662 Christianoe‚quoties
744 3592 853 3647 mirum
868 3592 917 3648 ali·
970 3607 1083 3649 succum
1108 3591 1176 3647 citii
1202 3591 1364 3663 tortioribus
1401 3603 1510 3672 corpur,
1539 3595 1566 3644 et
1586 3604 1693 3645 cruente
1728 3589 1797 3646 torte

82 3658 917 3740 qnidsupravimhumanampatrarent‚irequcntetuma
932 3686 954 3754 G
972 3666 1158 3720 membrorum
1175 3664 1261 3718 ructes
1288 3661 1401 3716 roiiutc
1421 3677 1440 3733 p
1493 3661 1592 3743 ceant,
1605 3661 1638 3715 ut
1654 3661 1716 3730 rupi

81 3730 459 3856 ffffffflbm’fflm
474 3732 533 3788 sere
548 3737 711 3806 martyrum
725 3737 796 3790 Acta
809 3739 918 3791 testan-
973 3737 1004 3791 in
1022 3751 1151 3862 ιρωέιιΔηιιθ
1153 3735 1391 3861 i⁶3r1i²2⁸aotss⁶nri⁶⁰e⁸0
1415 3735 1449 3786 lit
1498 3730 1797 3875 [iiiitililrmcgssndffi

97 3818 147 3856 u.
266 3841 273 3855 .
972 3823 1020 3862 ma
1049 3824 1056 3863 :
1170 3822 1188 3860 o

121 3871 185 3942 (20)
212 3872 283 3940 Quen
300 3872 396 3954 ntique
422 3888 478 3929 non
501 3875 641 3946 permittis
664 3876 841 3946 refrigerare.
858 3875 917 3932 lloc
970 3880 1081 3949 rupina.
1111 3876 1215 3933 Honsr.
1249 3905 1283 3916 -
1312 3817 1609 3946 ciampinium
1636 3875 1737 3929 notata
1757 3871 1795 3931 ab

82 3949 144 4012 eet,
166 3942 258 4015 paulo
283 3942 393 4000 lautius
406 3948 436 4000 et
465 3945 612 4016 copiosius
627 3947 717 4017 pasci.
732 3950 835 4003 Hoisr.
971 3948 1131 4012 llolstenio,
1146 3947 1238 4002 videri
1254 3948 1351 4019 potest
1368 3943 1497 4001 alludere
1511 3943 1560 4000 bic
1575 3943 1656 4000 locus
1677 3943 1795 4025 edicta

123 4014 185 4085 (21)
200 4014 298 4070 Noreir'e
312 4014 488 4072 nobilissimi
502 4016 632 4074 Caeccrir.
650 4016 727 4073 Geta
742 4018 794 4073 filii
819 4019 916 4075 Severi
970 4019 1178 4092 quorumdam,
1192 4018 1222 4073 in
1255 4015 1342 4090 plena
1369 4014 1416 4072 sni
1443 4014 1617 4072 hebitudine
1639 4029 1713 4071 mori
1741 4027 1794 4086 op·

83 4085 163 4156 imp.
182 4086 269 4140 cu'us
284 4084 386 4152 natali,
402 4090 435 4141 nt
459 4086 596 4160 superius
619 4086 742 4170 dictum,
758 4090 915 4162 pugnaturi
970 4091 1108 4161 tantium,
1124 4089 1211 4161 quale
1227 4085 1371 4161 expressit
1383 4086 1414 4142 in
1434 4086 1550 4160 lluropa
1576 4084 1794 4157 Horatius,0d.

84 4159 185 4212 erant.
227 4155 383 4213 obilissimi
399 4156 565 4240 appellatio,
581 4157 709 4215 tiliorum
730 4161 916 4232 imperatoris
968 4163 1014 4229 27,
1031 4162 1081 4218 lib.
1099 4178 1131 4217 111
1147 4178 1154 4217 :

84 4229 161 4281 ΜΠ
178 4227 329 4283 mmmm
354 4243 481 4300 imiim-
496 4228 568 4286 Vidi’
593 4228 683 4312 Ph⁰t2
701 4230 776 4315 {35⁶2
787 4248 816 4303 P·
843 4233 913 4316 18*ss
1095 4252 1246 4314 Antequam
1262 4247 1349 4310 turpis
1363 4246 1464 4296 mactes
1478 4245 1606 4296 decenter

84 4296 247 4353 Lennelav.
262 4298 352 4355 Pcnd.
368 4300 445 4355 liure.
461 4315 526 4382 pag.
536 4300 755 4369 993Panvinius
768 4318 799 4357 in
812 4305 913 4374 Fortis,
1093 4314 1212 4376 occupet
1224 4311 1319 4370 malai,
1332 4314 1488 4372 tenereque
1503 4320 1601 4358 iucem

86 4384 120 4440 p.
134 4368 191 4423 tlt
205 4373 235 4425 et
246 4369 312 4440 245,
327 4371 401 4426 duas
423 4371 631 4444 inscriptiones
655 4374 754 4440 refert,
769 4390 834 4446 qua
860 4374 915 4431 boc
1093 4375 1196 4426 Defluat
1209 4372 1317 4438 prada.
1333 4372 1454 4444 speciose
1466 4380 1559 4434 querc

90 4442 242 4496 annunt.
266 4441 346 4498 ldem
371 4441 476 4498 visitur
498 4442 530 4497 in
555 4458 676 4499 nummo
704 4443 795 4514 hujus
819 4445 915 4518 ipsius
1263 4435 1375 4485 P²⁵⁰⁸f0
1389 4437 1482 4496 ilem·
1560 4429 1658 4482 ΡΜ·

90 4508 912 4587 GetaeapudHoleinmaumadversatiguraNcbilitetis.
1003 4517 1061 4591 (23)
1084 4519 1104 4573 t
1129 4532 1206 4573 cunc
1229 4514 1329 4571 cuma
1357 4527 1444 4595 quum·
1469 4509 1585 4594 liberum
1606 4516 1713 4568 cocunt
1736 4507 1796 4578 oui

88 4580 165 4636 Item
190 4584 268 4655 apud
295 4583 417 4640 Risum.
433 4584 528 4640 Noctis
553 4600 640 4656 porro
665 4585 737 4642 dicit
759 4587 914 4657 gentilium
968 4588 1101 4646 erantad
1117 4587 1226 4644 bestias
1241 4584 1386 4652 damnati,
1401 4582 1497 4656 pridie
1511 4597 1618 4655 pugnae
1640 4580 1796 4640 conmuni

88 4668 181 4708 sensu
208 4653 367 4726 verboque,
386 4654 435 4724 qui
463 4654 736 4714 innocentissimum
760 4658 915 4715 hominum
968 4660 1133 4716 lautissime
1147 4658 1234 4728 idque
1248 4653 1355 4729 palam.

128 4740 196 4787 nus,
212 4726 365 4781 noxiorum
381 4741 462 4783 more
482 4726 621 4784 extremis
635 4728 789 4800 suppliciis
803 4729 914 4786 atticis·
1005 4731 1060 4802 (24)
1076 4730 1129 4785 Sed
1142 4730 1255 4799 Apopen
1270 4733 1420 4782 cancrent.
1435 4723 1499 4809 Non
1518 4723 1714 4808 describimus
1729 4738 1793 4808 quq

88 4739 171 4851 {gut
180 4794 355 4870 Quanquam
364 4797 395 4853 in
407 4797 576 4854 uniuersum
586 4815 761 4873 quacunque
770 4816 913 4868 excausa,
969 4802 1080 4875 passim
1096 4800 1133 4857 de
1147 4797 1249 4882 agapis
1263 4802 1393 4853 veterum
1406 4795 1639 4879 Christianorum
1651 4812 1705 4853 riri
1714 4795 1793 4851 docti

88 4866 181 4923 atiani
197 4869 270 4924 citra
284 4869 396 4925 emman
403 4869 491 4924 morti
499 4870 630 4926 addictos
639 4870 854 4939 venationibus,
863 4877 916 4929 aut
969 4873 1123 4929 observant
1140 4889 1147 4927 ε
1164 4876 1240 4926 inter
1253 4867 1327 4924 alios
1341 4866 1555 4939 albaspinaus,
1570 4865 1622 4923 lib.
1638 4884 1658 4937 1,
1667 4865 1793 4923 Otrerae·

88 4937 275 5009 gladiatoriis
286 4938 366 4997 ludis
387 4939 489 4997 noxios
503 4944 620 4998 vocatos
642 4942 826 5014 reperimus;
841 4944 914 5001 adeo
968 4942 1043 5001 tione
1059 4942 1152 4999 tabe
1169 4941 1275 4998 iisdem
1291 4942 1383 5012 agunt
1396 4937 1567 5012 Chryeoet.l
1572 4939 1632 5020 Cor.
1643 4953 1683 5005 xi,
1691 4935 1791 5019 licinii.

88 5013 124 5064 ut
137 5008 338 5092 tertullianus
352 5010 383 5095 in
396 5013 551 5083 apologet,
571 5029 636 5095 cap.
647 5014 692 5079 lb,
706 5014 913 5096 mercenarios,
968 5018 1004 5098 27
1018 5033 1026 5085 ;
1039 5013 1238 5098 tertullianus
1252 5013 1388 5085 tpctcpet.
1396 5025 1460 5082 cap.
1471 5009 1521 5077 39;
1535 5024 1690 5136 ΕΛ)ιριιιιιιιις
1703 5007 1793 5091 Epist.

88 5096 196 5136 norica
209 5087 361 5155 vocet,qui
372 5098 405 5139 se
419 5081 496 5139 ultro
510 5081 608 5156 gladio
624 5085 660 5140 ad
671 5083 809 5143 lanistam
820 5092 917 5144 aucto·
931 5052 954 5118 D
969 5086 1022 5143 lib.
1038 5103 1071 5142 ιιι
1083 5111 1090 5152 ;
1103 5084 1258 5142 concilium
1275 5081 1460 5157 (inagnum.
1476 5080 1520 5136 11.
1559 5083 1627 5136 rant
1650 5078 1793 5150 triplices,

88 5151 207 5218 rabant,
222 5156 273 5209 aut
286 5159 393 5226 sponte
408 5152 500 5210 libera
525 5155 561 5211 ad
586 5155 696 5212 bestius
724 5157 818 5224 ibant,
831 5160 871 5225 et,
886 5161 919 5214 ut
972 5158 1121 5224 natalitia,
1137 5154 1294 5228 nuptiales,
1310 5151 1465 5210 iunerales.
1481 5149 1591 5233 Gregor
1611 5148 1746 5206 Naelane.
1762 5147 1796 5206 de

89 5222 120 5277 S.
136 5221 303 5305 Cyprianus
318 5224 460 5298 loquitur,
476 5226 537 5281 Non
561 5229 689 5298 crimine,
704 5228 752 5283 red
766 5231 864 5300 [crore
881 5228 918 5287 ad
975 5231 1026 5286 t'it.
1042 5230 1142 5310 Dictin.
1153 5227 1240 5283 Porro
1255 5224 1361 5282 modus
1375 5222 1424 5279 iiic
1438 5220 1576 5294 loquendi
1585 5219 1673 5305 etiam
1682 5218 1797 5277 Tertul-

92 5293 204 5350 beatias
217 5296 401 5369 pugnabant.
417 5296 504 5352 Notat
522 5302 622 5354 tamen
644 5298 841 5355 Tertullianus
865 5298 918 5355 ali·
973 5300 1051 5357 liano
1066 5304 1193 5359 usitatus
1206 5297 1320 5370 Apotop:
1332 5311 1397 5421 ιιι).
1413 5291 1552 5349 39:1nde
1569 5291 1719 5349 meadum*
1739 5306 1797 5348 non

91 5366 211 5436 quando
227 5368 258 5423 in
273 5368 349 5440 ipsis
363 5373 586 5440 persecutorum
602 5371 684 5426 Actis
707 5369 919 5427 christianosa
972 5374 1003 5428 in
1017 5375 1140 5427 caterius
1154 5372 1313 5437 curionum,
1329 5381 1357 5422 ie
1390 5363 1425 5419 ud
1439 5363 1561 5421 eamdem
1587 5379 1683 5420 curem
1703 5361 1804 5447 modes

91 5436 189 5493 noxiis
203 5437 368 5507 distinctos,
383 5438 503 5495 veritate
526 5439 638 5497 scilicet
658 5441 849 5498 mendacibus
873 5442 919 5498 in·
972 5445 1044 5508 itis,
1060 5451 1088 5498 et
1099 5441 1257 5513 pudicitiae,
1272 5441 1303 5494 ut
1316 5437 1363 5508 qui
1376 5451 1432 5492 non
1447 5439 1504 5492 tum
1517 5451 1622 5493 coencm
1638 5441 1795 5502 meieru,
1819 5450 1822 5455 ·

92 5507 383 5567 terdnmexcidenta
400 5510 503 5568 Sedut
518 5513 553 5568 ad
570 5527 658 5568 usum
688 5513 918 5569 communiorem
973 5514 1139 5586 quomdisci
1157 5513 1254 5567 tinam.
1275 5508 1378 5564 lloisr.

94 5584 288 5650 revertamur,
304 5581 407 5638 Latina
419 5598 475 5638 vox
488 5584 578 5652 noxii,
595 5599 652 5639 non
678 5599 794 5656 semper
815 5584 919 5641 Graeca
1009 5585 1067 5656 (25)
1081 5529 1168 5640 Hoste
1179 5581 1274 5664 einim,
1293 5594 1356 5634 crue
1369 5578 1490 5660 inimici.
1504 5576 1565 5634 ilco
1578 5574 1650 5636 dicit
1672 5576 1796 5657 Saturus

96 5651 158 5706 roci
173 5656 333 5729 καοῦργοι,
348 5654 399 5711 sed
416 5653 576 5726 aliquando
590 5655 653 5711 voci
681 5651 858 5728 ἐπιθανάτιοι,
874 5671 920 5712 re·
974 5644 1795 5772 gentilibuscuricsespectantibusmarmanum-Brimo

97 5722 268 5799 spondebat,
285 5725 373 5784 morti
386 5724 549 5785 destinatos
563 5726 708 5798 indicans,
723 5727 784 5785 sive
808 5726 921 5800 gladia·
975 5725 1108 5783 muneris
1120 5740 1208 5781 coens
1222 5721 1319 5780 libers
1342 5736 1461 5795 operam
1486 5720 1608 5789 darem,
1623 5733 1699 5793 sigar
1722 5730 1793 5773 cans
