3892 6104
116 287 173 348 ¹2³
689 290 948 356 nraenmauo
968 288 1244 353 aroaocnrrca
1723 248 1726 255 ’
1758 290 1821 351 aar

117 419 282 478 Cornelium
305 408 428 494 litores,
455 440 513 481 non
536 441 597 482 aaa
619 428 747 498 tantum,
771 425 822 482 sed
849 422 937 480 etiam
951 423 980 491 Α
994 419 1820 495 atineteinissentsenctomartyrIrsvelate,totquaaprre-

119 508 255 566 Romans
280 509 415 569 sceleste
438 511 614 587 significavit
636 515 692 588 (13)
718 533 767 571 eu<
782 514 839 571 Sed
861 511 939 570 enim
993 511 1106 568 viderat
1120 510 1302 568 calamitates
1311 508 1699 579 ethristianorumiunera,
1710 526 1745 567 ex
1753 509 1819 568 sola

117 612 184 652 cum
201 596 351 655 videamus
373 599 451 657 diem
471 617 574 659 rursus
600 603 721 661 alterius
744 600 940 659 infestationis
993 600 1105 657 oritura
1119 616 1184 656 esse
1198 600 1399 673 persecutione
1415 598 1472 656 eibi
1487 597 1571 656 iacile
1586 598 1744 670 persuasit.

117 685 350 758 appropinquare
374 687 507 762 coepisse,
524 695 553 747 et
576 691 689 748 crebris
704 696 792 763 atque
811 688 940 747 assiduis
1029 688 1165 745 Vidimus
1179 679 1322 746 hactenus
1337 704 1426 761 quam
1436 688 1604 760 frequentes
1618 691 1647 745 et
1657 686 1820 746 familiares

118 774 336 833 ostensionibus
351 777 573 849 admoneamur,
589 784 624 837 ut
638 780 674 838 ad
698 784 845 837 certamen
861 779 939 851 quod
993 776 1137 851 Cypriane
1152 777 1262 834 fuerint
1276 778 1408 835 celestes
1421 776 1613 834 revolutiones
1628 794 1636 834 :
1664 776 1820 836 videamus

117 863 202 920 nobis
217 862 311 922 bostis
334 864 448 938 indicit,
465 868 569 925 mmati
593 873 622 924 et
635 868 728 942 parati
743 869 818 925 1111
834 868 939 939 simus,
995 867 1082 924 modo
1097 867 1127 922 in
1143 883 1232 939 quam
1246 872 1366 924 sanctus
1382 867 1489 940 llartyr
1503 866 1639 923 fiduciam
1660 882 1696 923 ex
1716 883 1821 924 earum

117 949 231 1025 plebem
244 951 331 1010 etiam
348 955 432 1012 nobis
447 956 483 1013 de
497 955 594 1015 divina
617 958 784 1031 dignatione
799 957 940 1015 commis·
995 955 1160 1029 frequentia
1173 956 1260 1013 luerit
1274 957 1439 1013 adductus:
1467 960 1496 1013 et
1509 972 1607 1012 annon
1626 954 1690 1028 ipse
1717 956 1822 1030 etiem,

115 1056 180 1099 sam
190 1041 443 1102 exhortationibus
454 1046 565 1102 nostris
575 1051 809 1120 paremus,eto.»
821 1046 939 1103 Postea:
994 1045 1073 1101 baud
1089 1060 1175 1101 secus
1190 1061 1223 1101 ac
1238 1049 1382 1117 Perpetua
1395 1061 1429 1101 eo
1444 1061 1476 1101 ee
1491 1044 1578 1102 modo
1593 1044 1718 1119 gesserit
1732 1045 1822 1119 quasi

113 1150 129 1182 a
144 1130 412 1203 Obtemperendum
424 1139 607 1208 asinumque
622 1134 840 1193 ostensionibus
853 1138 941 1207 atque
993 1132 1146 1206 Spiritum,
1163 1138 1298 1190 sanctum
1313 1132 1403 1190 veluti
1419 1133 1528 1190 monile
1543 1134 1692 1206 quoddam
1707 1134 1738 1190 in
1752 1149 1823 1193 ama

113 1219 366 1278 admonitionibus
378 1222 481 1296 justis,
493 1226 526 1280 ut
540 1241 558 1280 a
577 1224 747 1297 pastoribus
762 1240 829 1281 oves
844 1222 875 1280 in
889 1238 939 1295 pe-
993 1221 1143 1279 inclusum
1155 1239 1219 1289 aua,
1230 1221 1384 1278 habuisset
1401 1222 1438 1278 ad
1451 1221 1821 1295 nutum,ejusillustratio·

116 1307 208 1366 riculo
231 1326 290 1367 non
314 1310 495 1384 deserantur,
519 1317 576 1370 etc.
598 1335 612 1365 o
635 1314 771 1370 Rursus:
799 1309 941 1369 «Placuit
994 1310 1821 1383 nibus,quandovelletueuruaadarbitrium.'l¹aliafidu·

118 1397 214 1466 nobis,
231 1397 342 1471 Spiritu
364 1404 465 1458 sancto
489 1406 675 1475 suggerente,
690 1406 720 1459 et
745 1401 865 1458 Domino
890 1416 942 1473 per
994 1397 1128 1455 aienti
1140 1398 1311 1472 signumest
1321 1398 1628 1471 securitasilla,quam
1637 1399 1822 1475 preferebat,

116 1485 244 1543 visiones
272 1486 382 1545 multas
409 1493 439 1545 et
466 1490 636 1555 manifestas
659 1492 845 1561 admonente,
872 1488 942 1561 quia
996 1503 1053 1544 non
1070 1487 1237 1543 defuturam
1254 1487 1310 1544 sibi
1339 1485 1485 1544 coelestem
1510 1485 1729 1557 revelationem,
1753 1504 1823 1563 quas

117 1574 212 1631 bostis
227 1575 312 1634 noble
325 1576 480 1635 imminere
493 1580 708 1651 prenuntiatur
722 1583 753 1636 et
766 1576 940 1644 ostenditur,
993 1575 1822 1650 tempusadreditumopportunumdemonstraret3quod

116 1661 253 1737 colligere
274 1663 353 1720 intra
377 1669 474 1722 castra
496 1666 605 1724 milites
632 1666 750 1734 Christi,
776 1671 832 1724 etc.
851 1687 865 1716 »
890 1664 941 1721 iiis
989 1665 1054 1737 jam
1070 1669 1157 1721 autea
1172 1668 1217 1722 est
1245 1664 1595 1724 nobisanimadversum.
1625 1664 1709 1725 Nunc
1738 1665 1822 1725 aliud

115 1751 250 1824 Cypriani
277 1752 373 1810 verbis
401 1752 461 1810 bec
489 1756 644 1830 subjungit
666 1755 708 1813 Gi.
734 1754 903 1813 Dodwellus
931 1770 939 1811 ι
994 1771 1053 1811 non
1077 1752 1177 1810 minus
1193 1753 1380 1827 perspicuam
1411 1753 1557 1827 proferam
1571 1753 1603 1810 ln
1630 1755 1733 1811 eadem
1759 1770 1823 1813 rem

116 1841 210 1897 «Non
225 1841 555 1901 credentbeciortasse
571 1845 659 1902 athei.
675 1845 730 1902 Sed
747 1844 818 1916 quid
832 1843 943 1901 babent
998 1845 1214 1916 argumentum.
1232 1841 1411 1899 Gravissima
1437 1841 1690 1917 illaepistolaqua
1704 1843 1824 1902 Floren-

117 1929 277 2002 qnominna
290 1929 348 1986 ilde
374 1930 463 2004 digne
477 1948 541 1990 esee
564 1933 726 1990 censeant?
746 1931 880 1989 Visiones
895 1931 943 1988 bio
997 1930 1071 1988 tium
1087 1928 1263 2002 Pnpiannm,
1274 1929 1369 1987 virum
1381 1930 1553 1989 seditiosum
1563 1948 1597 1989 ac
1604 1930 1824 2004 turbulentum,

118 2017 263 2075 babemus
291 2035 350 2076 non
379 2019 488 2077 multas
516 2022 613 2093 modo,
639 2022 692 2079 aad
716 2025 745 2078 et
772 2020 944 2078 manifestas
997 2018 1254 2079 vehementissime
1274 2020 1422 2092 objurgat,
1451 2019 1477 2078 ei
1492 2021 1612 2078 tandem
1640 2019 1766 2090 veniam,
1796 2022 1825 2080 si

119 2112 284 2181 eventuque
307 2109 536 2182 comprobataa;
562 2126 614 2167 nec
638 2111 669 2167 id
692 2110 818 2167 obscura
839 2107 944 2182 privati
998 2107 1161 2181 resipiscat,
1188 2106 1244 2165 beo
1273 2108 1440 2166 conditione
1470 2108 1640 2183 promittite
1678 2107 1705 2171 ai
1744 2109 1826 2169 Dens

119 2195 285 2268 cujuspiam
313 2197 381 2268 lide,
409 2199 461 2254 aed
496 2199 601 2273 synodi
628 2199 719 2257 totius
746 2197 945 2256 consentiente
999 2196 1029 2253 id
1055 2196 1216 2270 permittat,
1233 2200 1263 2253 et
1277 2195 1376 2269 aliquo
1404 2193 1540 2256 sensibili
1562 2196 1647 2279 slgpo
1667 2213 1754 2259 suam
1770 2199 1826 2258 bac

119 2283 270 2357 snilragio,
294 2287 513 2360 mansurisque,
533 2287 558 2344 ai
582 2287 662 2345 falsa
687 2288 822 2345 inissent.
848 2286 879 2342 in
902 2285 973 2342 rete
999 2286 1035 2342 de
1051 2300 1081 2340 rc
1108 2284 1283 2341 sententiam
1312 2283 1552 2361 voluntatemque
1568 2284 1713 2359 significet
1740 2287 1824 2361 (17):

119 2372 292 2430 memoriam
308 2375 424 2432 eternis
439 2377 639 2437 monumentis
653 2377 831 2450 scriptisque
846 2374 945 2432 consi·
999 2395 1014 2425 α
1031 2373 1061 2430 Si
1090 2373 1263 2430 temeritatis
1298 2377 1328 2431 et
1355 2374 1500 2448 superbies
1541 2375 1631 2448 atque
1658 2373 1824 2433 insolentie

119 2465 233 2535 gnatas,
261 2462 359 2535 «sole,
382 2468 414 2520 ut
436 2464 632 2538 Hieronymus
645 2465 696 2535 ait,
721 2465 913 2533 clarioribus,
929 2485 944 2514 e
999 2465 1059 2518 tuae
1084 2478 1169 2534 agere
1189 2461 1233 2518 vel
1258 2478 1322 2519 sero
1337 2462 1539 2536 poenitentiam
1561 2464 1718 2538 ceperis...
1747 2481 1826 2522 com·

120 2567 179 2609 non
193 2551 277 2609 video
292 2551 362 2625 quid
379 2553 605 2626 prateresvelle
619 2559 740 2629 possent
754 2555 790 2611 ed
807 2570 868 2610 rem
883 2553 946 2610 iac·
1000 2549 1207 2608 manicationis
1249 2554 1306 2607 tue
1324 2553 1483 2626 poterinus
1511 2553 1619 2611 babere
1659 2553 1825 2612 rationem:

120 2639 159 2698 tis
174 2640 432 2715 comprobandam,
448 2642 474 2699 si
489 2645 575 2700 modo
590 2660 624 2700 ex
642 2659 725 2717 aequo
736 2643 871 2716 judicare
884 2641 946 2699 vel·
1000 2643 1136 2696 manente
1163 2643 1263 2697 tamen
1292 2641 1371 2715 apud
1398 2644 1459 2700 inoa
1488 2641 1590 2699 divine
1620 2658 1752 2701 censuras
1778 2659 1825 2701 re·

120 2728 193 2796 lent,
209 2744 262 2785 neo
286 2729 375 2787 fldem
394 2748 515 2804 prorsus
539 2749 656 2790 omnem
680 2731 850 2789 hominibus
864 2731 945 2789 dero·
1000 2732 1100 2802 spectu
1121 2732 1151 2786 et
1178 2732 1257 2786 metu
1274 2729 1423 2803 3utprina
1438 2729 1597 2788 Dominum
1619 2747 1719 2789 meum
1749 2746 1826 2788 con-

121 2832 200 2891 gare.
214 2818 328 2875 Rursus
343 2819 496 2877 desudem
512 2821 714 2895 perseeutione
737 2821 780 2879 ita
794 2820 895 2878 scribit
909 2819 946 2875 ad
1003 2816 1111 2881 aulem.
1126 2834 1164 2874 en
1180 2817 1234 2874 tibi
1258 2833 1361 2892 pacem
1375 2819 1448 2889 deri,
1465 2823 1494 2877 et
1508 2823 1536 2876 te
1555 2821 1592 2877 ad
1622 2819 1825 2878 communica·

121 2905 235 2981 plebem
251 2907 472 2966 Thibaritenam
486 2910 542 2983 (15)
559 2928 567 2971 ;
1004 2902 1115 2960 tionem
1135 2903 1268 2961 Ecclesia
1284 2904 1410 2975 admitti,
1421 2923 1476 2962 sua
1500 2906 1668 2965 ostensione
1678 2911 1707 2964 et
1722 2908 1825 2966 admo·

159 2994 258 3052 -uem
283 3012 352 3054 enm
376 2996 492 3055 Domini
506 2998 680 3057 instruentis
705 2998 873 3072 dignatione
887 2997 946 3054 ine·
1000 2991 1079 3050 tione
1093 2993 1255 3066 permittet.
1270 2993 1389 3052 llemini
1413 2995 1502 3068 enim,
1519 2995 1665 3070 qnidJ'am
1681 2996 1756 3054 mihi
1785 2997 1827 3055 sit

119 3083 249 3157 ligemur
261 3085 380 3157 eaepius,
396 3084 523 3158 amplius
538 3091 568 3143 et
581 3088 813 3155 admoneamur;
829 3087 866 3142 ad
881 3101 945 3142 ves·
1001 3087 1165 3155 ostensum,
1181 3082 1241 3140 imo
1255 3083 1326 3157 quid
1336 3100 1418 3141 servo
1429 3085 1604 3159 obsequenti
1612 3089 1641 3143 et
1651 3085 1779 3158 timenti,
1789 3087 1827 3143 da

120 3177 197 3228 tram
223 3188 339 3245 quoque
365 3174 573 3232 conscientiam
601 3174 811 3232 admonitionis
838 3156 982 3231 nostreeG
1001 3169 1151 3228 dominica
1164 3173 1194 3227 et
1208 3170 1306 3228 divina
1319 3171 1490 3232 auctoritate
1505 3178 1691 3248 preceptum,
1708 3174 1760 3249 qui
1779 3174 1827 3231 in·

121 3259 350 3319 solticitudinem
365 3262 493 3335 perierre
500 3263 651 3321 debemus.
662 3264 741 3320 Scire
748 3263 827 3319 enim
835 3262 946 3320 debetis
1001 3262 1045 3316 ter
1058 3262 1163 3316 caetera
1177 3275 1241 3333 que
1260 3262 1412 3319 ostendere
1426 3266 1455 3319 et
1469 3260 1597 3319 revelare
1618 3263 1757 3337 dignatus
1781 3264 1828 3320 est

123 3352 153 3408 et
165 3366 217 3422 pro
233 3353 309 3407 carto
325 3351 442 3408 eredere
461 3368 494 3409 ao
509 3355 618 3423 tenere,
635 3368 778 3424 pressura
803 3351 882 3407 diem
896 3367 946 3408 su·
1001 3348 1100 3405 etheo
1115 3348 1229 3406 eddidit
1244 3365 1251 3405 ι
1269 3370 1283 3400 o
1306 3350 1407 3424 ltaque
1435 3351 1486 3425 qni
1513 3351 1628 3409 Christo
1646 3369 1703 3408 non
1733 3351 1828 3412 eredit

122 3454 175 3515 per
189 3443 278 3513 caput
297 3456 362 3497 esse
376 3440 545 3514 cepisse...
560 3441 618 3498 Nec
642 3445 782 3514 putamus
797 3439 869 3497 talia
883 3455 948 3497 esee
1002 3437 1183 3493 sacerdotem
1196 3437 1323 3509 facienti,
1338 3442 1440 3513 postea
1456 3440 1574 3498 eredere
1589 3440 1708 3515 incipiet
1727 3456 1827 3499 sacer·

124 3543 190 3601 quta
203 3527 334 3596 veniunt,
351 3528 449 3603 qualia
464 3529 583 3586 inerunt
597 3530 649 3588 illa
663 3547 728 3604 que
744 3530 945 3587 transierunt:
1002 3528 1100 3585 dotem
1114 3525 1287 3584 vindicanti.
1305 3548 1319 3579 e
1335 3527 1446 3593 Quibus
1459 3528 1553 3586 sancti
1569 3528 1706 3604 ldamyris
1728 3530 1827 3589 verbis

123 3615 239 3692 gravior
261 3632 340 3673 nuno
363 3621 392 3675 et
415 3618 538 3675 ferocior
560 3635 660 3693 pugna
682 3619 861 3677 imminet.»
884 3617 947 3674 Non
1002 3614 1064 3671 hee
1078 3614 1197 3688 subjicit
1210 3615 1381 3674 Dodwellus
1396 3618 1476 3691 (18):

123 3703 271 3761 immerito
296 3704 447 3762 dubitatur
469 3708 616 3780 quomodo
639 3707 765 3765 Deciana
787 3706 903 3780 gravior
919 3709 949 3765 et
1038 3725 1053 3755 c
1069 3704 1111 3760 lta
1124 3707 1208 3762 erant
1221 3704 1390 3778 trequentes
1404 3721 1439 3763 ea
1452 3711 1534 3765 etate
1548 3707 1652 3765 divine
1673 3706 1829 3766 revelatio-

122 3791 247 3850 ieroeior
268 3793 368 3850 lutura
390 3799 468 3852 esset
482 3795 557 3853 Galli
572 3795 749 3869 persecutio,
764 3812 831 3852 cum
847 3812 949 3869 reapse
1003 3807 1064 3863 nea,
1081 3797 1114 3848 nt
1128 3809 1165 3849 ne
1179 3793 1216 3851 de
1226 3793 1416 3867 resipiscente
1428 3794 1547 3867 quidem
1555 3795 1829 3869 Pupieno‘pollioeri

6 3877 9 3884 '
60 3952 63 3956 ⁴
124 3880 240 3938 brevior
265 3882 352 3938 luerit
390 3886 419 3940 et
455 3882 543 3958 longe
571 3884 688 3942 citiori
718 3884 801 3942 Hunc
838 3884 948 3941 nodum
1003 3881 1125 3938 auderet
1138 3882 1209 3954 quid
1225 3886 1454 3953 essetstaturus,
1466 3901 1502 3943 ne
1513 3884 1592 3942 aliud
1603 3885 1754 3944 fortassee
1769 3890 1829 3944 Deo

124 3969 167 4027 ita
181 3970 253 4027 solvi
268 3971 299 4028 in
325 3971 444 4047 Dissert.
461 3973 497 4029 de
520 3974 623 4031 Posuit.
639 3991 691 4031 sau
706 3975 742 4031 de
755 3974 847 4048 Capit.
863 3972 948 4030 abso·
999 3970 1174 4042 juberetur:
1188 3974 1222 4026 nt
1236 3970 1327 4028 Deum
1340 3972 1463 4045 proinde
1476 3973 1605 4046 primum
1617 3974 1829 4034 innueratasae

125 4059 179 4118 lut.
199 4060 256 4132 (16)
271 4075 279 4117 :
295 4076 352 4117 non
378 4061 507 4118 intnram
531 4063 618 4119 modo
641 4062 873 4135 persecutionem
897 4061 947 4119 sed
1004 4056 1235 4129 consulendum;
1249 4064 1281 4116 nt
1294 4062 1411 4118 tandem
1436 4062 1485 4118 Dei
1501 4062 1531 4120 in
1556 4061 1692 4120 rebellem
1707 4080 1827 4137 pienum

126 4154 157 4208 et
170 4149 270 4206 omnia
293 4149 403 4222 pariter
417 4149 496 4207 mala
519 4167 582 4223 qus
597 4167 656 4208 non
681 4152 780 4208 minus
803 4150 948 4222 Ecclesia,
1005 4147 1828 4225 exspectaret,talemplanequalemapostolioarumean·

126 4254 213 4313 quem
231 4237 394 4312 reipublice
408 4239 629 4313 impendebant,
640 4239 732 4297 inisse
745 4240 888 4314 Cypriane
903 4240 950 4298 bis
1004 4251 1143 4292 surarum
1167 4237 1305 4294 comitem
1334 4238 1435 4310 inisse,
1468 4241 1547 4313 apud
1574 4241 1675 4298 doctos
1700 4241 1731 4298 in
1759 4258 1830 4299 con·

124 4327 287 4385 visionibus
315 4329 526 4400 demonstrata,
550 4328 729 4402 irruptiones
754 4328 865 4386 scilicet
883 4330 951 4387 Bar·
1003 4322 1081 4380 50880
1095 4328 1151 4381 ett-
1168 4325 1276 4382 lterum
1292 4315 1579 4402 depreabyteriaqui
1601 4344 1633 4386 aa
1660 4327 1829 4386 inconsulto

125 4416 275 4485 berorum,
289 4417 417 4490 indeque
431 4421 548 4475 secutas
569 4418 804 4476 Christianorum
821 4433 950 4490 squeac
1004 4411 1096 4485 lapsis
1128 4415 1426 4474 communicaverant.
1455 4438 1470 4468 n
1484 4415 1564 4484 Utar,
1588 4417 1685 4490 inquit
1712 4416 1831 4492 (111),οα

126 4503 286 4561 Gentilium
311 4507 494 4579 captivitates
524 4523 532 4564 t
560 4510 590 4565 st
613 4507 847 4565 incestissimam
870 4507 949 4564 luem
965 4525 988 4591 Ι)
1005 4501 1205 4559 admonitione
1235 4520 1294 4576 qua
1321 4520 1369 4561 me
1383 4504 1633 4578 DominusJubet,
1650 4509 1683 4563 ut
1709 4505 1829 4564 interim

128 4608 192 4666 qus
207 4591 265 4650 late
289 4609 339 4665 per
360 4594 516 4668 imperium
539 4596 705 4655 Romanum
728 4600 862 4671 grassata
885 4600 949 4667 eet;
1004 4586 1215 4663 prohibeantur
1225 4591 1334 4665 oiierri,
1349 4598 1404 4650 eto.
1420 4614 1435 4645 »
1452 4593 1516 4651 Non
1531 4593 1687 4668 ignorabat
1706 4593 1829 4669 Cypria·

128 4682 213 4752 cujus
228 4681 299 4738 mali
324 4683 513 4741 acerbitatem
527 4689 556 4741 et
579 4684 810 4744 innumerabiles
825 4688 950 4759 strages,
1004 4694 1061 4734 nus
1071 4678 1215 4749 eiusmodi
1225 4679 1352 4738 usiones
1361 4680 1745 4754 virisimpiisaetemerariie
1752 4685 1834 4756 ,qua-

127 4787 195 4828 enm
215 4775 335 4829 sanctus
349 4771 412 4847 ipae
434 4773 608 4847 Cyprianus,
630 4779 694 4831 tum
710 4775 832 4832 Pontius
854 4772 950 4832 diaeo-
1006 4766 1050 4824 les
1066 4767 1150 4825 modo
1166 4784 1224 4826 non
1237 4785 1348 4843 paucos
1370 4770 1546 4844 experimur,
1575 4771 1704 4829 ludibrio
1717 4775 1748 4829 et
1761 4788 1832 4830 con·

128 4876 185 4917 nus
213 4862 242 4917 in
265 4861 330 4933 ejus
359 4860 431 4931 Vita,
459 4865 524 4919 tum
552 4861 601 4918 alii
626 4867 761 4921 auctores
786 4863 950 4937 deplorant.
1009 4855 1135 4929 temptui
1149 4856 1274 4928 haberit
1297 4861 1349 4917 aad
1360 4859 1432 4917 adeo
1447 4863 1547 4918 tamen
1565 4876 1618 4933 pro
1645 4864 1724 4919 certo
1747 4859 1836 4919 habe-

126 4949 191 5006 lieec
205 4949 295 5024 igitur
315 4948 435 5023 aliaque
458 4949 641 5009 calamitates
655 4968 723 5009 enm
747 4953 951 5026 perseeutione
1006 4944 1141 5003 batanea
1155 4963 1190 5004 ex
1204 4947 1263 5006 Deo
1278 4964 1343 5007 esse
1371 4947 1563 5007 revelationes
1592 4953 1625 5006 ut
1642 4948 1716 5007 nihil
1731 4949 1768 5008 ds
1786 4948 1833 5008 lu·

125 5038 287 5113 conjuncte
311 5037 384 5096 Galli
412 5043 442 5096 et
467 5038 619 5097 Volusiani
643 5040 800 5114 imperium
825 5041 951 5100 Deciano
1005 5033 1080 5091 turis
1094 5035 1205 5093 eventis
1229 5036 1397 5096 dubitaret:
1412 5043 1442 5095 et
1455 5054 1513 5096 nou
1528 5036 1625 5097 solum
1641 5037 1750 5113 quibua
1769 5039 1833 5113 iam

126 5127 212 5202 longe
251 5127 370 5204 gravia
406 5127 581 5187 mentiente
613 5129 781 5189 effecerunt,
818 5131 952 5205 cumque
1005 5122 1099 5182 iuerat
1112 5125 1237 5184 donatus
1251 5125 1413 5201 publicare,
1431 5128 1481 5186 aed
1507 5144 1598 5186 novas
1623 5129 1712 5186 etiam
1734 5127 1835 5202 palam

126 5232 185 5272 non
232 5233 335 5275 omnes
381 5216 548 5285 malorum,
571 5234 667 5276 eausa
707 5219 786 5278 olm
830 5223 861 5277 et
906 5220 951 5278 di.
1006 5211 1063 5271 sibi
1078 5213 1249 5286 promittere
1263 5215 1385 5275 minime
1402 5219 1556 5287 vereretur,
1583 5218 1661 5277 unde
1674 5217 1705 5275 in
1733 5217 1836 5275 eadem

178 5395 222 5452 tat
238 5395 330 5480 Epist.
346 5395 537 5482 av11,a·l.·nrv.
1032 5395 1087 5450 ·11
1116 5393 1429 5481 llpist.av1,al.axrx3

179 5449 221 5540 11(
238 5468 347 5549 Disaert
360 5467 393 5524 de
409 5468 558 5538 Vulcatii„
573 5472 628 5526 eto.
641 5467 657 5543 ξ
672 5470 715 5527 19.
1055 5466 1089 5521 18
1111 5466 1234 5550 Dissert.
1249 5483 1279 5525 ιν
1292 5467 1474 5542 Cypriauioa,
1486 5468 1501 5544 ἕ
1514 5467 1561 5544 20,

177 5537 212 5668 12
236 5537 423 5669 ἓξοιῗὲκιιι,
439 5539 477 5599 al.
492 5557 547 5598 cvr.
1047 5537 1268 5613 (latapetra,
1285 5537 1323 5600 el.
1339 5557 1366 5599 x.
