3892 6104
143 303 224 367 sits
648 302 748 365 PARS
770 300 799 363 1.
814 332 852 347 ·-
867 296 1121 363 MONUMEN'EA
1140 294 1343 361 versavit.
1763 300 1846 363 tlte

142 442 330 511 anteponere,
345 454 399 496 neo
418 438 649 498 animadvertere
672 433 819 509 indignari
836 436 865 489 et
878 430 965 487 irasci
980 433 1009 499 Α
1022 429 1163 501 expositis
1177 429 1380 487 sanotihcatns
1393 432 1439 487 est
1461 433 1489 486 at
1513 430 1544 486 in
1568 446 1677 489 novum
1691 431 1843 492 homiuem

141 526 236 583 Deum
256 528 370 599 quoties
400 528 499 585 divina
525 532 669 601 praecepta
695 522 781 581 solvit
794 527 823 579 st
838 520 968 594 praeterit
1020 518 1194 591 spiritaliter
1208 519 1395 589 reformatus,
1417 520 1453 575 ad
1477 520 1680 593 accipiendum
1700 521 1843 594 Spiritum

141 614 276 671 humana
288 616 418 684 traditio,
438 615 516 673 sicat
528 632 580 689 per
600 614 703 671 lsniam
720 610 890 685 prophetem
906 607 966 665 cln-
1021 612 1156 663 sanctum
1171 607 1293 664 idoneas
1310 608 1404 664 iactus
1418 613 1463 665 est
1475 610 1541 682 (90),
1556 610 1674 680 quando
1688 611 1845 681 Apostolus

142 710 206 759 mat
219 708 248 759 et
262 703 352 760 dicit:
370 706 489 777 Populus
503 706 554 761 iste
579 704 661 759 tablis
676 700 838 771 honorificat
851 715 905 767 me,
920 712 967 751 cor
1020 696 1116 752 dicate
1132 698 1266 767 Quotquot
1280 698 1309 751 ia
1325 696 1433 754 Christo
1447 698 1581 769 baptizati
1603 700 1679 763 estis,
1703 698 1846 755 Christum

142 808 207 849 uero
231 808 326 848 earam
348 792 428 865 lanpc
451 798 609 866 separatum
628 800 767 847 estamc.
796 786 862 843 Sine
884 801 968 841 caum
1021 785 1151 841 induistis
1164 786 1265 853 (Galat.
1283 802 1325 853 ιιι,
1339 786 1397 859 ⁶27),
1414 786 1464 858 qui
1481 791 1576 859 potest
1591 788 1669 858 apud
1693 787 1845 845 hereticos

141 883 237 937 autem
265 882 360 937 colunt
384 898 437 951 mc,
466 880 642 937 mandatust
665 878 803 934 doctrinas
824 875 967 931 hominum
1021 874 1183 946 baptisatus
1197 873 1348 930 Christum
1374 875 1506 939 induere,
1533 875 1625 931 multo
1640 876 1735 948 magis
1749 882 1846 948 potest

139 971 264 1026 docentes
280 972 341 1041 (isa.
359 988 435 1043 ιιιι,
450 971 504 1040 13).
519 971 591 1026 ltem
608 968 749 1024 Dominus
764 966 794 1021 in
810 963 966 1036 Evangelio
1019 964 1160 1035 Spiritum
1176 967 1322 1031 sanctum,
1337 980 1425 1035 qoem
1440 963 1574 1021 Christus
1594 964 1686 1032 misit,
1700 966 1842 1039 accipere.

140 1058 298 1131 increpans
315 1059 451 1115 similiter
465 1065 494 1115 et
508 1060 668 1130 objurgans
679 1056 761 1131 ponit
771 1058 799 1111 et
813 1054 902 1109 diclt:
919 1054 966 1109 lie·
1020 1053 1163 1108 Ceterum
1174 1054 1269 1123 major
1279 1052 1335 1107 erit
1345 1052 1656 1124 millenisquimissus
1666 1059 1721 1119 est,
1731 1059 1764 1109 ut
1774 1055 1844 1113 iuui-

133 1149 225 1221 jicitis
237 1148 400 1204 mandatam
415 1151 466 1205 lici
480 1158 510 1203 ut
531 1148 707 1203 traditionem
726 1152 846 1200 cestram
861 1146 965 1197 statua·
1021 1142 1083 1214 piat
1097 1141 1168 1197 loris
1179 1140 1343 1213 baptizatus
1353 1141 1501 1197 Christum
1512 1140 1632 1213 quidem
1647 1142 1843 1211 induisse,sed

139 1238 177 1294 tis
191 1240 289 1307 (itare.
306 1255 356 1301 vn,
375 1238 427 1309 13).
451 1240 540 1308 Cujus
567 1234 701 1309 praecepti
726 1249 846 1299 memor,
862 1234 966 1288 beatus
1020 1230 1164 1303 Spiritum
1179 1235 1314 1285 sanctum
1330 1232 1433 1286 siaa
1450 1246 1508 1286 non
1524 1230 1655 1301 poluisse
1675 1232 1843 1303 percipere3

141 1328 300 1399 Apostolus
315 1332 481 1383 commonet
493 1327 556 1399 ipse
566 1340 682 1396 quoque
693 1328 722 1379 et
731 1322 853 1378 instruit
866 1320 966 1378 dloens
1020 1319 1105 1391 quasi
1119 1319 1213 1391 possit
1227 1324 1278 1374 aut
1301 1319 1365 1375 sine
1382 1318 1492 1391 Spiritu
1505 1318 1639 1376 Christus
1653 1318 1747 1385 indul,
1763 1325 1814 1377 aut
1828 1338 1846 1377 ιι
1938 1340 1942 1347 ’

139 1414 175 1471 st
188 1418 248 1489 qais
262 1416 343 1471 aliter
357 1416 444 1483 docet,
475 1418 501 1470 et
528 1431 585 1469 non
613 1413 760 1486 acquiescit
779 1412 858 1468 sanis
879 1412 966 1467 vertis
1021 1409 1135 1463 Christo
1151 1407 1278 1481 Spiritus
1298 1410 1437 1479 separari.
1454 1406 1526 1463 lllud
1544 1424 1659 1480 quoquo
1677 1424 1766 1479 quam
1781 1409 1844 1465 iue-

141 1504 256 1559 Domini
269 1506 359 1560 nostri
371 1505 435 1561 issu
448 1503 556 1561 Christi
577 1506 603 1557 et
626 1501 757 1557 doctrinae
775 1500 846 1570 ejus,
860 1500 962 1555 stes
1021 1502 1105 1570 ptum
1121 1502 1176 1562 cst,
1193 1501 1225 1551 ut
1238 1512 1306 1551 oum
1329 1495 1465 1552 nativitas
1488 1497 1617 1552 secunda
1635 1495 1777 1568 spiritalis
1792 1498 1843 1567 sit,

138 1594 352 1664 stuporeelatas
366 1598 418 1661 cet,
432 1592 616 1661 utilitatem,
632 1589 742 1646 discede
760 1589 794 1645 alr
808 1583 968 1661 hujumodi
1020 1604 1078 1657 qua
1093 1587 1122 1641 in
1139 1586 1253 1642 Christo
1268 1602 1320 1657 per
1334 1584 1481 1642 lavacrum
1496 1586 1724 1659 regenerationis
1744 1588 1844 1644 nasei-

139 1682 175 1753 (l.
192 1682 261 1737 Tim.
277 1698 315 1749 vr,
331 1682 369 1747 3).
1021 1691 1098 1743 mur,
1115 1676 1213 1731 dicant
1228 1676 1305 1747 quod
1321 1675 1414 1747 possit
1428 1674 1495 1746 quis
1517 1676 1593 1746 apud
1615 1674 1765 1731 hereticos
1780 1677 1840 1748 spi·

177 1770 224 1825 Ν.
242 1770 384 1826 Praelara
399 1786 469 1825 sane
484 1774 513 1825 ct
526 1768 658 1841 legitima
671 1766 801 1833 traditio,
818 1766 966 1839 Stephano
980 1795 1005 1860 B
1021 1763 1145 1820 ritaliter
1159 1764 1251 1834 nasei,
1269 1764 1318 1818 uhi
1340 1763 1485 1836 Spiritum
1509 1768 1617 1835 negant
1630 1780 1704 1820 esso.
1720 1768 1844 1821 Peccata

137 1858 229 1917 iretre
239 1864 341 1915 nostro
351 1859 482 1927 docente,
492 1857 675 1930 proponitur,
686 1871 750 1928 que
761 1856 961 1912 auctoritatem
1019 1854 1097 1909 enim
1113 1869 1237 1925 purgare
1262 1857 1291 1907 et
1317 1852 1464 1908 hominem
1489 1852 1671 1908 sanctificare
1689 1869 1766 1925 aqua
1780 1854 1842 1911 sola

137 1948 225 2004 nohis
239 1946 375 2003 idoneam
392 1947 527 2019 prebeat.
544 1946 617 2001 Nam
642 1944 671 1999 in
696 1944 798 2001 eodem
824 1944 887 2000 loco
902 1945 963 2017 apl·
1018 1960 1076 1999 non
1091 1946 1199 2009 potest,
1215 1941 1273 1997 alsi
1288 1940 1582 2013 habeatetspiritum
1597 1944 1841 2008 sanctum.0uere

134 2036 219 2093 stola
233 2053 294 2092 sua
309 2036 423 2092 addidit
434 2040 463 2091 et
477 2034 602 2107 adjecit:
621 2033 688 2089 Cam
698 2034 753 2105 ipsi
766 2034 892 2091 heretici
900 2051 964 2105 prc-
1017 2038 1068 2089 eat
1086 2031 1227 2105 Spiritum
1242 2036 1377 2087 sanctum
1393 2045 1512 2085 necesse
1533 2035 1579 2086 est
1602 2031 1763 2089 oonoedaat
1776 2048 1841 2089 esse

131 2127 198 2198 prie
213 2126 377 2180 alterutram
401 2124 437 2180 ad
464 2141 493 2180 ee
515 2126 652 2181 uenientes
675 2138 730 2179 non
750 2122 895 2193 baptizent,
911 2124 964 2181 sed
1016 2121 1077 2177 illic
1092 2122 1142 2177 ubi
1158 2120 1304 2192 baptisma
1327 2136 1391 2176 esse
1416 2120 1528 2186 dicunt,
1554 2124 1605 2175 aot
1623 2136 1678 2176 nec
1693 2121 1884 2193 baptisma-

133 2216 337 2271 communicent
352 2217 470 2270 tantum.
491 2213 532 2268 nd
554 2213 607 2268 hoo
623 2212 700 2268 enirn
716 2210 861 2268 malorum
877 2212 963 2268 devo·
1016 2228 1080 2267 esse
1095 2211 1158 2266 sine
1171 2209 1281 2281 Spiritu
1297 2214 1397 2265 sancto
1413 2225 1471 2263 non
1492 2213 1597 2279 potest.

134 2302 202 2359 luta
216 2308 261 2359 est
274 2302 404 2359 Ecclesia
418 2303 467 2359 Dei
484 2306 512 2357 et
534 2302 648 2375 Sponsa
669 2300 775 2357 Christi
801 2306 835 2356 ut
848 2300 962 2357 hereti-

135 2408 241 2448 corum
257 2390 389 2463 exempla
403 2395 540 2459 sectetur,
558 2394 590 2445 ut
611 2391 646 2445 ad
673 2389 847 2446 celebranda
865 2407 962 2447 sacra-

134 2484 239 2537 menta
249 2477 802 2551 cmlestiadisciplinemluadeteaebris
812 2482 963 2535 mutuetur
1017 2523 1164 2595 baptisma
1177 2522 1256 2579 enim
1271 2538 1335 2579 em
1349 2521 1379 2577 in
1394 2538 1452 2594 quo
1467 2521 1555 2579 homo
1570 2526 1650 2579 vetus
1672 2522 1797 2579 moritur
1809 2526 1839 2581 et

134 2573 164 2625 et
181 2569 209 2624 ivl
227 2570 333 2625 laniant
352 2569 508 2625 christiani
539 2568 616 2640 quod
646 2566 809 2624 antichristi
840 2566 959 2624 iaciunt.

133 2656 347 2723 Quaevemest
376 2657 467 2713 animi
497 2658 621 2726 emenus.
643 2674 707 2730 qum
739 2656 876 2727 pravitas,
894 2658 961 2713 fidei
1016 2610 1837 2683 novusnasciturmenilastatetprohatheatushposto·

133 2748 280 2803 unitatem
296 2748 332 2803 de
345 2746 403 2803 Deo
420 2747 503 2803 Patre
526 2752 554 2802 et
578 2747 613 2802 de
634 2746 703 2802 iesu
721 2745 829 2802 Christi
846 2745 960 2801 Domini
1014 2701 1195 2804 ¹⁰⁸.dif³¹¹⁸.²
1210 2701 1336 2757 servavit
1349 2700 1406 2799 (9¹)
1420 2716 1472 2757 '²⁰⁸
1487 2716 1539 2799 W
1563 2700 1706 2799 mmmm.
1718 2717 1837 2801 'mnf'

1014 2796 1130 2847 ratvoms
1144 2794 1212 2858 (Tu.
1231 2807 1273 2855 vn,
1285 2790 1324 2857 5).
1341 2789 1371 2845 Sr
1386 2792 1486 2845 autem
1509 2804 1539 2845 ιιι
1558 2788 1683 2856 lavacro,
1699 2790 1728 2845 vd
1744 2794 1789 2845 est
1803 2806 1834 2845 ιιι

130 2839 161 2891 ⁸t
172 2834 224 2891 Μ
236 2835 494 2937 &timum
506 2836 670 2935 venifflitem
681 2834 758 2891 ΜΗΘ
770 2838 962 2934 ⁰pgn⁰⁰⁰⁰mp
1015 2878 1160 2952 baptismo
1187 2883 1232 2935 est
1245 2878 1424 2951 regeneratio
1447 2877 1593 2951 quomodo
1606 2892 1745 2949 generare
1759 2876 1836 2935 filios

129 2922 248 2979 tiamsi
273 2924 380 2980 idcirco
405 2924 483 2996 apud
508 2924 662 2980 hereticos
684 2922 812 2978 Ecclesia
832 2927 960 2992 nonest,
1014 2967 1072 3025 Deo
1103 2920 1221 3024 hoer’esio
1249 2984 1299 3039 per
1326 2922 1474 3022 chrismam
1507 2971 1613 3037 potest,
1639 2983 1701 3037 qum
1729 2966 1836 3023 Christi

129 3012 380 3111 qui⁸.⁰⁰⁸⁰⁸¹'et
404 3013 494 3067 dwidi
520 3030 577 3068 ¹¹⁰⁰
603 3016 710 3112 pptfflt’
738 3011 804 3067 etsi
821 3010 960 3069 mmmm
1012 3058 1125 3126 Sponsa
1139 3071 1197 3111 non
1213 3053 1422 3111 estiltaolesia
1437 3058 1482 3109 est
1497 3054 1575 3108 enim
1596 3052 1659 3109 sola
1673 3071 1737 3125 qum
1751 3054 1835 3110 Chri-

129 3100 261 3171 spmtus
275 3105 397 3157 sancum
416 3118 474 3155 '¹⁰¹¹
498 3106 552 3165 ω’
580 3117 648 3172 ‘¹⁰¹⁸
672 3116 748 3156 ⁰⁰⁰³
772 3106 827 3169 θεῖ’
851 3104 881 3157 et
892 3117 995 3224 mec
1013 3148 1058 3200 sta
1073 3145 1228 3216 conjuncta
1242 3148 1271 3199 et
1284 3144 1414 3201 maneta
1429 3142 1601 3214 spiritaliter
1614 3142 1691 3200 illios
1705 3147 1835 3217 generat,

128 3190 212 3261 ”nd
227 3190 365 3289 mmm
378 3194 407 3245 et
421 3194 574 3289 &anm
588 3190 650 3289 (88).
664 3205 721 3247 ⁰⁰⁰
736 3193 959 3289 mmmm
1014 3234 1117 3289 eodem
1141 3231 1279 3303 apostolo
1303 3248 1408 3287 rursus
1432 3232 1563 3287 dicente:
1589 3231 1712 3287 Christus
1736 3232 1836 3290 dileait

128 3282 160 3334 οἱ
176 3278 333 3377 mmmm?
350 3279 428 3349 qum
439 3295 468 3333 ¹¹¹
483 3278 585 3334 adem
602 3283 713 3379 minute
735 3283 879 3377 waiam
895 3292 960 3336 ⁰⁵⁸⁰
1012 3323 1161 3383 Ecclesiam
1173 3330 1199 3381 et
1211 3324 1333 3393 seipsum
1346 3320 1462 3377 tradidit
1474 3336 1524 3392 pro
1539 3338 1572 3375 ea
1596 3329 1625 3377 ut
1647 3336 1711 3379 eum
1733 3324 1835 3378 sancti·

129 3366 212 3439 apud
228 3364 380 3423 hereticos
393 3384 449 3421 non
460 3371 573 3465 polest,
590 3382 659 3438 quta
674 3382 802 3438 separari
814 3381 908 3438 neque
922 3367 958 3423 ab
1012 3412 1262 3481 murmurem
1289 3426 1355 3468 mm
1382 3410 1492 3468 lavacro
1518 3426 1597 3480 ⁰2¹⁴ae
1622 3409 1728 3482 (Em
1744 3412 1835 3479 v'25'

128 3452 761 3574 ΚωμίαῃθζῳωερηηυὸῗῃοῳΡΟῑῨΒῑ·
797 3545 801 3553 .
902 3541 941 3554 ..
1012 3500 1069 3569 26).
1082 3499 1112 3555 Si
1128 3498 1218 3572 igitur
1232 3498 1293 3553 hoc
1306 3502 1351 3555 est
1366 3498 1471 3555 dilecta
1485 3504 1515 3555 et
1528 3498 1642 3571 Sponsa
1655 3514 1721 3570 quse
1738 3498 1835 3556 solea

167 3541 189 3599 v
215 3542 463 3599 Autfflfflectum
489 3542 629 3615 bapmnu
658 3546 804 3613 mmm
830 3558 959 3599 mmmm
1012 3586 1833 3661 Christosanctificaturetlavaoroejussolapurgatur,

127 3630 279 3697 ‘tibuunt'
295 3636 327 3687 m
341 3630 391 3702 qui
406 3632 435 3687 in
448 3631 566 3730 nmine
581 3631 651 3687 ΜΠ
664 3630 958 3734 οὴήωίωῃῳῖο
1013 3676 1201 3733 menifestum
1217 3680 1261 3731 eat
1274 3674 1420 3747 heresim,
1436 3693 1501 3747 quaa
1522 3676 1636 3749 Sponsa
1649 3676 1757 3733 Christi
1775 3694 1834 3734 ann

126 3722 158 3775 ἰ
174 3720 442 3793 qu⁰m⁰d⁰⁰⁰⁰qu⁰
455 3722 651 3792 mpmmur'
663 3723 792 3775 'numu
803 3725 832 3775 οἱ
847 3725 956 3775 'mu'
1011 3765 1061 3835 sit,
1078 3782 1130 3823 nec
1145 3766 1264 3839 purgari
1280 3781 1333 3823 nec
1347 3764 1525 3825 sanctificari
1541 3766 1653 3825 lavacra
1668 3768 1733 3839 ejas
1747 3784 1834 3841 possa

128 3806 209 3863 flesti
216 3806 453 3879 Ι1ιιι1ἰοιιι1ιιι,οιιι
465 3824 522 3863 non
533 3806 564 3863 in
575 3808 708 3879 ejusdem
720 3807 827 3863 Christi
838 3808 957 3864 nomine
1011 3853 1051 3909 ω.
1101 3855 1123 3910 D

127 3894 189 3951 illie
204 3901 234 3953 et
248 3911 354 3951 monus
369 3895 514 3969 baptizato
527 3896 689 3967 imponitur
703 3896 737 3952 ad
754 3895 955 3971 accipiendum
1044 3871 1088 3912 ¹⁰⁸
1126 3871 1160 3910 ⁶⁰
1173 3870 1313 3927 ⁸⁰⁰⁰m⁰
1327 3871 1385 3911 ⁰⁰¹¹
1398 3872 1494 3929 p⁰⁵⁸⁰'

127 3982 427 4053 Spiritumsanotum
438 4000 491 4040 aar
502 3985 603 4041 eadem
615 3984 747 4055 ejusdem
759 3984 956 4057 majestasltltl)
1046 3986 1106 4043 Vll.
1124 3989 1209 4047 Porro
1226 3992 1322 4045 autem
1345 4005 1403 4045 ιιοιι
1427 4003 1479 4061 per
1493 4004 1599 4045 manus
1614 3987 1832 4058 impositionem

127 4072 261 4128 nominis
276 4088 333 4127 ιιοιι
351 4072 485 4145 prevalet
500 4074 530 4129 in
546 4090 651 4129 manus
666 4073 853 4145 impositione
866 4088 955 4145 quem
1009 4076 1076 4148 qula
1089 4076 1349 4148 nasciturquando
1359 4077 1463 4147 accipit
1474 4076 1615 4148 Spiritum
1631 4078 1831 4135 sanatum.sed

126 4160 258 4219 valuisse
286 4162 467 4217 contendunt
482 4162 510 4216 in
535 4162 674 4233 baptismi
703 4162 956 4218 sanctificatione?
1009 4164 1038 4218 in
1056 4166 1190 4223 Ecclesiae
1213 4163 1371 4236 baptismo,
1396 4170 1430 4219 ut
1454 4164 1595 4236 Spiritum
1620 4165 1830 4235 sanctumjem

126 4248 202 4309 Nam
214 4250 240 4305 si
250 4254 347 4322 potest
359 4250 426 4323 quis
435 4254 516 4306 extra
527 4249 685 4306 Ecclesiam
701 4257 799 4319 natus,
810 4251 953 4325 templum
1008 4259 1096 4309 natus
1111 4253 1243 4325 accipiat,
1252 4252 1329 4309 sicut
1339 4254 1367 4307 in
1379 4252 1474 4325 primo
1489 4250 1606 4307 homino
1618 4251 1710 4307 Adam
1722 4253 1830 4309 iactum

129 4338 179 4395 hai
194 4338 270 4409 lieri,
285 4354 339 4394 cur
352 4354 410 4395 non
426 4338 519 4410 possit
530 4355 618 4410 super
633 4339 777 4410 templum
788 4344 817 4397 at
826 4340 953 4411 Spiritus
1007 4346 1052 4400 est
1065 4342 1143 4411 (Cen.
1165 4342 1207 4413 ul.
1230 4346 1305 4397 Ante
1328 4342 1406 4397 enim
1428 4340 1505 4397 Deus
1528 4356 1596 4397 earm
1620 4338 1786 4412 plasmavit,
1802 4347 1831 4397 et

126 4432 250 4485 unctus
264 4426 402 4484 infundi?
430 4428 484 4494 Oui
510 4427 589 4483 enim
613 4429 740 4499 peccatis
761 4430 790 4484 iu
806 4429 951 4501 baptismo
1006 4436 1076 4487 tuno
1092 4430 1254 4486 insulllavil
1267 4430 1323 4502 (92)
1339 4429 1368 4483 in
1379 4428 1482 4484 inoiem
1493 4428 1558 4500 ejus
1569 4428 1671 4484 llaturu
1682 4430 1739 4503 (93)
1753 4430 1827 4486 vita.

1050 2345 1097 2403 Vl·
1114 2343 1205 2411 Quale
1218 2348 1262 2401 est
1277 2346 1374 2403 autem
1387 2358 1518 2401 asserere
1532 2348 1560 2399 et
1572 2344 1747 2401 contendere
1760 2344 1840 2416 qaod

1016 2450 1080 2491 esse
1095 2433 1210 2505 possint
1224 2432 1276 2489 dlii
1291 2432 1342 2489 Dei
1357 2433 1408 2505 qui
1424 2448 1481 2489 aon
1498 2431 1598 2489 sintin
1612 2431 1741 2489 Ecclesia
1755 2433 1841 2493 natii'

802 4592 911 4671 Steph.
929 4590 1047 4655 llaluaii
1063 4598 1157 4653 note.

163 4720 222 4793 (88)
237 4720 370 4793 Pratanos
386 4726 411 4777 et
424 4729 576 4778 extraneas.
592 4721 688 4776 Codex
702 4722 795 4779 sancti
810 4722 952 4796 Arnulphi
967 4727 991 4790 Ι)
1007 4722 1110 4779 Celius
1125 4722 1329 4796 Calcagniaus,
1356 4720 1407 4778 lib.
1432 4740 1465 4789 n,
1489 4723 1577 4796 epist,
1600 4726 1627 4791 ll,
1644 4730 1743 4781 censet
1757 4726 1830 4781 scri·

127 4794 275 4847 extrarios.
291 4792 340 4847 Sia
354 4796 444 4848 etiam
460 4793 586 4849 habehat
599 4792 785 4849 Veronensis.
1006 4796 1135 4851 bendum
1152 4812 1216 4851 esse
1231 4800 1419 4861 servatorem,
1438 4811 1495 4849 non
1512 4794 1695 4851 salvatorem.

163 4864 222 4933 (89)
238 4863 295 4918 Car
306 4862 550 4937 eademmajr’stns.
568 4864 640 4936 Lege
654 4882 705 4919 cur
717 4882 772 4920 non
786 4866 882 4921 eadem
895 4881 952 4920 ma·
1041 4868 1097 4937 (92)
1114 4866 1277 4939 insufflavit.
1294 4865 1345 4920 llic
1361 4864 1442 4921 locus
1465 4884 1499 4921 oa
1523 4874 1618 4938 capua
1633 4868 1761 4923 secundo
1774 4871 1828 4924 Go-

124 4934 221 5005 ieslav.
238 4934 318 4989 istud
345 4935 461 4991 excidit.
482 4936 569 4991 Error
583 4936 722 4991 inductus
735 4942 780 4992 est
794 4954 811 4992 a
826 4936 951 5009 Rigaltio
1006 4953 1110 4993 naseos
1125 4939 1300 5003 desumptus
1326 4937 1449 4993 retertur
1476 4939 1640 4993 secundum
1663 4954 1828 4994 versionem

128 5012 152 5061 el
165 5006 354 5061 continuatus
368 5006 397 5060 in
411 5006 537 5062 editione
549 5006 719 5079 Anglioana.
1005 5010 1157 5080 antiquam
1186 5027 1245 5081 qua
1272 5014 1391 5064 sanctus
1417 5008 1580 5103 Cyprianus
1609 5010 1754 5076 utebatur,
1771 5026 1830 5081 qua

161 5076 220 5151 (90)
235 5078 330 5131 Fartus
342 5085 391 5132 est.
409 5077 439 5134 ln
455 5077 633 5134 editionibus
650 5078 760 5133 ltrasmi
775 5082 804 5134 et
818 5076 950 5134 Marellil.
1005 5080 1093 5136 etiam
1111 5098 1196 5137 usum
1211 5098 1276 5137 esse
1290 5080 1406 5135 Avitum
1422 5080 1617 5137 tiernensem
1629 5080 1722 5152 liquet
1736 5097 1771 5135 ex
1783 5098 1828 5137 se·

128 5162 191 5217 qua
207 5149 303 5221 magis
332 5148 505 5220 placuerunt
535 5150 764 5223 Panelioqusm
791 5149 950 5220 Manliana,
1005 5154 1102 5207 cunda
1116 5154 1180 5225 ejus
1195 5151 1324 5225 Epistola
1347 5152 1381 5207 nd
1407 5152 1612 5208 Gundohndum.
1632 5151 1829 5223 deprehendit

128 5218 236 5283 legitur
246 5222 336 5289 sactus
349 5236 405 5275 non
426 5230 475 5277 cst.
495 5220 602 5275 Verum
619 5220 685 5277 libri
700 5226 811 5277 veteres
826 5238 883 5275 non
899 5221 950 5277 ha·
1005 5232 1103 5280 autem
1118 5225 1218 5280 Avitus
1242 5223 1307 5279 illos
1327 5222 1377 5293 qui
1398 5226 1556 5279 utebantur
1574 5240 1608 5278 on
1623 5224 1754 5279 versione
1769 5239 1829 5294 qua

129 5292 197 5345 beat
212 5292 406 5359 vacuationem.
423 5309 488 5363 quae
512 5294 639 5359 proiecto
663 5292 776 5348 videtur
798 5309 862 5349 esse
881 5309 949 5347 con·
1006 5312 1059 5350 nos
1073 5294 1160 5351 hodie
1175 5296 1295 5351 utimur.
1311 5295 1347 5349 Et
1361 5299 1458 5349 tamtan
1478 5294 1677 5350 Tertullianus
1692 5294 1771 5349 hunc
1786 5295 1828 5351 lo·

129 5364 220 5417 lrsrla
234 5363 384 5419 sententia·
395 5362 488 5418 saneti
502 5363 648 5435 Cypriani.
1005 5383 1072 5423 curn
1089 5369 1176 5422 rel'ert
1189 5384 1223 5423 eo
1239 5367 1325 5421 modo
1341 5382 1399 5437 quo
1410 5366 1452 5421 illi
1465 5368 1622 5421 utebantur
1636 5382 1710 5437 quos
1725 5367 1827 5422 Avitus

163 5432 220 5499 (ol)
237 5432 368 5489 Serramt.
386 5434 524 5489 Erasmus
540 5434 638 5505 posuit
650 5432 778 5488 solearii.
790 5432 951 5498 Quelectio
1005 5438 1185 5511 perstringit.
1204 5440 1234 5495 lu
1250 5436 1372 5509 epistola
1392 5438 1545 5507 cujusdam
1570 5438 1680 5495 Otherii
1696 5439 1732 5494 da
1747 5439 1828 5495 obilu

131 5510 225 5559 exstat
238 5504 269 5559 in
284 5506 400 5561 duobus
415 5506 631 5631 exerusslarihus
652 5504 760 5559 nostris
775 5510 803 5557 at
819 5504 847 5559 in
864 5504 950 5561 Cam·
1697 5510 1829 5583 lingonis

132 5572 295 5638 beronensi,
313 5582 345 5631 ut
360 5581 485 5633 testatur
522 5576 655 5632 amelius.
681 5578 716 5629 At
741 5574 798 5631 alia
811 5576 949 5631 tredecim

133 5652 231 5703 nostra
246 5648 356 5703 hahent
368 5649 497 5704 seruauit.
515 5650 550 5704 itt
568 5658 664 5704 tanuen
682 5646 765 5701 lectio
779 5646 900 5701 inducta
913 5648 949 5703 ah
1039 5650 1095 5719 (93)
1112 5652 1226 5705 eratum.
1243 5648 1324 5705 Unus
1339 5652 1428 5707 codex
1443 5651 1542 5725 regius
1556 5653 1736 5725 spiraculum,
1750 5654 1828 5711 siout

104 5708 238 5777 erasmo
248 5716 402 5791 prevaluit
412 5718 555 5777 hactenus
565 5720 595 5775 in
606 5716 744 5775 omnibus
754 5718 947 5775 editionibus.
1004 5719 1033 5775 in
1045 5722 1165 5793 vulgata
1178 5720 1306 5779 editione
1315 5726 1470 5780 Consanos.
