3892 6104
124 304 185 369 ero
651 302 866 367 revertero
889 304 1138 367 rnesnrrner
1160 302 1313 367 eonem
1774 290 1847 371 stt

124 434 275 493 uoluntate
288 433 366 491 laete
379 435 449 490 sunl
463 432 570 491 omnia.
586 437 663 490 Deus
679 434 779 507 utique
794 436 954 508 procedens
968 440 996 504 Α
1011 436 1143 493 omnium
1158 452 1257 493 rerum
1271 440 1301 491 ει
1316 434 1492 509 prinoipium
1507 440 1536 492 ει
1545 440 1644 507 eaput.
1657 434 1770 493 ideireo
1781 434 1827 509 (51)

127 529 244 591 axDee,
261 524 421 580 secundam
441 538 594 595 personam
610 523 740 581 efficiens
761 529 828 598 post
842 526 955 581 Patrem
1011 541 1102 581 unum
1118 524 1210 580 Deum
1239 526 1373 593 asseruit,
1402 542 1490 597 quem
1514 542 1572 581 non
1598 523 1731 581 subuilo
1758 524 1827 597 prin-

103 640 105 645 ·
128 630 187 687 qua
202 610 311 679 Filius3
329 611 449 667 sednon
465 611 591 683 eripiens
603 610 673 668 illud
685 612 773 683 Patri,
787 616 863 686 quod
881 631 957 670 unus
1011 615 1087 687 oipio
1103 619 1154 669 aut
1175 612 1268 681 initio,
1284 613 1335 669 sed
1362 612 1480 669 initium
1496 612 1592 686 potius
1616 616 1647 669 ει
1659 612 1828 685 principium

14 712 17 717 '
110 682 173 761 (εει
187 702 274 759 Deus.
291 700 321 757 si
337 699 415 755 enim
437 701 957 769 natusnontuissetinnatusoom·
1012 721 1109 759 rorare
1125 703 1258 758 omnium
1274 702 1483 775 comprobavit.
1500 701 1590 758 Filius
1603 703 1662 773 (57)
1679 708 1781 759 eutem
1795 702 1829 759 ni·

128 795 251 865 paratus
267 805 333 846 oum
350 806 382 845 eo
399 788 448 861 qui
473 794 551 845 eeset
570 790 625 861 (53)
651 791 780 859 innatus,
797 792 959 863 aquatione
1012 791 1103 847 bilex
1119 790 1239 847 arbitrio
1261 808 1313 846 suo
1329 791 1412 861 gerit,
1430 807 1482 847 nee
1504 808 1539 847 er
1552 790 1676 848 oonsilio
1691 806 1747 847 suo
1763 790 1829 858 iacit,

129 880 161 938 in
177 884 301 951 utroque
326 881 453 945 ostensa,
479 878 553 933 duos
570 878 675 934 laceret
699 879 826 945 innatos,
853 886 881 935 et
895 880 959 936 ideo
1014 897 1066 936 neo
1082 898 1099 935 a
1114 896 1145 936 se
1169 880 1257 947 venit,
1273 880 1324 935 sed
1349 878 1480 949 imperiis
1507 879 1636 952 paternis
1660 879 1833 935 omnibuset

130 970 206 1027 duos
222 968 330 1024 iaceret
353 968 438 1023 Deos.
462 967 492 1023 Si
517 984 574 1023 non
594 967 710 1041 genitus
733 974 822 1037 esset,
837 969 960 1027 collatus
1014 970 1167 1043 preceptis
1183 967 1300 1024 obedit:
1315 973 1347 1023 ut
1363 968 1497 1040 quamvis
1517 970 1619 1041 probet
1634 967 1721 1024 iilum
1738 967 1833 1025 natisi-

131 1075 199 1117 eum
216 1074 249 1115 eo
265 1056 314 1129 qui
330 1056 447 1129 genitus
470 1073 527 1111 non
542 1060 630 1123 esset,
643 1062 672 1113 et
698 1058 824 1130 equales
839 1058 960 1127 inventi,
1014 1062 1060 1114 tna
1076 1057 1181 1113 Filium
1196 1057 1285 1127 (ιιειν.
1301 1074 1329 1123 ν,
1345 1058 1384 1127 8),
1402 1062 1499 1113 temen
1516 1058 1662 1130 morigera
1677 1057 1835 1115 obedientis

132 1148 208 1205 duos
222 1150 298 1201 Deus
314 1144 418 1200 merito
444 1143 641 1200 reddidissent
664 1162 721 1201 non
747 1146 838 1217 geniti
851 1164 858 1213 ;
873 1150 962 1218 etque
1016 1151 1127 1203 asserat
1143 1146 1226 1201 ilium
1243 1150 1370 1217 paterna
1384 1144 1555 1213 voluntatis,
1566 1162 1601 1201 ex
1613 1162 1672 1217 quo
1684 1150 1732 1201 est
1742 1145 1834 1203 minis·

132 1235 198 1293 ideo
213 1235 287 1290 duos
302 1232 436 1289 Christus
451 1232 627 1289 reddidisset
648 1234 733 1291 Deos.
749 1235 776 1289 Si
795 1234 858 1291 sine
873 1234 962 1307 erigi·
1016 1240 1114 1292 trum:
1133 1235 1173 1289 ita
1183 1235 1254 1289 dum
1265 1251 1297 1290 se
1313 1233 1388 1289 Patri
1401 1234 1429 1288 in
1441 1234 1578 1291 omnibus
1588 1234 1836 1307 obtemperantem

133 1342 171 1381 ne
185 1328 263 1381 esset
278 1327 311 1379 ut
325 1322 420 1389 Pater,
437 1322 583 1393 inventus,
599 1328 629 1378 et
641 1322 704 1395 ipse
714 1323 889 1396 principium
905 1340 963 1380 om·
1017 1324 1121 1391 reddit,
1139 1323 1275 1394 quamvis
1290 1321 1328 1380 ait
1339 1326 1368 1378 st
1380 1324 1467 1389 iteus,
1478 1340 1570 1379 unum
1582 1327 1682 1379 tamen
1695 1328 1784 1379 Deum
1794 1322 1837 1380 Pa·

134 1413 217 1471 nium
233 1415 266 1469 ut
281 1412 376 1480 Pater,
392 1412 449 1467 duo
472 1410 582 1467 lsoiens
602 1412 756 1485 principia,
777 1414 851 1470 duos
866 1419 963 1469 osten·
1017 1418 1092 1469 trem
1108 1413 1143 1468 de
1157 1410 1322 1468 obedientia
1334 1411 1576 1481 suaostendit‚ex
1592 1428 1649 1483 quo
1660 1416 1692 1467 et
1702 1412 1837 1485 originem

136 1498 328 1559 dissstnobis
351 1506 566 1572 consequenter
584 1504 710 1557 atDsos.
739 1506 799 1559 Aut
820 1502 845 1558 si
860 1508 888 1558 ει
902 1502 964 1575 ipse
1018 1500 1115 1558 traxit.
1132 1501 1167 1557 Et
1191 1500 1256 1557 ideo
1279 1501 1354 1556 duos
1378 1501 1450 1557 Deos
1464 1500 1520 1573 (58)
1545 1501 1640 1559 iacere
1662 1518 1724 1559 non
1741 1500 1838 1574 potuit,

136 1589 228 1649 Filius
240 1606 299 1646 non
314 1592 402 1656 esset,
415 1590 467 1645 sed
483 1592 568 1645 Pster
584 1605 727 1661 generans
743 1590 778 1647 de
793 1607 825 1648 se
840 1591 964 1647 alterum
1019 1590 1089 1663 quis
1104 1606 1156 1646 neo
1171 1590 1245 1646 dues
1256 1588 1382 1661 origines
1394 1589 1471 1660 lecit,
1483 1590 1534 1661 qui
1549 1606 1584 1646 ex
1595 1606 1628 1647 eo
1641 1590 1694 1663 qui
1705 1590 1838 1663 originem

22 1720 26 1733 .
138 1679 257 1747 Filium,
274 1678 376 1736 merito
390 1678 512 1735 oollatus
527 1695 594 1735 oum
619 1680 703 1736 Patre
718 1684 747 1737 ει
761 1685 861 1737 tentus
877 1681 964 1737 deno·
1019 1678 1192 1743 nonhabet,
1208 1677 1386 1751 prinoipium
1403 1678 1564 1735 nativitatis
1589 1683 1656 1735 ante
1672 1682 1838 1735 omneiem·

138 1772 231 1839 tatus,
242 1768 317 1825 duos
326 1768 426 1824 Patres
436 1768 594 1827 effecisset:
607 1772 636 1825 et
645 1768 709 1825 ideo
721 1770 795 1825 duos
807 1772 966 1843 approbas·
1020 1785 1076 1841 pus
1090 1766 1211 1839 aceepit.
1237 1766 1309 1823 Nam
1336 1782 1404 1821 eum
1430 1767 1458 1822 id
1487 1766 1525 1823 sit
1540 1767 1721 1841 principium
1738 1768 1838 1825 steteris

139 1862 186 1915 εει
199 1856 287 1914 etiam
303 1860 386 1913 Deos.
404 1856 434 1912 Si
450 1856 606 1915 invisibilis
621 1858 734 1923 luisset,
750 1875 817 1915 oum
829 1858 968 1915 invisibili
1021 1856 1099 1931 quod
1114 1856 1249 1912 innatum
1264 1858 1309 1911 est
1328 1855 1417 1928 (quod
1439 1855 1517 1912 Deus
1539 1856 1620 1912 solus
1641 1857 1728 1913 Pater
1742 1856 1836 1929 estqui

139 1944 275 2013 eolletus.
291 1962 344 2017 par
357 1961 524 2017 expressus,
548 1947 621 2002 duos
644 1946 804 2003 invisibiles
820 1947 966 2004 ostendis·
1021 1951 1103 2003 extra
1116 1944 1258 2017 originem
1275 1948 1338 2011 est;
1355 1959 1389 1999 ex
1411 1962 1467 2017 quo
1483 1944 1530 2000 hie
1545 1950 1590 2002 est
1614 1946 1664 2018 qui
1681 1948 1836 2019 natusest),

139 2038 203 2103 εει;
220 2039 249 2091 ει
262 2032 327 2089 ideo
343 2034 417 2089 duos
431 2036 651 2106 comprobasset
664 2039 693 2091 et
714 2042 796 2092 Deos.
812 2038 840 2091 Si
857 2038 966 2093 inoorn·
1022 2036 1092 2092 dum
1106 2033 1156 2105 qui
1179 2032 1278 2089 exilio
1302 2033 1429 2089 nascitur
1446 2032 1514 2107 (59),
1539 2033 1640 2091 merito
1664 2051 1700 2091 ex
1722 2050 1757 2091 eo
1772 2034 1836 2091 venit

138 2121 355 2199 prehensibilis,
372 2122 397 2179 si
413 2126 441 2178 et
452 2126 765 2197 ostensaquaecunque
777 2130 847 2182 sunt
862 2126 966 2195 Patris,
1023 2124 1073 2197 qui
1086 2123 1229 2196 originem
1245 2140 1302 2178 non
1318 2122 1416 2193 habet,
1433 2123 1610 2195 principium
1631 2126 1762 2195 probans
1775 2122 1833 2181 illut

139 2212 254 2284 merito,
271 2210 407 2281 dicimus,
423 2212 548 2268 duorum
559 2212 685 2269 Deorum
701 2230 789 2285 quam
800 2214 846 2271 isti
857 2218 968 2271 eontin-
1022 2230 1086 2271 esse
1101 2230 1135 2269 ex
1150 2229 1207 2285 quo
1231 2212 1295 2285 ipse
1310 2214 1376 2268 est:
1402 2212 1517 2269 etiamsi
1532 2212 1610 2269 Deus
1635 2218 1681 2270 est
1696 2213 1746 2286 qui
1762 2218 1833 2271 natus

139 2300 449 2376 gant,oontrovsrsinm
457 2301 967 2376 suscitassetNuneautemquidqud
1022 2308 1076 2369 est,
1088 2318 1182 2358 unum
1194 2306 1291 2357 tamen
1303 2305 1393 2356 Deum
1404 2300 1690 2374 ostendit‚quen1hie
1701 2302 1751 2374 qui
1762 2308 1832 2359 natus

139 2394 194 2459 εει,
210 2404 318 2445 nonen
333 2392 433 2457 esest,
447 2389 516 2461 quia
530 2406 582 2447 neo
596 2389 716 2449 innatus
731 2398 775 2448 est
784 2394 841 2462 (51)
852 2412 861 2460 ς
872 2394 924 2451 sed
934 2410 969 2449 ex
1022 2397 1077 2459 est,
1098 2406 1162 2448 esse
1176 2390 1240 2446 sine
1255 2389 1367 2462 origine
1383 2390 1592 2461 comprobavit.
1617 2390 1669 2446 list
1680 2408 1747 2463 ergo
1762 2396 1831 2461 Deus,

141 2480 224 2537 Patre
238 2480 293 2544 εει,
309 2477 379 2550 quis
393 2477 508 2550 genitus
522 2482 586 2535 est:
612 2480 673 2537 sive
687 2481 758 2537 dum
772 2482 898 2538 Verbum
914 2487 969 2553 est,
1023 2480 1113 2537 sedin
1124 2480 1284 2550 hoaipsum
1296 2477 1708 2553 genitus,utessetDeus.Est
1719 2480 1831 2535 etDoni·

141 2568 216 2627 DM
235 2567 294 2624 sive
310 2566 381 2622 dum
397 2566 496 2623 Virtus
511 2572 566 2635 est,
584 2568 643 2625 sive
665 2569 735 2625 dum
752 2571 901 2642 Sapientia
914 2575 969 2638 est,
1025 2586 1092 2636 nus,
1107 2569 1158 2625 sed
1173 2567 1203 2623 in
1229 2568 1283 2623 hoo
1305 2567 1402 2640 ipsum
1426 2572 1513 2623 natus
1533 2568 1611 2626 962
1626 2568 1684 2641 (60)
1708 2586 1742 2625 ex
1757 2569 1827 2635 Patre,

141 2658 203 2715 sive
218 2658 287 2713 dum
304 2656 366 2713 Lux
380 2660 434 2725 εει,
449 2656 509 2714 εἰνε
525 2658 594 2713 dum
612 2657 768 2727 libasset,
782 2666 811 2716 et
826 2660 970 2732 quidquid
1025 2662 1059 2714 ut
1073 2662 1151 2715 esset
1166 2656 1317 2713 Dominus.
1334 2656 1385 2713 Dat
1408 2660 1437 2713 et
1450 2658 1515 2727 (ise.
1533 2675 1569 2727 nr,
1594 2657 1623 2729 6)
1643 2656 1832 2730 Angeluesed·

142 2748 249 2805 borum
265 2752 319 2815 εει,
343 2746 414 2801 dum
431 2760 488 2801 non
510 2745 628 2803 aliunde
649 2752 703 2815 est,
720 2765 820 2821 quam,
837 2749 913 2805 siout
927 2748 971 2804 di·
1025 2747 1061 2804 ed
1077 2746 1313 2803 annuntiandum
1327 2762 1465 2818 magnum
1478 2745 1527 2801 Dei
1538 2745 1707 2815 eonsilium,
1718 2763 1751 2803 ex
1764 2746 1824 2801 Patre

142 2834 241 2891 ximus
251 2834 312 2906 jam
330 2833 476 2906 superius,
492 2850 526 2890 ex
550 2834 632 2891 Patre
645 2853 652 2903 ;
668 2837 746 2892 Patri
761 2853 813 2893 suo
828 2837 971 2910 originem
1026 2851 1079 2893 suo
1096 2833 1222 2907 Angelus
1232 2834 1407 2891 destinatus.
1419 2834 1509 2905 Cujus
1520 2835 1577 2905 (51)
1588 2834 1630 2890 sio
1646 2834 1778 2891 divinitas
1785 2840 1823 2889 tra·

144 2940 230 2981 suam
255 2923 375 2989 debens,
388 2922 565 2979 discordium
598 2924 759 2981 divinitatis
788 2926 823 2981 de
851 2942 973 2984 numero
1026 2925 1113 2989 ditur,
1130 2928 1163 2979 ut
1177 2928 1297 2980 nonant
1309 2924 1490 2980 dissonantia
1512 2927 1562 2979 aut
1582 2920 1822 2998 inequalitateitt)

144 3014 271 3070 duorum
285 3010 410 3067 Deorum
426 3011 519 3069 lacere
541 3030 598 3069 non
614 3014 720 3085 potuit,
735 3014 784 3086 qui
810 3031 843 3071 ex
857 3014 906 3071 illo
922 3016 972 3089 qui
1027 3012 1187 3068 divinitatis
1202 3012 1276 3068 duos
1287 3012 1361 3069 Deos
1373 3011 1534 3068 reddidisse
1544 3012 1689 3068 videatur.
1705 3010 1821 3084 Subjetis

144 3105 190 3158 eat
223 3116 301 3156 unus
337 3098 425 3167 Deus,
462 3101 604 3173 originem
641 3103 788 3160 nasoendo
819 3103 971 3161 contraxit.
1027 3102 1105 3159 enim
1121 3100 1146 3156 ei
1171 3101 1256 3174 quasi
1271 3100 1344 3157 Filio
1367 3100 1505 3157 omnibus
1527 3100 1614 3157 rebus
1639 3104 1759 3171 epatre,
1772 3100 1820 3153 dun

145 3190 208 3255 Quo
222 3203 327 3261 genere
340 3188 411 3243 dum
425 3191 454 3243 ει
467 3188 637 3261 unigenitus
648 3195 705 3262 est,
719 3196 747 3247 et
761 3192 975 3265 primogenitus
988 3177 1010 3245 C
1028 3193 1052 3263 (1
1068 3190 1130 3246 Cor.
1147 3208 1193 3259 xv,
1208 3190 1254 3261 28)
1268 3189 1331 3262 ipse
1341 3206 1409 3245 oum
1423 3188 1471 3245 bis
1486 3206 1551 3262 quae
1565 3187 1608 3245 illi
1623 3190 1752 3262 subiecta
1764 3190 1819 3251 sart,

146 3294 182 3335 ex
194 3276 246 3333 illo
257 3279 303 3334 est
317 3276 368 3349 qui
392 3274 534 3349 originem
560 3295 617 3335 non
643 3279 743 3349 habet,
765 3298 841 3337 unus
857 3281 914 3354 (55)
929 3285 973 3339 εει
1027 3280 1105 3337 Petri
1120 3294 1174 3335 suo
1190 3278 1354 3351 subjicitur,
1369 3277 1462 3335 Patris
1479 3278 1598 3351 quidem
1612 3278 1660 3336 sui
1682 3277 1765 3335 Filius
1775 3290 1820 3349 pre·

789 3406 946 3469 Gallandii
960 3404 1217 3470 commentarius.

148 3513 251 3571 eontra
265 3509 389 3565 Arianos
404 3507 532 3564 sullloist
546 3508 617 3567 iliud
631 3551 638 3566 .
653 3512 766 3584 Semper
787 3514 862 3569 enim
877 3515 905 3568 ie
921 3514 974 3568 Po·
1028 3512 1079 3567 ιιι.
1095 3511 1202 3566 Peneo.

151 3588 193 3639 tre
206 3596 241 3637 ee
255 3582 337 3635 Pater
359 3595 414 3635 eoa
438 3595 544 3651 semper
563 3584 600 3637 sit
622 3584 726 3645 Pater:
753 3587 782 3640 et
802 3585 880 3655 quod
896 3584 973 3640 baud
1064 3582 1211 3653 (53)1)εεε.
1235 3584 1317 3637 Dana
1341 3596 1442 3638 voeem
1466 3582 1502 3637 ab
1527 3580 1614 3637 editis
1637 3580 1775 3643 omissam.
1788 3587 1818 3629 ιι·

152 3651 253 3727 proeul
264 3669 281 3707 a
292 3652 348 3707 line
359 3649 448 3721 hujus
458 3652 561 3722 eapitis
572 3653 673 3710 hebet:
687 3657 977 3727 Principinmentioi·
1030 3654 1127 3711 stituit
1142 3654 1256 3727 primus
1267 3652 1487 3723 Welcbmanus,
1498 3668 1626 3726 eumque
1636 3658 1749 3711 seeutus
1760 3644 1817 3705 tet·

153 3726 218 3783 telis
243 3731 307 3778 sets
329 3737 410 3777 mene
432 3726 539 3794 temper
565 3729 679 3798 aceepit.
706 3730 745 3781 lix
767 3743 825 3799 quo
851 3732 976 3794 constat,
1031 3741 1133 3781 sonus.

153 3812 221 3855 oum
237 3794 327 3850 dicit:
343 3794 453 3848 Patrem
473 3796 638 3867 praecedere,
661 3800 784 3869 priorem
805 3815 863 3854 esee
886 3805 913 3855 et
927 3816 978 3853 oe·
1067 3796 1123 3919 (59)
1139 3795 1247 3851 Nom...
1263 3794 1329 3850 dam
1343 3795 1393 3865 pei
1405 3811 1441 3851 ee
1455 3794 1504 3851 iiie
1521 3796 1654 3850 nascitur.
1670 3794 1731 3851 lieo
1743 3792 1816 3869 iterum

153 3867 293 3933 ιεεειεεε,Ι
308 3864 337 3919 id
353 3864 449 3921 solnm
461 3880 494 3922 se
509 3865 601 3922 intelli
623 3885 680 3937 ere,
694 3870 736 3924 uti
749 3870 979 3953 subjungitque
1032 3884 1108 3940 supp
1121 3882 1204 3923 emus
1218 3883 1253 3923 ex
1269 3883 1324 3922 ms.
1341 3866 1405 3923 ood.
1423 3865 1536 3939 Anglie.
1554 3866 1721 3937 parenthesi
1734 3864 1815 3927 inens

153 3945 239 3999 Pater
251 3942 296 4019 sit.
313 3937 419 3992 Eodem
432 3936 532 4009 itaque
547 3884 634 3995 modo
645 3940 836 4011 intelligenda
847 3957 910 4013 qus
925 3948 979 3997 rte·
1032 3944 1071 3995 ta.
1088 3943 1195 3994 Perias.
1728 4006 1734 4017 Ι

154 4028 220 4069 rum
236 4009 319 4074 dielt,
342 4025 406 4064 eam
420 4013 504 4065 Patre
525 4011 698 4081 postmodam
716 4015 774 4083 (εει
774 4050 841 4081 ......
858 4014 906 4070 sed
918 4018 980 4086 post
1068 4012 1126 4082 (60)
1141 4012 1235 4065 ll'otue.
1263 4009 1347 4065 Deest
1367 4008 1429 4065 beo
1452 4024 1505 4065 vox
1528 4008 1606 4079 apud
1629 4008 1816 4067 Pometinae

154 4086 299 4139 Putrem...
311 4088 372 4151 post
386 4082 500 4137 Patrem
515 4096 568 4153 qua
582 4084 679 4138 Filius.
698 4108 709 4135 ι
1033 4082 1188 4155 typothete
1206 4080 1328 4136 lortasse
1343 4078 1474 4136 incuria:
1491 4096 1554 4135 eam
1571 4080 1650 4136 enim
1665 4064 1815 4137 eminenti

190 4154 246 4227 (53)
259 4153 342 4207 Esset.
359 4151 421 4221 Hic,
444 4159 472 4208 et
489 4153 579 4237 paulo
604 4164 670 4223 post
686 4154 735 4211 ubi
760 4154 885 4228 legimus
900 4156 980 4225 peet-
1068 4153 1125 4226 (61)
1146 4154 1276 4225 Cujus...
1306 4153 1496 4224 temporalitate
1518 4152 1684 4207 ditateitatis.
1699 4154 1758 4206 ileo
1777 4154 1817 4199 ιιι·

155 4235 198 4283 tus
212 4240 265 4282 noe
290 4230 366 4293 esset,
391 4224 566 4293 oonJierebat
587 4224 798 4283 Welebrnanus
822 4226 979 4299 legendum
1033 4224 1112 4280 tituit
1126 4240 1160 4279 ex
1172 4240 1226 4277 ms.
1245 4221 1583 4295 AnglieanoPamelius3
1600 4212 1816 4295 ngneusetirt

155 4306 206 4355 est.
223 4297 258 4352 et
279 4311 315 4351 ue
330 4292 371 4351 ita
385 4295 476 4351 edidit
488 4296 663 4354 tseksonus.
1033 4297 1137 4351 bonius
1152 4296 1279 4366 edidere,
1290 4298 1384 4351 nterea
1399 4290 1817 4356 dissonantiadioieitatisrrtttt

191 4368 247 4439 (51)
259 4314 290 4424 gi
303 4367 485 4423 invisibilis...
497 4370 625 4440 quiaeee
639 4372 816 4425 innotescet.
832 4372 891 4425 Ηεε
905 4370 980 4425 dues
1034 4367 1108 4423 bane
1123 4366 1277 4422 leotionem
1293 4366 1414 4423 retinuit
1428 4366 1652 4423 Welobmanus.

177 4438 291 4495 eriodos
306 4443 334 4494 et
349 4438 502 4495 dimidiam
516 4456 580 4511 quae
595 4441 624 4495 in
647 4440 878 4513 praecedentibus
893 4440 980 4496 editis
1069 4438 1124 4510 (62)
1154 4440 1184 4496 Ut
1210 4454 1264 4494 eote
1295 4444 1342 4493 aut
1369 4437 1554 4501 dissonantia,
1583 4446 1633 4493 ast
1656 4428 1816 4509 ieaepuuit'iftib

157 4458 409 4579 Sesidersbantnr,
426 4526 459 4566 er
481 4510 598 4566 laudato
615 4512 712 4568 eodiee
735 4512 895 4585 anglicano
909 4529 980 4584 sup·
1033 4510 1154 4565 Fatebor
1167 4509 1294 4582 ingenue
1306 4510 1335 4565 in
1350 4510 1397 4565 his
1413 4508 1508 4565 verbis
1522 4507 1678 4581 legendum
1695 4504 1758 4562 mibi
1769 4496 1817 4553 uit

158 4581 311 4654 pissimus,
339 4582 509 4639 omittentes
535 4581 607 4638 illud
634 4600 817 4653 excusorum,
854 4584 980 4640 Christus
997 4588 1019 4651 D
1035 4581 1058 4636 ri
1074 4584 1239 4652 nqucrtttute.
1256 4580 1419 4652 Utrumque
1433 4580 1511 4637 enim
1533 4580 1597 4651 pari
1617 4578 1713 4636 studio
1727 4566 1817 4633 nnete

157 4660 250 4709 aetem
264 4668 320 4707 eree
334 4653 446 4708 trenetur
460 4662 508 4723 εει,
526 4658 613 4726 etque
628 4654 676 4710 ille
699 4670 732 4711 ax
747 4655 848 4711 iisdem
865 4654 981 4711 exousia
1036 4658 1136 4708 auctor
1150 4670 1166 4707 a
1182 4652 1369 4707 sanctissima
1381 4651 1532 4720 'trinitate¹
1548 4656 1576 4706 et
1592 4651 1622 4706 in
1637 4655 1738 4707 natura
1747 4650 1769 4701 ει
1776 4635 1818 4697 ιιι

158 4723 309 4789 addentes,
324 4722 371 4777 sed
383 4740 419 4780 en
432 4727 515 4781 Patre
532 4732 582 4794 est,
599 4728 663 4797 prtia
685 4729 794 4796 pereites
808 4735 854 4781 est.
872 4730 980 4782 Pensa.
1036 4725 1146 4780 stantia
1160 4725 1398 4797 discrepantiam.
1419 4728 1449 4779 et
1461 4724 1491 4779 in
1510 4720 1633 4795 originis
1645 4722 1817 4803 ordinasti*

159 4827 193 4837 -
208 4794 353 4850 Nimirum
368 4796 510 4853 editiones
529 4813 594 4869 quas
610 4797 806 4853 Pameliansm
826 4814 981 4869 praecesse-
1038 4796 1161 4851 litatem.
1178 4800 1270 4862 Quare
1285 4794 1457 4851 substantias
1467 4794 1705 4851 communionem
1715 4796 1776 4847 ιιιιει
1785 4784 1817 4835 Pt-

159 4871 239 4938 runt,
255 4871 322 4993 ppat
336 4882 420 4923 voees
432 4878 458 4923 ει
473 4869 532 4924 ideo
541 4868 608 4924 duos
623 4870 800 4939 approbasset
807 4871 890 4923 stiam
905 4870 979 4936 Deos,
1036 4874 1109 4921 trem
1126 4872 1153 4921 et
1180 4866 1285 4922 Filium
1310 4866 1447 4937 admittit,
1471 4881 1596 4938 eumque
1611 4866 1642 4921 in
1665 4866 1717 4921 boo
1729 4856 1817 4935 petii*m

158 4956 201 4996 sto
217 4956 247 4995 se

157 5011 204 5068 sed
220 5026 255 5066 ea
268 5012 351 5066 Patre
364 5014 405 5065 est
428 5014 502 5082 poio,
527 5012 639 5079 penites
662 5020 709 5069 εει.
730 5012 871 5067 Caeterum
886 5017 983 5068 vetera
1036 5010 1137 5065 eadem
1153 5026 1182 5063 tn
1198 5009 1280 5065 Patre
1294 5026 1359 5065 esse
1373 5026 1430 5066 non
1445 5009 1571 5065 desinat.
1587 5008 1645 5065 Sed
1661 5006 1727 5063 iliud
1739 5002 1818 5065 attssllf

158 5099 239 5139 arem
263 5082 336 5137 laria
362 5083 504 5153 expressit
518 5081 747 5141 Welohmanus:
778 5082 981 5139 Pentelianum
1037 5079 1200 5137 arctissime
1211 5084 1289 5136 tenet
1299 5081 1404 5137 Filium
1417 5084 1447 5135 ut
1458 5097 1475 5135 a
1485 5080 1569 5136 Patre
1583 5080 1713 5153 genitum
1724 5072 1818 5154 nontlsi

157 5171 223 5209 vero
238 5099 414 5209 fecissenus.
1037 5154 1148 5223 origine
1162 5150 1302 5224 aequalem
1319 5152 1405 5208 Patri.
1428 5154 1522 5217 Quare
1545 5150 1618 5207 iilud
1636 5150 1715 5207 Pauli
1729 5138 1819 5269 tim

192 5228 238 5293 (55
266 5227 349 5283 Deus.
366 5224 534 5299 Legenduin
555 5241 641 5280 erstem
666 5227 750 5297 putat
765 5224 980 5281 Welobmenus.
1037 5242 1068 5289 tt,
1084 5226 1120 5279 6:
1136 5224 1193 5279 Noe
1218 5227 1347 5296 rapinam
1369 5224 1519 5279 arbitratus
1543 5229 1584 5279 εει
1608 5238 1667 5279 esee
1687 5236 1758 5293 resp

193 5298 239 5365 (5e
276 5297 389 5354 idcirco.
413 5300 485 5353 Cum
511 5296 635 5367 Gagneo
661 5294 852 5377 supplemus:
882 5296 983 5351 ldrirm
1038 5293 1159 5361 Densis
1180 5295 1435 5367 interpretetur:«
1458 5280 1820 5365 ouamvtsseexueolitt

159 5384 247 5422 ueram
264 5372 351 5423 Deum
374 5370 491 5424 asseruit
515 5372 632 5439 (nempe
647 5368 809 5440 Scriptura)
832 5370 861 5421 et
875 5384 909 5422 ex
925 5384 981 5423 ms.
1037 5368 1128 5422 Deurn
1144 5383 1207 5421 sess
1223 5368 1417 5435 meminisset,
1434 5382 1588 5437 nunquam
1601 5382 1634 5423 ae
1652 5368 1705 5423 Deo
1717 5342 1820 5419 patenti

161 5438 224 5493 cod.
240 5437 352 5521 Anglie.
368 5442 482 5496 initium
495 5442 586 5509 potius
601 5445 627 5494 et
641 5441 821 5511 principium.
839 5438 945 5494 Patren.
1037 5440 1209 5509 corepurauit
1224 5444 1274 5493 eut
1289 5437 1422 5507 contulit,
1439 5453 1554 5493 memor
1568 5453 1601 5494 se
1614 5454 1680 5494 esse
1692 5452 1725 5493 ex
1737 5422 1821 5490 suttP‘·

195 5508 366 5579 (57)l1tius.
384 5512 517 5583 tegimus
529 5510 635 5566 iterum
652 5527 717 5565 oum
734 5511 876 5577 ngneeo;
893 5510 981 5565 Filius
1038 5514 1091 5572 tre.
1108 5513 1136 5564 et
1151 5508 1205 5564 boo
1219 5509 1317 5581 ipsum
1340 5510 1417 5582 quod
1442 5512 1497 5571 εει,
1514 5508 1622 5566 babere
1635 5524 1678 5577 εε,
1693 5494 1823 5637 puiaPtm

160 5588 252 5635 autem
274 5580 351 5635 nteit
375 5597 410 5637 aa
436 5582 554 5638 arbitrio
581 5598 629 5637 suo
655 5584 738 5653 perit,
767 5599 819 5655 pro
847 5597 881 5637 eo
925 5580 982 5637 uod
1037 5581 1340 5637 dedissetelilnneu.
1363 5580 1602 5639 bisinterea
1628 5580 1694 5639 uti
1716 5576 1815 5651 .tv,⁰⁸i

161 5649 355 5709 substituerat
376 5654 532 5711 Gelenius:
560 5652 631 5710 idam
654 5657 693 5710 εει
715 5652 832 5725 deniqne
854 5598 925 5725 parii
938 5654 982 5707 et·
1038 5654 1082 5724 19,
1098 5652 1153 5721 52,
1169 5667 1237 5725 pag.
1251 5652 1314 5709 519.

284 4938 428 4994 ebebunt:
455 4940 582 4997 Citra'stur
606 4944 696 4995 nutem
722 4956 777 4995 non
797 4942 982 5004 innotescam
1037 4942 1130 5010 putat¹
1148 4936 1639 5021 quodtotadivinitatisauotoritss
1654 4923 1817 4993 attinentis
