3892 6104
91 327 172 391 ttae
616 320 795 383 ANNALES
820 318 1015 383 ECCEESlAE
1036 316 1257 381 trutanam.
1722 320 1802 381 teat

89 462 146 520 ties
169 459 320 533 flagitatus
334 460 365 514 ot
388 455 530 531 quesitus
552 452 687 523 fuissem,
708 458 818 511 temere
840 470 919 509 com·
933 454 959 521 Α
976 449 1162 519 pennitteato
1177 448 1313 521 Domino,
1327 448 1559 507 convenerimus.
1570 449 1627 507 Sed
1641 452 1672 505 et
1684 450 1800 523 hugen-

93 552 250 607 nrittercm.
278 570 293 597 >r
316 546 441 619 Magnus
455 544 756 617 nempeethniooram
777 558 917 600 uumerus
970 541 1037 607 dus,
1058 538 1109 611 qai
1134 554 1188 595 neo
1205 538 1376 611 episcopam
1400 554 1452 595 aec
1475 536 1633 595 Ecclesiam
1656 537 1801 611 cogitans,

91 638 268 711 Carthagine
284 640 346 693 erat
356 652 390 691 ea
405 634 485 691 omni
500 635 613 700 ordine,
628 650 754 704 qaorum
769 632 857 689 etiam
874 632 916 688 iu·
971 630 1126 701 pariterue
1142 642 1210 683 oum
1225 626 1277 682 itlu
1292 626 1508 699 conspiratione
1522 632 1552 683 et
1565 625 1691 684 lectione
1704 628 1798 683 soola·

92 746 156 788 roro
173 727 354 800 proscriptus
370 724 465 780 iuerat
479 724 574 794 (Pont.
590 722 619 779 in
639 724 708 793 l'ito,
726 740 754 777 n.
764 722 805 795 7),
821 726 850 777 et
864 722 915 777 bo·
968 720 1021 792 vit,
1037 720 1063 775 si
1079 719 1154 775 altra
1168 736 1236 775 cum
1255 734 1288 776 eo
1304 718 1539 791 perseveraverit,
1566 717 1742 775 sententiam
1754 717 1796 775 le-

91 818 137 875 nis
161 814 300 874 omnibns
323 811 468 887 spoliatas
492 812 588 885 (Cypr.
612 811 697 883 epist.
721 810 767 882 69)
792 828 799 867 :
825 814 858 864 at
884 809 915 865 in
970 807 1177 881 rat,qaamille
1193 808 1265 864 inse
1280 806 1646 865 lnctiosasettcmerarius
1660 824 1797 881 prouoca-

92 898 914 977 tantoimproborumodioreete't'ortullusexislimaret,
970 898 1019 955 vit.
1045 899 1099 955 Sed
1123 900 1152 953 ct
1176 898 1312 970 quisquis
1334 914 1366 954 se
1390 895 1597 969 conspirationi
1626 900 1654 953 et
1678 896 1798 955 laotioni

90 996 212 1051 minime
227 995 291 1065 ejas
307 992 362 1046 viri
377 991 465 1045 vitam
482 1006 546 1045 esse
561 988 794 1062 periclitandam,
810 987 839 1042 in
856 1004 916 1061 qua
969 989 1034 1060 ejas
1050 987 1227 1059 adjunxerit,
1244 988 1319 1042 sciat
1333 1003 1365 1043 se
1380 986 1409 1041 in
1424 984 1553 1042 Ecclesia
1567 985 1723 1043 nobiscum
1738 1002 1797 1045 noa
1869 1012 1875 1027 .

87 1082 224 1141 Ecclesiae
238 1088 301 1137 tum
316 1080 397 1136 salus
413 1078 540 1135 marimo
555 1078 711 1134 uitabotur.
969 1094 1033 1135 esso
1052 1074 1404 1147 communicaturum,qui
1415 1079 1519 1148 sponte
1532 1074 1636 1131 maluit
1650 1076 1687 1133 ab
1702 1076 1797 1135 Eccle-

123 1208 172 1265 lll.
184 1206 240 1263 Sed
257 1208 327 1263 dum
344 1203 391 1260 his
404 1202 504 1276 populi
519 1203 652 1260 moribus
662 1202 824 1275 Cyprianus
836 1201 914 1259 dole·

87 1299 149 1363 bat,
161 1296 279 1369 gravius
291 1295 353 1365 jam
368 1292 479 1349 mulam
494 1292 625 1349 instabat
637 1308 654 1347 s
665 1290 843 1347 Felicissimo
853 1292 914 1347 civo

87 1383 321 1457 Carthaginiensi
344 1382 494 1455 opulento,
517 1382 679 1453 eodemque
692 1380 868 1443 Christiano,
884 1384 915 1437 at

86 1474 166 1531 vitiis
177 1479 287 1539 notato,
299 1476 328 1529 et
342 1472 441 1527 animo
451 1471 480 1526 in
491 1470 671 1543 Cyprianum
687 1470 912 1537 iniens0.Eorte,

87 1580 164 1621 anno
179 1564 312 1632 incante,
330 1560 536 1633 Carthaginem
559 1560 721 1632 Cyprianus
736 1575 803 1614 cam
828 1574 914 1630 peon·

87 1654 137 1709 nio
155 1652 275 1707 miserat
289 1650 442 1722 episcopos
457 1650 541 1713 duos,
558 1647 731 1704 Caldonium
751 1654 781 1703 et
804 1646 912 1703 Hercu·
1004 1648 1049 1704 lV.
1069 1648 1127 1703 Noc
1138 1664 1206 1703 vero
1221 1663 1303 1702 mors
1317 1646 1490 1717 interposita
1510 1644 1569 1701 alla
1587 1650 1641 1703 est.
1659 1646 1795 1723 Episcopi

87 1741 200 1805 lanum,
217 1755 344 1811 eamque
363 1737 410 1793 bis
433 1739 616 1810 presbyteros
638 1754 708 1794 suos
731 1734 912 1807 spectatieei·
967 1754 1127 1795 convenere
1142 1752 1209 1792 cum
1226 1734 1537 1809 presbyteris,Viotore
1552 1751 1669 1808 quoquo
1683 1736 1795 1811 collega

90 1846 165 1897 mos,
177 1827 372 1901 Rogatianum
388 1831 416 1882 et
430 1824 629 1893 Numidicam,
641 1846 655 1873 a
667 1824 716 1896 qai
728 1825 916 1880 necessitates
930 1826 954 1891 Β
969 1827 1119 1891 advocata,
1135 1826 1186 1896 qai
1201 1824 1348 1897 proxime,
1366 1828 1398 1879 at
1415 1824 1550 1891 arbitror,
1568 1823 1706 1883 Ecclesiae
1720 1844 1795 1899 pras·

86 1920 210 1973 irntrum
235 1918 389 1987 sumptibus
408 1917 496 1985 ipsios
520 1918 732 1986 expungerent,
758 1918 788 1968 et
812 1913 837 1967 ei
862 1913 911 1983 qai
966 1922 1054 1983 esset,
1072 1914 1260 1986 edictumque
1276 1913 1366 1985 hujus
1381 1913 1459 1968 modi
1474 1917 1795 1988 proposuerunt,oujus

83 2008 172 2063 etiam
196 2003 301 2061 vellent
328 2021 398 2059 suns
426 2008 505 2059 artes
531 2018 674 2069 exercere,
699 2002 910 2069 additamento,
966 2002 1134 2075 exemplum
1150 2006 1180 2058 et
1204 2003 1240 2057 ad
1266 2000 1442 2075 Cyprianum
1458 2004 1487 2057 et
1501 2001 1537 2057 ad
1553 2000 1794 2077 eliosepiscopos

85 2098 229 2168 qnantum
256 2092 328 2149 satis
352 2098 430 2149 essct
453 2091 598 2148 desideria
624 2106 725 2147 eoram
747 2092 909 2163 jtrvarent:
966 2093 1133 2148 mitteretur
1148 2092 1245 2163 (epist.
1271 2091 1317 2161 39,
1342 2092 1418 2146 inter
1443 2091 1537 2163 cypr.)
1566 2108 1573 2146 z
1597 2114 1612 2142 α
1636 2091 1793 2152 caldonius

83 2183 175 2241 sirnal
198 2185 285 2239 ctiam
311 2187 339 2237 et
367 2187 465 2237 etates
489 2198 590 2238 eorum
615 2185 645 2236 et
675 2180 855 2236 conditiones
882 2183 911 2235 et
965 2197 1032 2237 cum
1049 2178 1212 2236 Herculeae
1230 2186 1259 2235 et
1274 2179 1385 2235 Victore
1404 2177 1522 2251 collegis
1538 2179 1607 2235 item
1629 2180 1792 2255 Regaliano

85 2273 188 2329 merita
203 2273 412 2341 discernerent,
432 2286 491 2343 qao
507 2270 542 2326 de
555 2269 615 2325 illis
630 2270 736 2325 certior
750 2269 813 2339 ipse
828 2269 911 2326 fieret
964 2286 1033 2326 eum
1048 2268 1204 2324 Numidico
1219 2266 1620 2339 presbyterishbstinuimus
1631 2284 1791 2327 scomma·

81 2370 110 2420 et
133 2362 239 2434 dignos
256 2376 419 2432 »quosque
444 2376 477 2415 ae
499 2359 657 2415 virtutibus
682 2358 808 2414 maxime
830 2374 909 2413 com·
964 2358 1110 2414 nicatione
1124 2354 1341 2411 Felieissimum
1354 2360 1382 2411 ot
1395 2356 1581 2427 hagendam,
1597 2356 1667 2413 itam
1682 2358 1791 2431 Repos-

84 2452 236 2507 mendatos
251 2449 280 2504 in
297 2449 432 2505 Ecclesiae
448 2464 536 2504 usum
550 2452 638 2520 atque
662 2447 800 2503 solatiam
815 2447 911 2518 legere
962 2452 1027 2503 tum
1044 2445 1080 2502 de
1096 2445 1260 2501 extorribus
1272 2449 1301 2499 et
1314 2446 1428 2500 irenem
1444 2443 1610 2500 Rutiloram
1625 2449 1654 2501 et
1667 2445 1790 2505 Paulam

83 2544 182 2611 posset
196 2542 292 2611 (cypr.
308 2538 384 2610 epist
412 2538 467 2607 38).
483 2538 549 2593 tam
563 2553 630 2591 vero
645 2552 713 2591 enm
732 2534 774 2591 illi
791 2536 910 2591 manda·
963 2534 1194 2595 sarcinatricem,
1211 2532 1289 2604 quod
1313 2548 1348 2588 ex
1370 2531 1557 2589 adnotatione
1573 2549 1638 2589 mea
1652 2534 1726 2591 scire
1738 2536 1788 2593 de·

81 2633 122 2693 tn,
139 2644 203 2699 quse
215 2633 394 2695 receperant,
406 2626 562 2699 diligenter
577 2630 831 2697 persequerentur,
843 2639 909 2681 ecco
963 2624 1065 2681 buisti.
1081 2624 1154 2679 ltam
1169 2620 1368 2677 abstinuimus
1387 2620 1582 2693 sophronium
1599 2622 1736 2695 etipsam
1750 2624 1788 2683 ds

80 2715 136 2771 tibi
152 2717 352 2787 improborum
373 2716 501 2785 stipatos
524 2730 613 2769 manu
640 2712 838 2770 Felicissimae
852 2713 911 2785 epi·
963 2712 1138 2779 extorribus,
1170 2709 1332 2767 soliassum
1363 2708 1567 2767 budinarium.
1598 2733 1612 2761 »ι
1640 2711 1789 2772 Hactenus

82 2821 186 2876 scopos
211 2810 298 2876 atque
324 2804 508 2875 presbyteros
533 2818 664 2859 coercere
688 2803 802 2871 nititur,
818 2819 909 2859 ausus
964 2799 1193 2873 edictum,qualo
1209 2800 1245 2855 ad
1262 2816 1315 2855 nos
1328 2802 1460 2871 pervenit
1476 2816 1483 2857 :
1499 2799 1546 2857 oui
1560 2798 1646 2872 plura
1659 2804 1723 2857 tum
1737 2819 1789 2860 no·

81 2892 273 2957 intercedere,
289 2908 326 2947 ne
340 2892 408 2964 quie
423 2896 522 2963 posset
536 2890 673 2963 expungi,
689 2912 703 2942 n
717 2908 787 2947 nere
802 2906 910 2947 census
964 2891 1046 2946 mina
1060 2888 1228 2961 subscripta
1242 2888 1343 2959 luisse,
1353 2886 1437 2944 lacile
1450 2887 1631 2945 admiserim.
1642 2889 1789 2948 Eosulem

66 3022 69 3027 .
84 2978 163 3036 allus
177 2979 381 3037 institueretur
397 2998 403 3036 :
420 2980 457 3036 iis
471 2980 570 3049 etiam,
588 2979 638 3052 qai
653 2979 689 3035 ad
713 2979 819 3051 stipem
834 2978 910 3036 acei-
965 2976 1266 3053 promulgato,statim
1278 2976 1424 3049 apparuit,
1436 2976 1505 3049 quid
1519 2976 1718 3035 Felicissimae
1730 2996 1791 3038 mo

85 3070 223 3141 piendam
239 3073 432 3137 accesserant,
449 3092 463 3119 ι
484 3085 584 3125 secum
600 3070 630 3123 in
642 3072 741 3125 mente
757 3085 814 3125 non
830 3084 911 3125 corn·
965 3067 1078 3124 liretur.
1096 3066 1229 3138 Quinque
1244 3066 1323 3122 enim
1340 3064 1500 3139 presbyteri
1518 3066 1787 3141 Carthaginienses.

84 3158 298 3227 rnnnioataros,
315 3180 330 3209 ι
346 3158 396 3229 qui
420 3158 563 3231 Cypriane
583 3158 784 3229 obtemperare
798 3157 907 3214 voluis·
966 3156 1016 3230 qui
1042 3162 1128 3213 antea
1158 3156 1360 3229 pontillcatam
1383 3155 1525 3228 Cypriane
1552 3155 1665 3230 eripere
1692 3158 1788 3217 eonati

80 3251 156 3312 sent,
172 3267 187 3297 »
217 3246 424 3303 comminatur.
451 3248 513 3301 llaec
536 3247 567 3301 in
583 3262 652 3319 agro
672 3246 906 3319 Carthaginiensi
963 3246 1090 3313 inerant,
1106 3245 1126 3300 ii
1141 3261 1172 3300 se
1188 3243 1371 3301 Felicissimo
1386 3245 1451 3315 ejus
1466 3244 1662 3302 successionis
1677 3246 1786 3305 natesl·

79 3335 241 3409 contigisse
255 3336 399 3403 videntur,
424 3341 453 3390 et
472 3336 588 3391 ltontem
603 3335 652 3391 illc
666 3334 830 3408 appellasse
843 3351 904 3392 ere·
959 3351 1072 3410 gnanus
1088 3334 1285 3408 prebuerunt.
1301 3333 1405 3390 Fuisse
1419 3336 1517 3391 uatem
1533 3336 1784 3406 putanturl'ortu·

79 3424 168 3491 ditur,
185 3424 328 3497 prndium
350 3429 380 3480 et
401 3424 522 3479 domum
546 3441 631 3481 saum
655 3424 686 3480 in
710 3424 783 3481 collo
805 3426 903 3497 sitnm,
959 3422 1091 3491 natus,ie
1107 3424 1157 3496 qai
1173 3421 1278 3481 deindo
1293 3440 1309 3477 a
1324 3422 1449 3480 faotione
1464 3422 1619 3497 episcopus
1633 3424 1784 3499 Carthagi-

79 3528 145 3585 que
159 3516 222 3567 tum
238 3512 361 3569 tortasse
371 3512 545 3569 Christianis
556 3514 674 3584 patebat
683 3529 716 3570 eo
733 3516 903 3571 tutiuscon·
958 3513 1070 3570 niensis
1085 3512 1183 3569 dictas
1199 3516 1252 3569 est.
1269 3511 1409 3579 Noratas,
1423 3512 1471 3585 qrri
1490 3528 1558 3569 mox
1577 3512 1675 3570 Rome
1689 3512 1782 3573 Nora·

76 3600 273 3669 venientibus,
290 3602 368 3674 quod
381 3600 410 3658 in
437 3602 508 3658 urbe
523 3602 586 3659 sine
602 3600 731 3673 periculo
742 3608 903 3659 conventus
957 3602 1029 3658 tinni
1054 3606 1156 3657 auctor
1171 3600 1339 3657 schismatis
1356 3600 1420 3672 tuit,
1437 3604 1567 3657 Donatus
1587 3604 1616 3659 et
1643 3602 1781 3677 Gordius,

78 3690 263 3747 tunohoberi
281 3690 474 3764 nonpossint.
488 3691 558 3747 lude
572 3690 903 3765 etiaarllonatistas,qai
957 3708 1030 3764 quos
1044 3691 1206 3764 Cyprianus
1233 3706 1300 3745 cam
1327 3690 1485 3747 Fortunato
1510 3695 1539 3748 at
1561 3690 1672 3750 Novato
1692 3692 1729 3750 ad
1749 3708 1782 3752 se

77 3796 110 3835 se
125 3798 142 3835 a
157 3780 300 3837 catholice
315 3779 444 3836 Ecclesia
464 3780 574 3853 puriter
597 3780 813 3851 disjunxerunt,
829 3780 902 3837 llon·
958 3780 1115 3853 aliquunlo
1128 3779 1218 3837 simul
1243 3779 1394 3852 scripsisse
1418 3785 1561 3837 memorat
1579 3782 1675 3855 (epist.
1691 3784 1733 3855 5),
1748 3800 1782 3841 ao

76 3874 145 3925 tesca
160 3884 225 3925 csse
248 3867 420 3941 appellatos,
440 3867 577 3925 credibile
601 3874 647 3925 cst
669 3870 716 3941 (V.
739 3872 850 3942 Boron,
866 3872 904 3927 ad
957 3872 1077 3927 dearum
1092 3870 1178 3925 Caius
1194 3868 1242 3926 ille
1258 3868 1380 3939 ldeneis,
1401 3868 1552 3942 lapsorum
1570 3870 1677 3941 fautor,
1693 3888 1782 3945 quom

76 3974 125 4014 un.
144 3958 205 4023 tbi,
221 3975 250 4012 n.
270 3958 327 4029 38).
352 3958 390 4013 Ea
416 3974 512 4030 porro,
538 3962 571 4013 at
593 3958 755 4032 Cyprianus
775 3960 902 4033 rescivit,
956 3958 1113 4033 collegium
1139 3959 1375 4031 presbyterorum
1403 3957 1679 4032 Carthaginensium
1705 3977 1783 4019 auno

968 1254 1048 1311 illius
1064 1255 1177 1311 arabitu
1192 1253 1414 1326 circumscripta
1428 1256 1536 1319 essent,
1552 1252 1664 1311 litteras
1677 1256 1795 1313 easdem

968 1344 1173 1416 Carthaginem
1196 1345 1231 1401 ad
1254 1343 1364 1400 cleram
1388 1341 1548 1399 transmitti
1570 1342 1671 1415 jussit,
1687 1344 1796 1403 additis

969 1433 1139 1490 nominibus
1154 1449 1255 1489 eoram
1271 1432 1321 1506 qni
1337 1448 1405 1489 eam
1428 1430 1610 1489 Felicissimo
1625 1447 1658 1489 ee
1675 1432 1794 1505 junxis-

968 1528 1043 1579 sent.

77 4063 138 4103 non
153 4045 201 4102 ille
215 4046 338 4103 audacia
352 4047 482 4103 bominis
497 4046 664 4114 deterritus,
680 4047 731 4119 qui
746 4064 777 4103 se
797 4048 901 4106 ducem
956 4048 1106 4121 superiore
1121 4064 1139 4103 a
1152 4046 1245 4103 sacris
1261 4054 1432 4103 removerat.
1450 4048 1558 4104 llorum
1574 4048 1733 4123 saliragiis,
1750 4053 1784 4108 al

76 4136 213 4193 iectionis
228 4140 257 4191 ct
271 4135 422 4192 seditionis
444 4136 606 4209 prinoipem
635 4135 790 4192 temerario
806 4136 903 4195 lurore
956 4138 1083 4211 gratiam
1108 4136 1214 4193 reterre
1237 4136 1414 4204 viderentur,
1441 4134 1643 4193 Felicissimae
1666 4142 1782 4198 creatus

75 4224 232 4294 interebat,
243 4224 448 4280 auctoritatem
463 4241 548 4281 suam
563 4224 683 4297 impune
699 4226 857 4298 contemni,
873 4233 903 4285 ot
955 4231 1001 4284 est
1014 4228 1169 4283 diaconus:
1182 4226 1243 4292 Quo
1255 4230 1355 4281 autom
1373 4228 1533 4283 sectatores
1549 4226 1690 4285 baberent
1705 4228 1782 4287 mal·

74 4329 177 4386 pnoom
196 4311 328 4368 Ecclesia
344 4312 438 4368 inulto
462 4312 569 4370 scelere
585 4312 696 4369 turbari
712 4331 818 4387 passus
833 4321 900 4372 est:
956 4322 1012 4386 tos,
1028 4317 1116 4373 iidem
1132 4315 1229 4387 lapsos
1246 4312 1377 4381 inritare,
1394 4318 1423 4371 et
1437 4314 1526 4372 venie
1541 4332 1625 4389 spem
1644 4318 1783 4378 omnibus

77 4417 180 4457 verum
196 4402 231 4457 ad
248 4402 402 4473 episcopos
417 4407 446 4457 et
469 4402 654 4475 presbyteros
675 4404 803 4476 eosdem,
826 4421 902 4477 quos
956 4405 1050 4461 iacere
1063 4406 1222 4476 eruperunt.
1239 4402 1297 4461 Nee
1320 4402 1441 4459 deerant
1455 4401 1505 4475 qai
1521 4402 1608 4459 lldom
1625 4404 1782 4476 proditori·

72 4490 135 4545 illic
150 4489 258 4545 vicaria
281 4494 425 4563 potestate
449 4490 531 4563 iungi
555 4493 688 4563 jusserat
710 4493 902 4565 gravissimas
954 4495 1011 4551 bas
1022 4494 1209 4559 haberentet
1220 4491 1256 4548 ud
1267 4508 1367 4547 eoram
1380 4494 1476 4547 caetra
1486 4495 1676 4565 montemque
1687 4497 1782 4553 trans·

73 4580 189 4636 litteras
205 4579 296 4644 misit,
313 4578 421 4651 quibas
436 4579 541 4635 littaris
560 4585 590 4636 et
611 4580 790 4637 Felicissimo
809 4584 901 4641 sacris
916 4567 940 4634 ll
956 4585 1099 4655 lingerent.
1114 4579 1175 4637 Nisi
1190 4581 1266 4653 qaod
1282 4578 1456 4653 Cyprianus,
1475 4580 1512 4636 ad
1537 4596 1624 4653 quem
1639 4586 1781 4641 accurate

75 4668 379 4741 intrrrdicebat,etqui
391 4669 582 4740 ojusassocler
594 4670 792 4727 essentcidern
809 4690 901 4746 prenae
956 4670 1093 4727 derebus
1110 4669 1248 4725 omnibus
1264 4668 1367 4725 littere
1392 4684 1409 4725 a
1430 4669 1608 4743 presbyteris
1627 4672 1693 4745 ejus
1706 4688 1780 4745 prrs-

73 4756 216 4813 obaoxios
231 4757 291 4814 iore
307 4756 509 4829 minitabatur,
520 4758 577 4815 nisi
591 4757 675 4814 illam
692 4760 900 4820 deseruissent.
955 4759 1171 4829 scribebantur,
1194 4756 1333 4831 praeclara
1360 4757 1486 4831 epistola
1499 4757 1614 4831 plebem
1639 4762 1667 4817 ln
1684 4760 1781 4818 olllelo

76 4846 207 4913 lotorim,
227 4847 325 4919 inquit
339 4846 439 4920 (epist.
455 4848 511 4917 38),
529 4864 595 4903 carn
611 4846 804 4906 Filioissimas
819 4866 900 4907 oom-
956 4849 1103 4907 continere
1118 4850 1240 4904 constas
1255 4852 1300 4905 est
1327 4846 1421 4919 (epist.
1438 4848 1493 4919 10).
1510 4871 1524 4897 a
1543 4849 1658 4920 Pacem,
1674 4848 1781 4919 siebat,

75 4934 208 4992 minatus
222 4935 328 4991 sitnon
344 4936 615 4993 communicaturae
629 4936 660 4993 in
676 4942 774 4995 nrorrte
789 4956 900 5012 secum,
956 4954 1034 4995 nunc
1049 4938 1186 5005 offerunt,
1202 4936 1252 5009 qai
1269 4936 1325 5010 ipsi
1341 4954 1398 4995 aon
1415 4936 1525 4995 hebent
1539 4954 1638 5011 pacem
1656 4954 1663 4995 :
1683 4938 1713 4995 ia
1728 4940 1782 4997 Eo·

74 5022 126 5095 qni
141 5024 226 5080 nobis
241 5024 538 5097 obtemperassent,id
550 5026 653 5097 estqui
670 5027 754 5084 nobis
770 5044 901 5085 eonuna-
955 5027 1074 5085 alesiam
1089 5026 1189 5101 lapsos
1204 5027 1384 5083 reducerent
1399 5042 1531 5084 revocare
1542 5025 1784 5101 promittant,qai

75 5114 218 5181 nicarent,
235 5112 359 5185 accipiat
375 5114 559 5182 sententiam,
575 5132 664 5187 quam
680 5116 761 5188 prior
775 5116 859 5185 dixit,
871 5121 903 5174 ut
955 5117 991 5173 de
1007 5116 1135 5173 Ecclesia
1150 5120 1343 5187 recesserant,
1358 5116 1486 5173 addebat
1500 5119 1529 5173 et
1548 5114 1610 5183 illa,
1626 5132 1690 5189 qua
1710 5116 1783 5175 alios

74 5202 286 5258 abstentumec
301 5219 318 5258 s
332 5202 418 5259 nobis
434 5204 517 5272 sciat,
527 5204 643 5276 quando
658 5206 693 5260 ad
711 5204 827 5262 fraudes
838 5206 902 5277 ejus
956 5206 1066 5279 erigere
1089 5206 1212 5278 possint,
1228 5204 1302 5261 alios
1326 5206 1471 5263 deterrere
1497 5224 1504 5262 :
1530 5227 1545 5255 a
1571 5205 1784 5265 Persecutionls

73 5295 104 5347 et
127 5290 257 5363 rapinas,
293 5307 367 5363 quas
397 5290 526 5348 dilucida
548 5294 668 5349 veritate
701 5294 901 5368 cognorimus,
957 5293 1785 5369 istiusuoaissimaboeeestetextrenrsteatatio,quset

75 5378 214 5437 adulterii
229 5378 318 5436 etiam
334 5378 446 5435 crimen
461 5380 581 5447 accedit,
597 5382 674 5454 quod
691 5384 794 5440 iratres
810 5385 926 5442 nostri·
957 5385 1021 5457 ipsa
1034 5384 1101 5453 cito,
1119 5382 1241 5441 Domino
1257 5388 1440 5457 protegente,
1463 5383 1610 5449 transibit,
1627 5388 1659 5441 at
1683 5402 1785 5459 repre·

74 5466 242 5543 gravesviri
255 5468 483 5542 deprehendisse
497 5471 637 5527 imae
647 5472 863 5541 nuntiaverunt,
875 5481 904 5532 et
957 5482 1056 5531 sentor
1073 5474 1155 5531 vobis
1170 5477 1236 5547 post
1252 5473 1369 5531 Pascha
1385 5474 1464 5531 diem
1479 5490 1547 5531 cum
1563 5472 1682 5549 collegis
1698 5476 1783 5549 meis,

75 5557 295 5631 probaturosso
308 5559 593 5624 asseveraruntoaro
607 5561 785 5617 omnintunc
800 5580 902 5635 cogno·
957 5566 1065 5639 quibas
1091 5564 1285 5637 presentibus
1309 5565 1471 5623 secundam
1498 5566 1650 5623 arbitrium
1666 5584 1784 5643 quoque

77 5662 208 5716 scamas,
223 5646 342 5721 quando
357 5648 387 5703 in
404 5664 497 5705 anum
521 5664 589 5707 oum
614 5649 733 5723 collegis
757 5651 903 5725 pluribus,
957 5660 1087 5713 vostrum
1102 5659 1131 5713 et
1144 5654 1277 5713 omniurn
1293 5660 1427 5713 nostrum
1443 5672 1599 5714 commane
1613 5656 1781 5727 consilium,

969 1168 1014 1223 sia
1030 1165 1168 1239 separari.
1188 1188 1202 1213 »ι
1218 1164 1284 1221 Haee
1304 1180 1371 1221 vero
1385 1181 1422 1220 ns
1438 1163 1538 1237 paucis
1554 1167 1623 1221 nota
1637 1168 1666 1221 et
1688 1166 1797 1224 Montis
1900 1232 1904 1247 Ι
1925 1226 1930 1237 ,
