3892 6104
161 291 199 352 aa
735 285 993 350 ulssuararlo
1013 287 1288 352 APOLOCETICA
1825 294 1867 355 96

158 420 245 478 eliam
259 420 288 476 in
307 420 342 476 iis
359 420 444 478 libris
459 435 532 493 quos
543 423 666 488 constat,
678 423 832 493 postquam
847 419 884 476 ad
900 420 981 475 Mon·
996 420 1190 488 Allareticos
1217 419 1295 478 anim
1334 420 1567 477 Christianorum
1596 434 1730 489 numero,
1759 422 1865 480 eodem

156 511 217 568 tani
235 510 341 582 dogma
355 509 492 582 delapsus
507 510 604 574 est,ab
615 526 648 566 eo
663 509 754 567 luisse
770 507 979 582 promulgatos,
1035 508 1109 565 libro
1126 511 1191 582 (73),
1209 515 1307 582 aperte
1323 509 1472 565 submovit
1497 526 1504 565 ι
1528 532 1542 560 «
1566 510 1620 565 Sed
1644 510 1720 566 dicet
1744 511 1863 584 aliquis,

157 599 285 654 scribare
298 614 450 671 nunquam
466 614 556 653 ausus
580 599 694 667 suisset,
711 598 762 671 qui
782 616 813 655 se
827 615 885 654 nen
903 598 978 654 exis·
1035 599 1123 654 etiam
1140 599 1175 654 de
1190 599 1298 655 nostris
1311 600 1447 655 excedere
1467 599 1610 671 quosdam
1627 616 1644 655 a
1660 599 1762 672 regula
1775 601 1866 657 disci·

156 687 292 743 timasset
306 688 336 743 in
353 686 458 742 iisdem
475 702 542 742 cum
558 687 695 744 Ecclesiis
715 688 882 760 apostolicis
912 687 979 744 fidei
1035 687 1122 759 plina
1133 704 1138 742 :
1150 688 1288 743 desinunt
1302 693 1365 744 tum
1381 687 1536 744 Christiani
1557 687 1657 744 haberi
1673 704 1763 761 penes
1778 706 1863 747 nos.»

157 776 345 848 dogmatibus
361 776 588 832 communicare.
605 777 667 833 Non
684 776 838 849 ignorabat
852 776 979 848 profecto
1035 776 1100 832 Hac
1114 776 1203 848 igitur
1216 776 1353 843 Ecclesia,
1370 778 1517 849 cujusper
1530 780 1625 833 totum
1641 777 1750 834 librum
1767 779 1864 835 incul-

158 863 367 929 Tertullianus,
383 880 487 920 nevam
501 864 537 920 ab
552 865 681 922 Ecclesia
702 866 831 921 Romana
845 866 979 922 damnari
1035 868 1119 936 patos
1157 864 1420 936 sanctissimosque
1458 880 1554 922 mores
1592 865 1741 933 describit,
1773 870 1862 940 atque

157 952 208 1008 92
233 951 428 1024 prophetiam,
454 960 482 1009 et
505 952 677 1026 inciplinam
701 954 860 1026 reprobari,
890 971 978 1027 quam
1033 956 1143 1021 tuctur,
1160 957 1189 1009 et
1212 970 1227 1010 e
1252 954 1337 1024 cujus
1358 955 1425 1010 sinu
1450 953 1569 1024 multos,
1595 955 1647 1025 ait,
1670 955 1699 1011 id
1720 947 1862 1030 temporis

117 1033 121 1041 ’
159 1040 651 1110 Montanusinvexerat;ettamen
677 1043 814 1100 Romana
833 1044 978 1110 Ecclesia,
1033 1040 1264 1113 innumerosque
1280 1047 1422 1116 martyres
1437 1043 1727 1116 prodiisse,quorum
1741 1047 1864 1120 sangnis

158 1131 187 1185 et
208 1133 378 1186 ceterarum
401 1129 627 1202 apostolicarum
652 1134 855 1190 auctoritatem
870 1133 980 1205 ubique
1035 1147 1133 1187 semen
1149 1135 1210 1187 erat
1225 1131 1469 1200 Christianorum,
1486 1149 1581 1204 neque
1607 1133 1759 1191 hereticos
1782 1152 1862 1193 com-

157 1219 305 1291 pradicat,
322 1219 489 1292 mirumque
511 1222 540 1276 in
569 1221 691 1277 modum
719 1220 841 1290 extollit,
871 1237 979 1294 eosque
1035 1218 1231 1291 plectebatur,
1271 1236 1366 1293 nequa
1394 1220 1473 1277 solos
1502 1221 1708 1292 Montanistas,
1737 1224 1788 1280 sed
1817 1224 1862 1281 vel

157 1323 175 1362 a
189 1307 462 1376 christianismum
478 1308 654 1381 apostolicis
664 1314 694 1366 et
708 1327 725 1366 a
739 1310 853 1367 Christo
868 1310 980 1367 alienos
1035 1308 1161 1365 maxime
1176 1308 1349 1377 Catholicae,
1365 1309 1416 1380 qui
1431 1314 1523 1367 ubest
1537 1312 1614 1383 apud
1629 1312 1767 1368 eumdem
1788 1315 1861 1370 Ter·

158 1411 223 1452 esso
239 1397 377 1465 decernit,
394 1397 444 1469 qui
460 1414 517 1454 non
532 1397 564 1455 in
579 1413 668 1454 unam
683 1400 876 1470 eamdemque
891 1400 979 1455 fldem
1034 1396 1192 1454 tullianum
1218 1399 1286 1469 (74),
1313 1399 1349 1455 de
1364 1396 1552 1455 multitudine
1573 1399 1784 1473 gloriabantur,
1799 1407 1861 1459 ete

158 1500 225 1540 eum
244 1485 378 1542 Ecclesiis
394 1485 560 1558 apostolicis
575 1488 898 1561 conspiraverint.0uod
914 1505 980 1561 pro·
1036 1486 1144 1558 quibus
1155 1487 1580 1561 ceronataqinnumerespre
1593 1488 1658 1545 aliis
1672 1490 1760 1548 sectis
1771 1490 1862 1549 fuisse

160 1573 235 1629 lecto
251 1573 415 1631 certissimo
429 1579 474 1631 ast
488 1581 671 1648 argumento,
689 1593 746 1632 nen
766 1576 857 1633 luisse
871 1581 980 1634 Monta-
1037 1579 1179 1648 martyres
1193 1579 1356 1632 coronatos.
1374 1576 1511 1632 Attamen
1527 1593 1606 1645 eum,
1621 1578 1796 1636 Tertulliani
1809 1581 1860 1651 ju·

93 1662 97 1669 ‘
161 1662 248 1718 aistis
263 1679 448 1734 persuasum,
464 1663 884 1723 seahEcclesisiaecathelica
900 1683 980 1724 oom·
1036 1663 1120 1731 dicio,
1150 1680 1206 1737 quo
1234 1668 1365 1737 tempore
1398 1664 1617 1738 apologeticum
1653 1668 1859 1741 promulgavit,

162 1753 303 1810 munione
317 1756 347 1808 in
362 1753 398 1810 iis
414 1771 477 1826 quae
492 1755 558 1811 lidei
573 1760 652 1821 sunt,
668 1756 819 1813 excidisse.
997 1786 1021 1852 B
1036 1769 1141 1825 nempe
1154 1752 1184 1808 in
1200 1753 1296 1810 medio
1325 1757 1397 1810 aestu
1422 1754 1643 1827 persecutionis,
1665 1756 1723 1829 ipsi
1744 1774 1862 1830 quoque

196 1841 335 1915 Denique,
350 1849 382 1900 ut
395 1842 551 1901 innumera
565 1845 785 1917 praetermittam
800 1863 863 1918 qua
878 1845 936 1903 huo
951 1847 982 1902 in
1037 1841 1219 1898 Montanistao
1247 1842 1462 1899 Catholicorum
1499 1860 1622 1901 numero
1659 1851 1859 1917 censerentur,

161 1931 294 1988 eamdem
308 1933 484 1988 sententiam
500 1933 596 1989 afferri
618 1938 747 2006 possent,
762 1951 861 1991 veram
876 1934 982 1992 Christi
1037 1930 1226 1987 manifestum
1241 1934 1295 1997 est,
1320 1948 1354 1987 ex
1377 1932 1414 1988 iis
1440 1935 1470 1988 et
1491 1933 1568 1990 veris
1593 1933 1748 1991 Catholicis
1771 1952 1863 1993 uuam

157 2019 318 2077 Ecclesiam
333 2037 391 2076 non
406 2019 496 2077 luisse
518 2021 691 2078 Tertulliani
704 2023 815 2094 judicio
837 2023 873 2079 ad
888 2023 982 2080 solam
1036 2020 1236 2091 eamdemque,
1253 2034 1287 2075 ex
1308 2021 1373 2091 ejus
1397 2021 1543 2078 sententia
1566 2022 1674 2079 Christi
1703 2023 1862 2081 Ecclesiam

158 2109 404 2167 Montanistarum
421 2114 530 2167 sectam
547 2115 735 2180 coarctatam,
752 2113 803 2168 sed
818 2112 982 2171 Catholicae
1036 2109 1212 2176 constitisse,
1229 2125 1292 2181 qua
1308 2108 1375 2165 licet
1390 2109 1498 2182 ubique
1521 2126 1579 2168 non
1601 2112 1719 2168 easdem
1734 2113 1855 2169 omnino

160 2215 277 2272 quoque
291 2199 328 2255 ad
345 2215 436 2254 unum
455 2199 592 2271 idemque
613 2199 746 2256 Ecclesia
773 2218 880 2275 corpus
893 2204 983 2274 perti·
1036 2197 1359 2256 moruminstitutiones
1372 2202 1528 2271 usurparet
1539 2217 1546 2256 ε
1558 2215 1651 2255 unum
1665 2204 1763 2258 teman
1773 2200 1864 2258 idem·

161 2287 981 2361 nuisse,cujusmembraquamvisnoneasdemomnino
1037 2303 1093 2360 que
1117 2286 1267 2359 religionis
1291 2303 1399 2359 corpus
1428 2288 1574 2345 censenda
1605 2293 1692 2360 esset,
1727 2291 1805 2362 quod
1828 2291 1860 2348 in

161 2380 344 2434 sectarentur
359 2393 474 2433 morum
489 2376 688 2434 institutiones
709 2378 810 2436 eadem
833 2379 982 2436 nihilomi-
1037 2376 1138 2432 eadem
1154 2375 1222 2432 fidei
1237 2376 1375 2449 dogmata
1398 2377 1589 2452 conspiraret,
1604 2377 1769 2451 iisdemque
1792 2379 1861 2436 fidei

161 2483 218 2523 nus
232 2466 301 2531 fide,
316 2465 480 2538 iisdemque
495 2466 687 2523 sacramentis
707 2466 781 2524 inter
808 2485 840 2525 se
863 2468 982 2542 colliga·
1037 2465 1229 2534 sacramentis
1244 2469 1383 2521 uteretur.

160 2560 277 2624 rentur;
294 2571 328 2613 ea
342 2554 506 2611 luculenter
516 2556 686 2625 ostendunt,
698 2573 762 2628 quae
773 2557 808 2614 de
823 2557 982 2614 Christiani
1073 2553 1265 2610 Vlll·T01'ti⁰
1289 2555 1452 2611 notandum
1478 2558 1535 2621 0⁸²,
1558 2555 1587 2610 id
1611 2556 1689 2628 quod
1714 2555 1802 2613 etiam
1827 2572 1864 2613 01

159 2643 288 2701 nominis
299 2644 489 2717 Ecclesiaque
499 2644 693 2718 amplitudine
704 2646 984 2705 adversusethnicos
1039 2642 1199 2717 premissis
1223 2646 1326 2715 sponte
1352 2659 1407 2699 sua
1435 2643 1612 2716 profiscitur,
1644 2644 1863 2701 catholicorum

160 2733 295 2806 disputat
308 2734 365 2806 (72)
382 2750 389 2791 :
406 2755 421 2785 a
435 2733 567 2790 Hesterni
592 2750 707 2805 sumus,
732 2738 760 2791 et
775 2737 870 2791 vestra
885 2735 984 2793 omnia
1038 2738 1181 2806 martyres
1191 2732 1309 2787 luisssa
1325 2731 1513 2790 Montanistis
1526 2749 1579 2805 pro
1591 2732 1669 2790 veris
1683 2733 1865 2807 martyribus

160 2821 373 2895 implevimus:
391 2823 489 2890 urbes,
509 2821 633 2891 insulas,
661 2822 791 2895 castella,
813 2825 983 2899 municipia,
1038 2822 1239 2886 estimatoset
1249 2821 1284 2877 ad
1296 2838 1396 2878 eorum
1408 2822 1615 2893 quoquomodo
1625 2823 1865 2879 communionem

163 2911 368 2978 conciliabula,
389 2914 486 2968 castra
504 2913 579 2984 ipsa,
607 2911 712 2980 tribus,
742 2913 885 2983 decurias,
903 2915 985 2987 pala·
1039 2911 1116 2967 viam
1140 2911 1300 2968 affectasse.
1331 2909 1496 2968 Catholicos
1525 2911 1644 2984 quidam
1675 2915 1819 2985 martyres
1848 2928 1867 2967 a

162 3003 238 3058 tium
269 3006 416 3071 sonatum,
445 3002 539 3057 torum
560 3019 567 3071 ;
588 3000 652 3057 sola
679 3002 762 3058 vobis
791 3001 985 3074 relinquimus
1040 2999 1866 3069 Montanistarumcommunioneabhorruisse,memoriae

164 3089 283 3163 templa.
299 3090 350 3146 Cui
368 3089 441 3146 bello
458 3107 515 3147 non
539 3089 645 3162 idonei,
662 3107 719 3147 non
733 3093 862 3164 prompti
877 3092 985 3151 luisse·
1041 3089 1170 3163 prodidit
1184 3089 1318 3146 asterius
1343 3088 1488 3156 Urbanus,
1506 3105 1564 3146 noa
1580 3089 1650 3146 item
1674 3088 1866 3146 Montanistas

163 3194 241 3244 mus,
258 3178 345 3233 etiam
361 3177 488 3250 impares
503 3178 605 3250 copiis,
618 3179 668 3250 qui
683 3183 743 3235 tam
756 3179 880 3236 libenter
894 3181 984 3238 truci·
1001 3149 1022 3217 c
1040 3177 1255 3234 Catholicorum
1271 3181 1432 3250 martyrum
1451 3179 1689 3235 communionem
1702 3193 1767 3235 esse
1782 3194 1865 3235 aver·

162 3265 306 3338 damur‚si
321 3281 379 3321 non
394 3267 471 3339 apud
487 3266 574 3323 istam
591 3266 777 3340 disciplinam
790 3269 987 3341 magisoccidi
1040 3272 1121 3324 satos
1136 3267 1193 3338 (75)
1209 3284 1216 3323 :
1234 3290 1248 3317 «
1265 3267 1471 3336 Quamobrem,
1497 3267 1605 3340 inquit,
1631 3267 1866 3340 quotiescunque

162 3356 271 3421 liceret,
286 3371 374 3427 quam
391 3356 544 3413 occidere?
559 3355 713 3413 Potuimus
732 3361 761 3413 et
779 3357 917 3427 inermes,
934 3375 987 3415 nec
1040 3355 1174 3413 Ecclesiae
1185 3355 1282 3411 viriad
1294 3356 1465 3428 martyrium
1475 3356 1866 3428 proveralldesubeundum

165 3444 297 3515 rebelles,
314 3444 364 3500 sed
381 3444 585 3501 tantummodo
601 3445 750 3519 discordes
765 3444 857 3502 solius
872 3446 987 3502 divortii
1041 3445 1150 3513 vocati,
1162 3461 1221 3500 nna
1236 3461 1303 3500 cnm
1320 3444 1497 3515 quibusdam
1523 3445 1559 3501 de
1582 3444 1731 3518 Phrygum
1751 3443 1867 3512 heresi,

166 3533 276 3589 invidia
291 3533 431 3589 adversus
450 3550 501 3589 voe
518 3534 683 3591 dimicasse.
701 3535 730 3590 Si
746 3535 823 3591 enim
848 3539 931 3592 tanta
944 3536 988 3592 vis
1042 3535 1092 3608 qui
1119 3537 1262 3606 martyres
1292 3532 1439 3601 dicuntur,
1464 3550 1533 3589 casu
1569 3534 1696 3606 quodam
1733 3533 1866 3602 coierint,

165 3622 320 3678 hominum
335 3621 366 3677 in
382 3620 600 3694 aliquemorbis
615 3623 718 3678 remoti
738 3623 837 3680 sinum
853 3625 988 3698 abrupis-
1043 3639 1159 3695 semper
1185 3623 1222 3678 ab
1249 3620 1307 3678 illis
1331 3621 1511 3678 dissentiunt
1542 3639 1549 3679 ε
1578 3626 1606 3678 et
1629 3621 1866 3680 communionem

167 3727 267 3767 semus
289 3727 306 3765 a
327 3710 420 3776 vohis,
447 3710 620 3766 suffudisset
635 3711 737 3785 utique
757 3712 988 3770 dominationem
1043 3729 1143 3770 eorum
1155 3710 1279 3768 sollicite
1289 3711 1425 3781 vitantes,
1437 3709 1600 3782 gloriosum
1611 3711 1744 3785 martyrii
1759 3710 1868 3769 exitum

165 3803 293 3855 vestram
308 3802 353 3853 tot
368 3798 616 3872 qualiumcunque
644 3800 765 3857 amissio
784 3800 892 3858 civium
907 3819 914 3870 ;
931 3803 989 3859 imo
1044 3806 1285 3873 consequuntur;
1301 3799 1410 3872 quippe
1427 3800 1477 3872 qui
1494 3799 1624 3855 Montani
1640 3804 1669 3855 et
1683 3798 1870 3856 muliercula-

166 3889 254 3945 etiam
271 3893 300 3944 et
314 3887 379 3960 ipsa
393 3887 583 3944 destitutione
605 3888 739 3961 punisset
755 3907 762 3959 3
778 3889 880 3962 procul
901 3891 990 3947 dubio
1045 3907 1109 3947 rum
1122 3889 1239 3963 spiritui
1250 3904 1405 3945 assensum
1414 3888 1600 3945 commodare
1612 3888 1693 3945 netas
1701 3888 1871 3944 ducantlt·

167 3976 358 4050 expavissetis
374 3977 410 4032 ad
427 3976 617 4034 solitudinem
633 3982 770 4050 vestram,
786 3979 823 4035 ad
839 3977 990 4036 silentium
1046 3996 1103 4052 que
1113 3979 1141 4034 id
1150 3994 1251 4034 verum
1262 3993 1327 4033 esee
1339 3981 1453 4033 constat
1462 3993 1497 4033 ex
1508 3976 1545 4033 iis
1560 3993 1623 4049 qua
1634 3981 1735 4034 nostra
1744 3980 1827 4032 atate
1837 3975 1870 4032 in

167 4083 277 4134 rerum,
294 4070 322 4121 et
336 4070 486 4138 stuporem
501 4067 660 4138 quemdam
673 4067 758 4139 quasi
773 4072 894 4125 mortua
910 4069 992 4127 urbis
1047 4069 1119 4124 urbe
1131 4069 1332 4140 llpameaqua
1348 4066 1384 4121 ad
1396 4065 1568 4122 Meandrum
1580 4066 1637 4122 sita
1646 4070 1788 4139 oetgeate
1799 4069 1871 4122 sunt

170 4155 352 4228 quaesissetis
367 4155 475 4227 quibus
490 4155 520 4211 in
536 4173 570 4213 ea
584 4156 793 4228 imperassetis.
812 4157 913 4214 Plures
928 4158 992 4215 hos·
1046 4157 1145 4214 aCaio
1174 4160 1202 4212 et
1229 4155 1393 4211 Alexandro
1408 4154 1597 4229 martyribus,
1613 4153 1747 4212 oriundis
1762 4154 1870 4210 Eume·

170 4249 216 4301 tas
236 4262 324 4318 quam
349 4245 426 4302 cives
453 4245 536 4303 vobis
569 4246 790 4314 remansissent,
806 4263 885 4303 nunc
913 4247 992 4303 enim
1047 4246 1106 4303 nia.
1124 4268 1138 4297 ν
1155 4245 1249 4316 Hujus
1265 4260 1379 4317 quoque
1391 4245 1433 4300 rei
1449 4244 1606 4301 manifesta
1619 4243 1704 4300 nobis
1719 4259 1755 4300 ex
1767 4243 1871 4301 eodem

171 4334 324 4409 pauciores
348 4335 447 4391 hostes
471 4334 586 4392 hahetis
602 4352 660 4408 pra
682 4335 838 4392 multidine
853 4334 991 4391 Christia-
1047 4333 1227 4392 Tertulliano
1243 4337 1405 4406 suppetunt
1433 4337 1607 4406 argumenta
1632 4348 1639 4388 ε
1663 4331 1810 4405 imprimis
1836 4349 1874 4390 ex

172 4442 277 4481 norum
296 4442 370 4498 pene
396 4425 530 4482 omnium
551 4425 669 4496 civium,
692 4441 766 4498 pene
792 4440 893 4481 omnes
916 4424 993 4482 cives
1046 4423 1121 4480 libro
1141 4424 1177 4479 ad
1199 4423 1351 4496 Martyres,
1375 4422 1424 4495 qui
1449 4438 1515 4477 cum
1533 4422 1645 4478 furente
1669 4421 1873 4493 persecutione

169 4512 351 4571 Christianos
376 4514 520 4572 hahendo.
550 4515 606 4572 Sed
641 4515 741 4572 hostes
770 4512 916 4570 maluistis
943 4512 1257 4582 vo-Deditueluerit,
1283 4510 1397 4568 nullum
1420 4511 1543 4567 dubium
1565 4510 1872 4581 estquinadeorum

169 4602 229 4658 cari
256 4603 372 4675 generis
400 4602 523 4660 humani
556 4603 655 4677 potius
684 4619 772 4677 quam
802 4602 909 4660 erroris
937 4602 993 4659 hu·
1049 4601 1171 4660 classem
1186 4602 1340 4674 pertineat,
1358 4617 1432 4673 qnos
1460 4600 1531 4655 dum
1559 4598 1589 4655 in
1619 4599 1750 4655 Montani
1767 4599 1875 4656 castris

168 4690 260 4747 mani.
283 4713 295 4745 ι
317 4694 384 4748 Hac
403 4690 440 4747 ds
460 4689 530 4748 solis
549 4692 739 4749 Montanistis
769 4691 892 4765 intelligi
923 4709 994 4749 sane
1050 4691 1199 4760 militaret,
1216 4690 1405 4746 elucubravit.
1421 4689 1538 4746 Certum
1555 4691 1653 4744 autem
1668 4686 1875 4760 imprimisest

170 4797 229 4837 non
258 4784 393 4853 possunt.
423 4780 581 4854 Nunquam
610 4781 688 4838 enirn
728 4781 789 4837 hae
818 4786 897 4838 senta
923 4783 994 4838 adeo
1049 4782 1127 4839 hunc
1138 4781 1245 4836 librum
1260 4779 1385 4847 veris,ex
1399 4776 1572 4834 Tertulliani
1583 4793 1701 4850 quoque
1714 4776 1872 4851 sententia,

171 4869 312 4944 pomoeria
326 4886 380 4925 sua
394 4867 538 4926 dilatavit.
566 4870 621 4926 Sed
650 4885 743 4942 neque
771 4870 994 4928 deChristienis
1049 4869 1157 4926 Christi
1171 4868 1349 4941 martyribus
1376 4867 1467 4922 luisse
1493 4870 1709 4938 nuncupatum,
1742 4869 1775 4921 ut
1799 4882 1876 4939 quos

170 4963 258 5034 prout
285 4957 373 5014 etiam
403 4957 531 5014 haretici
561 4958 615 5015 hoc
644 4957 762 5015 nomine
795 4959 993 5017 continentur.
1049 4956 1214 5014 innumeris
1228 4956 1366 5012 laudibus
1380 4953 1524 5025 cumulat,
1536 4959 1565 5010 et
1578 4953 1747 5010 benedictos
1761 4954 1875 5026 passim

205 5122 474 5250 (72)Ass0109.,cap.
490 5118 536 5176 37.
1051 5122 1154 5187 οῦνται,
1180 5113 1220 5172 be
1242 5115 1274 5170 τὸ
1300 5110 1740 5202 μὴηβούλεσθαιυσνγκατᾷιθέσθαι
1767 5115 1807 5183 τῷ
1832 5108 1879 5201 8,ιᾶ

217 5197 289 5267 73)Ι
314 5194 365 5262 id,
382 5209 446 5264 cap.
461 5192 504 5246 lb.
1051 5193 1190 5245 Μοντανοῦ
1227 5187 1273 5241 καὶ
1311 5207 1365 5240 των
1400 5204 1537 5271 quaeratur
1567 5201 1719 5256 ·πνευματι,
1749 5181 1793 5238 καὶ
1834 5185 1877 5238 δτι

215 5268 263 5335 74)
276 5266 338 5322 Lib.
355 5265 389 5320 de
404 5266 529 5338 lejumtt,
546 5278 610 5334 cap.
627 5262 671 5318 le.
1050 5267 1130 5318 τοῦτο
1147 5259 1246 5331 ἀληθὲς
1263 5257 1306 5313 καὶ
1323 5256 1366 5311 ἐπὶ
1380 5277 1434 5311 των
1448 5259 1589 5331 hyre-cepero
1604 5255 1712 5332 χρόνων
1739 5253 1765 5309 ἐν
1790 5256 1876 5310 ’Arca-

216 5339 262 5408 75)
291 5338 368 5398 Ὅθεν
392 5355 435 5390 τοι
459 5335 504 5390 καὶ
533 5332 639 5388 ἐπειδάν
662 5334 688 5387 ol
721 5331 765 5388 ἐπὶ
787 5333 819 5388 τὸ
847 5340 899 5402 τῆς
929 5335 996 5391 κατὰ
1053 5335 1114 5408 μνείᾳ
1134 5335 1169 5404 τῇ
1201 5331 1268 5406 πρὸς
1298 5325 1444 5405 Μαιάνδρῳ
1473 5349 1522 5402 roy
1546 5326 1601 5382 άνει
1650 5327 1822 5401 seraptem,
1848 5326 1874 5382 ἐν

174 5404 301 5476 &triberos
341 5405 456 5468 πίστεως
490 5404 637 5482 μαρτύριον
675 5403 820 5474 κληθέντες
856 5405 909 5459 ἀπὸ
944 5414 994 5477 τῆς
1049 5413 1108 5469 τοῖς
1136 5404 1198 5529 appi
1238 5405 1314 5457 Γάϊον
1347 5401 1392 5455 καὶ
1417 5347 1593 5474 Ἀλεξανξρον
1628 5348 1680 5454 leh
1713 5398 1876 5526 ΕὐΓενείας,

173 5477 336 5548 Ἐκκλησίας
365 5477 470 5553 τύχωσι
502 5478 569 5550 μετά
593 5497 674 5531 τινων
704 5480 756 5530 τῶν
788 5475 841 5530 ἀπὸ
868 5483 918 5546 τῆς
940 5484 993 5533 τῶν
1053 5496 1263 5553 μαρτνρραντι,
1292 5470 1443 5550 πρόδηλον.
1482 5474 1565 5545 Apud
1595 5473 1711 5542 Euseb„
1764 5473 1803 5527 lb.
1845 5490 1874 5542 v,

172 5553 289 5626 Φρυγῶν
315 5547 442 5622 αἱρέσεως
467 5547 623 5624 λεγομένων
646 5548 800 5624 μαρτύρων,
825 5545 996 5627 διαφέρονταὶ
1050 5568 1115 5624 cap,
1135 5552 1175 5605 16.

173 5642 203 5680 τε
216 5621 284 5698 πρὸς
301 5619 409 5694 αὐτοὺς,
429 5621 474 5675 καὶ
499 5623 538 5694 μὴ
562 5621 774 5690 κοινωνήσαντες
791 5619 883 5684 αὐτοῖς
908 5620 996 5677 τελει-
