3892 6104
105 256 190 321 1111
638 258 824 323 subscus
844 258 1047 325 llllellSlAE
1066 260 1290 351 ambustis.
1584 300 1587 305 -
1738 256 1820 317 tusc

107 386 274 465 planstsed
290 390 384 463 spate
398 388 936 462 modom,lctumsolitasnlmsdver·
950 394 978 464 Α
991 408 1068 469 pane
1094 394 1165 451 vivit
1193 392 1293 463 homo,
1322 390 1374 451 sad
1402 390 1434 448 in
1472 404 1608 447 sermone
1635 386 1697 447 Del.
1722 386 1819 447 Vestis
1862 388 1869 407 l

108 478 202 539 sionis
217 476 362 546 imitatos,
378 480 456 551 quod
483 478 598 538 volebat
621 480 756 554 intelligi,
780 482 817 539 sd
844 481 938 539 instar
991 481 1159 557 algentibus
1173 483 1264 553 deest,
1280 482 1332 540 sed
1346 480 1397 553 qui
1407 480 1556 537 Christum
1566 478 1675 547 induit,
1690 482 1720 535 et
1734 478 1820 536 vesti·

108 566 214 641 liquidi
243 566 387 624 sermonis
415 568 569 641 expressit.
597 568 729 627 intellexi
760 571 936 628 sententiam
990 576 1040 629 tus
1054 572 1238 629 abundanter
1251 575 1280 628 et
1295 569 1391 628 cultus
1407 572 1461 626 est.
1478 568 1636 627 semitonsi
1651 566 1755 641 capitis
1769 584 1817 625 ea·

109 654 258 731 passionis
274 656 531 731 lotoremllogare
545 660 618 731 coepi
633 662 662 715 et
676 664 774 732 petere
786 658 936 728 contiuuo,
992 660 1080 733 pillus
1095 659 1301 731 horrescit,sed
1312 675 1379 716 cum
1391 656 1592 732 sitcaputrlri
1602 656 1822 731 Christumque-

109 750 143 803 ut
157 744 259 803 dilatio
273 745 346 801 mihi
361 744 406 802 vel
423 746 512 803 unius
534 747 591 804 diei
614 753 830 822 prorogaretur,
847 749 938 805 donec
992 749 1136 823 lecunque
1151 749 1224 806 illud
1240 753 1329 822 caput
1353 750 1453 805 deccat
1478 764 1597 805 necesse
1617 750 1671 815 eet,
1689 747 1766 821 quod
1782 746 1820 805 cb

109 850 157 893 res
173 852 253 891 meas
268 834 402 909 legitima
416 835 598 893 ordinatione
611 836 811 911 disponerem:
828 842 858 895 et
870 853 936 894 cum
993 840 1107 897 Domini
1121 856 1226 895 nomen
1243 838 1358 911 insigne
1373 835 1550 893 est.»Dolere
1565 840 1664 893 autem
1680 850 1730 892 ecs
1741 834 1821 909 angi-

110 940 211 998 preces
226 924 394 997 frequenter
408 924 571 996 iterassem,
588 942 692 983 rursus
714 927 744 983 in
767 926 868 984 tabule
882 943 937 983 cce·
992 944 1049 1003 que
1064 929 1242 1002 suspicatus,
1258 928 1335 1001 quod
1351 926 1380 982 in
1405 925 1553 1000 ergastulo
1568 925 1617 982 illo
1642 924 1734 981 sacris
1748 942 1820 999 opa-

109 1019 192 1088 pernt
207 1014 306 1069 nescio
319 1012 390 1085 quid
407 1014 555 1071 adnotare.
572 1015 656 1072 Sensi
671 1020 769 1092 tamma
785 1017 820 1073 de
839 1019 938 1072 vultus
992 1019 1051 1077 rari
1066 1036 1123 1075 nou
1138 1023 1459 1092 possent,eemquoque
1470 1014 1632 1073 molestiam
1643 1013 1817 1087 luctumque

110 1102 271 1159 serenitate
290 1102 402 1174 judicis
426 1106 555 1159 mentem
586 1105 670 1177 quasi
695 1107 778 1177 joele
798 1106 938 1175 petitione
993 1108 1149 1167 abstersit:
1166 1130 1181 1159 «
1196 1106 1250 1163 Sed
1265 1121 1328 1177 nec,
1344 1104 1451 1177 lnquit,
1466 1103 1496 1159 in
1521 1102 1588 1171 alio,
1604 1104 1709 1161 iratres
1726 1103 1817 1161 dilec-

111 1194 301 1247 commotam.
317 1191 372 1247 Sed
390 1194 418 1246 θῑ
432 1190 618 1263 meinimis,
640 1192 689 1266 qul
707 1193 886 1265 jamdudum
903 1194 939 1249 de
991 1194 1218 1269 tissimi,sliqua
1232 1196 1328 1269 potest
1343 1197 1394 1251 aut
1407 1192 1558 1267 religionis
1568 1198 1619 1249 aut
1629 1193 1694 1249 fidei
1699 1193 1818 1265 jactura

110 1278 258 1355 passienis
273 1279 392 1350 indicio,
408 1284 492 1353 gestu
512 1280 714 1354 potiusquam
730 1298 939 1356 sermonepro·
992 1286 1106 1357 sentiri,
1121 1286 1200 1359 quod
1214 1284 1274 1341 illie
1295 1301 1373 1341 nunc
1393 1282 1594 1340 sacerdotibus
1617 1282 1668 1340 Dei
1692 1281 1817 1341 facultas

110 1370 236 1438 diderat,
267 1367 450 1426 clandestino
479 1370 638 1427 identidem
667 1376 739 1427 nutu
769 1387 938 1429 concessam
994 1393 1051 1433 non
1063 1376 1148 1431 detur
1161 1374 1301 1431 otl'erendl
1318 1378 1346 1429 et
1367 1370 1532 1429 celebrandi
1548 1369 1692 1429 saerilicia
1707 1370 1816 1429 divine.

111 1458 298 1530 dilationem,
315 1458 424 1531 quein
441 1460 604 1517 crastinum
620 1461 782 1533 petebatur,
799 1460 940 1518 contortis
993 1463 1152 1523 celebratis
1173 1463 1233 1519 imo
1257 1466 1344 1535 atqua
1373 1460 1484 1517 offertis
1508 1459 1685 1517 secriilcium
1710 1464 1766 1518 Deo
1788 1462 1819 1517 ot

111 1554 178 1622 post
193 1549 319 1605 invicem
341 1550 443 1623 digitis
470 1551 636 1625 significare
664 1553 839 1627 properavit.
869 1553 938 1627 Ego,
994 1553 1154 1628 pretiosum
1171 1552 1281 1626 pariter
1294 1555 1322 1608 et
1336 1549 1508 1624 gloriosum,
1520 1553 1548 1607 et
1563 1548 1722 1622 plurimum
1735 1546 1819 1606 vobis

113 1638 247 1711 quemvis
262 1655 320 1695 non
336 1646 414 1697 esset
436 1641 510 1697 lecta
533 1642 687 1709 sententia,
706 1644 759 1699 etsi
780 1644 817 1699 de
832 1643 939 1715 gaudio
993 1644 1030 1701 ad
1046 1641 1266 1700 retributionem
1283 1640 1470 1715 premiorum
1494 1637 1656 1695 coelestium
1672 1640 1819 1711 prolectu-

112 1726 263 1786 clilutionis
278 1733 401 1802 accepta
416 1729 482 1786 lento
497 1731 656 1787 admodum
668 1732 754 1787 corde
768 1734 937 1805 gauderem.
994 1750 1071 1799 rum,
1089 1754 1103 1782 a
1120 1734 1149 1787 et
1164 1748 1228 1804 quc
1244 1729 1483 1804 deinceps.Pcrro
1498 1726 1596 1784 invicti
1613 1726 1653 1783 illi
1672 1727 1819 1785 confesso-

113 1820 195 1873 metu
209 1821 307 1873 temen
324 1819 573 1891 interpretationis
585 1819 753 1878 incertaesie
768 1821 940 1891 tremebam,
995 1839 1042 1879 res
1056 1821 1135 1895 apud
1151 1819 1300 1877 Metellum
1325 1819 1468 1893 Signense
1482 1816 1658 1873 commorari
1673 1833 1704 1873 se
1719 1817 1822 1874 dicunt

115 1910 148 1962 ut
171 1906 301 1979 reliquia
325 1908 492 1964 formidinis
515 1925 565 1964 cor
594 1908 744 1967 exsultans
772 1910 943 1968 adhuctoto
996 1910 1256 1985 (epist.,80,iater
1280 1908 1386 1983 Cypri,
1412 1906 1502 1963 idest
1525 1922 1615 1979 propa
1641 1905 1745 1979 Sigum
1759 1905 1820 1963 Nu-

114 2011 221 2067 pavore
236 1994 415 2069 pulsarent.»
432 2001 468 2053 at
482 2014 549 2054 vero
574 2003 695 2055 eventus
719 1999 847 2056 ostendit
865 1999 941 2056 diem
996 2000 1093 2057 mitte
1107 1999 1248 2073 oppidum
1271 1998 1348 2055 inter
1375 1996 1588 2053 Macomadism
1612 1998 1641 2052 et
1660 1995 1778 2065 cirtem,
1792 2000 1823 2053 et

113 2083 263 2158 illum,qui
279 2086 306 2141 ei
317 2085 404 2141 rebus
413 2085 586 2142 ordinandis
598 2088 822 2155 concedebatur,
832 2105 942 2146 annum
995 2090 1052 2165 ipsi
1066 2107 1136 2148 sane
1150 2088 1280 2164 episcopi
1295 2104 1397 2145 omnes
1409 2085 1557 2143 Numidici
1572 2088 1667 2156 erent,
1681 2090 1710 2142 et
1723 2085 1823 2143 cunci-

114 2190 189 2240 esse,
200 2190 258 2246 quc
273 2178 373 2231 exacto
383 2175 544 2249 Cyprianus
552 2176 726 2247 martyrium
737 2193 825 2234 suum
840 2178 943 2236 eodem
996 2178 1035 2237 llo
1050 2177 1271 2251 Carthaginensi
1285 2175 1403 2234 biennio
1419 2178 1486 2233 ante
1501 2174 1703 2247 interlucreut,
1718 2174 1822 2231 Neme-

114 2262 172 2331 die,
185 2263 235 2334 qui
251 2263 308 2321 icit
322 2280 395 2320 xvim
409 2263 472 2321 Kal.
482 2264 632 2333 Octobres,
649 2266 874 2324 consummavit.
886 2268 943 2325 lles
996 2264 1393 2335 sicnusTuhunieneis,l·'elix
1404 2263 1701 2338 BageJ'ensls,'l'ucius
1713 2264 1822 2321 'lebes-

114 2355 224 2420 sutem,
240 2367 315 2424 ques
329 2351 377 2409 ille
392 2355 459 2409 ente
484 2353 621 2412 ordinare
643 2355 788 2428 cupiebat,
804 2356 840 2412 ed
858 2373 943 2429 egen·
997 2356 1171 2425 tinus,Felix
1181 2354 1546 2425 Bamaccorsnsis,liotsus
1561 2351 1824 2425 Gimellensis,Pol-

114 2438 188 2497 tium
204 2438 342 2497 solatium
358 2446 387 2498 et
412 2442 613 2499 confessorum
630 2460 732 2502 curam
758 2450 788 2501 et
808 2445 944 2503 Ecclesia
997 2448 1095 2505 liunus
1107 2444 1402 2511 Milevitenus,Victor
1413 2441 1825 2509 Octarensis,Jaderllidllen·

115 2544 264 2586 summem
280 2530 482 2603 pertinebant:
499 2548 573 2604 quus
588 2532 667 2589 idern
683 2533 789 2606 partim
801 2550 853 2606 per
866 2534 943 2606 epis·
997 2533 1349 2606 sis,llativuslladlensis,
1360 2548 1546 2605 quosomnes
1557 2531 1586 2587 in
1602 2532 1824 2600 commentario,
1843 2572 1848 2579 -

115 2618 202 2688 tolus,
216 2618 322 2692 partim
338 2635 439 2677 eurum
456 2636 554 2693 opere,
571 2621 622 2693 qui
639 2622 675 2677 ed
690 2639 758 2679 eum
778 2623 944 2698 frequentes
997 2642 1084 2700 quem
1096 2622 1256 2681 Annalibus
1267 2620 1704 2695 proposuimus,recoguoecere
1715 2618 1823 2693 possis.

115 2708 241 2779 stabant·
258 2708 385 2765 muium
402 2710 534 2766 mnium
551 2710 627 2767 ΜΗΘ
642 2712 797 2785 ρΧΡωῘἾῆ·
1032 2748 1069 2806 V.
1088 2747 1235 2803 llactenus
1258 2746 1287 2801 in
1319 2744 1473 2818 episcopos
1496 2748 1525 2801 et
1552 2744 1663 2800 clerum
1687 2744 1823 2802 ethnicus

152 2833 447 2890 lV.Jsmverodum
462 2834 572 2891 Gurubi
597 2835 758 2909 Cyprianus
778 2835 942 2907 exsulabat,
997 2840 1079 2895 lurcr
1093 2840 1239 2907 eruperat.
1255 2838 1364 2891 Verum
1386 2834 1465 2889 brevi
1481 2834 1510 2888 ln
1541 2832 1681 2904 populum
1706 2848 1824 2907 quoque

116 2939 174 2980 non
187 2922 361 2996 Carthagine
376 2922 483 2993 solum,
497 2925 549 2981 sed
564 2924 630 2981 allis
644 2925 755 2997 passim
770 2925 799 2981 in
820 2926 943 2983 urbibus
997 2927 1082 2985 lecilc
1097 2923 1280 2982 redundavit.
1296 2924 1369 2979 Nam
1395 2922 1474 2994 quia,
1487 2926 1519 2978 ut
1541 2920 1683 2993 Aspasiae
1699 2937 1822 2993 procon-

116 3012 256 3086 eplscopi,
272 3013 444 3086 presbyteri,
469 3012 584 3070 diaconi
612 3019 642 3071 ct
664 3013 824 3071 tribunalia
848 3017 943 3087 ruple-
996 3017 1041 3075 enl
1070 3014 1243 3087 Carthagine
1269 3013 1408 3079 edixerat,
1432 3010 1584 3067 sanctione
1612 3026 1668 3067 sua
1694 3006 1824 3084 Augustl

116 3102 234 3171 bantur,
251 3118 326 3175 quos
345 3102 474 3173 judices,
490 3102 580 3159 simul
604 3111 690 3175 atque
712 3104 893 3161 Christianos
912 3120 943 3161 se
997 3106 1144 3173 vetabant,
1161 3120 1197 3159 ne
1211 3101 1407 3159 conciliabula
1422 3101 1535 3165 sterent,
1552 3115 1621 3157 nere
1636 3099 1703 3172 quis
1718 3116 1823 3157 cmme-

116 3206 181 3249 esse
197 3190 320 3264 prol'ossi
334 3196 427 3258 erant,
444 3192 479 3248 ed
500 3191 618 3249 metalla
641 3193 821 3250 damnabant
835 3209 898 3266 quc
912 3192 943 3249 id
998 3196 1072 3254 teria
1104 3192 1315 3265 ingrederetur,
1344 3189 1452 3247 multos
1478 3205 1511 3246 eo
1543 3190 1662 3245 nomine
1694 3189 1823 3247 accusati

116 3280 258 3353 temporie
273 3279 377 3338 iudice
390 3280 547 3338 marmoris
562 3282 751 3355 erant,qusle
762 3284 791 3338 in
807 3282 946 3339 Numidia
999 3299 1118 3341 necesse
1133 3282 1198 3347 luit,
1214 3286 1243 3338 et
1269 3279 1377 3337 illustri
1400 3278 1582 3337 consessione
1610 3278 1764 3335 defunctos
1792 3279 1821 3335 in

117 3370 304 3443 potissimum
312 3367 658 3441 allodisolebat,undetot
667 3370 762 3427 adhuc
772 3371 947 3427 inurbeNu-
1000 3372 1166 3431 custodiam
1181 3370 1324 3435 duriose
1335 3369 1483 3439 pertinent
1496 3385 1559 3439 que
1574 3366 1735 3441 Cyprianus
1749 3366 1824 3442 epis·

117 3458 232 3515 midice
242 3456 391 3515 Columna
404 3462 562 3531 sunt,quas
573 3459 680 3532 hospes
691 3460 816 3516 miretur
834 3459 906 3530 (tiit.
917 3459 945 3517 J.
1000 3480 1091 3537 oopus
1106 3458 1366 3518 consessoribusat
1380 3456 1531 3514 Metellum
1547 3458 1689 3531 Signense
1702 3456 1822 3513 scribit:

116 3547 277 3613 Castalios,
293 3547 323 3603 iu
339 3550 438 3621 Lamp.
454 3551 545 3616 Crat,
562 3547 634 3617 t.lV,
650 3566 678 3621 p.
694 3549 731 3621 5).
750 3546 872 3606 Exstant
880 3565 947 3605 vero
1002 3574 1017 3605 a
1031 3552 1161 3623 Denique
1173 3547 1351 3621 exemplum,
1368 3545 1609 3621 iuquit(epiet‚7“l,
1626 3545 1772 3618 V.Boll.,t.
1785 3550 1824 3601 lll

117 3654 183 3711 que
204 3652 270 3693 eam
296 3636 485 3693 acerbitatem
515 3641 671 3707 testentur,
686 3637 791 3695 littera
811 3637 948 3711 Cypriani
1000 3641 1073 3714 Sept.
1099 3656 1129 3713 p.
1158 3638 1232 3709 11⁸3),
1259 3642 1389 3694 vestrum
1418 3642 1520 3693 secuta
1548 3634 1701 3709 multiplex
1729 3634 1825 3711 plebis

118 3725 236 3801 scriptae
260 3726 446 3793 Nemesiano,
477 3725 577 3793 Felici,
607 3726 703 3793 Lucio,
729 3728 819 3784 altero
849 3727 946 3797 Felici,
1000 3729 1094 3803 portio
1113 3727 1248 3785 contessa
1269 3731 1316 3783 est
1343 3725 1494 3781 vobiscum
1519 3724 1638 3797 pariter,
1663 3728 1693 3781 et
1716 3724 1826 3797 pariter

117 3814 226 3884 Lieteo,
241 3812 384 3880 Pollione,
410 3813 531 3887 Victori,
556 3815 665 3883 Jaderi,
682 3816 781 3872 Dativo
800 3816 947 3888 coepisco·
999 3822 1138 3878 eorcusta
1162 3820 1217 3883 est,
1246 3830 1374 3871 connexa
1401 3814 1485 3871 vobis
1512 3813 1627 3869 vinculo
1656 3812 1823 3868 fortissime

118 3902 176 3977 pis,
190 3902 260 3959 item
276 3902 519 3975 compresbyteris
533 3908 564 3960 et
579 3926 593 3955 a
606 3904 780 3962 diaconibus
795 3910 823 3961 st
837 3905 947 3961 ceteris
999 3905 1161 3973 charitatis,
1177 3908 1238 3961 eta
1267 3901 1429 3976 prepositis
1454 3902 1526 3969 suis,
1553 3918 1605 3959 nec
1629 3916 1743 3959 carcere
1771 3918 1824 3959 nec

118 3992 150 4051 in
164 3991 282 4050 metallo
297 3993 484 4049 constitutis:
506 4016 521 4043 υ
536 4010 662 4067 quorum
687 3994 776 4051 etiam
800 4010 947 4050 erumnas
1000 3995 1127 4054 metallis
1142 3997 1289 4067 separate.
1309 3993 1398 4064 Cuius
1412 4008 1534 4049 numero
1558 4008 1611 4049 nec
1631 3992 1759 4067 virgines
1773 3991 1823 4049 de-

118 4081 161 4141 sic
175 4081 325 4151 describit,
339 4086 374 4137 ut
393 4082 531 4154 proxime
555 4082 702 4139 felicitatis
729 4082 947 4157 comparatione
999 4090 1080 4153 sunt,
1105 4083 1214 4157 quibus
1237 4081 1273 4138 ad
1297 4080 1518 4154 sexagenarium
1539 4081 1667 4137 fructum
1683 4084 1825 4138 centenus

118 4170 375 4229 elevereccnetur.
391 4188 401 4219 ι
417 4176 440 4227 0
455 4172 555 4243 pedes,
576 4170 673 4243 inquit
701 4171 799 4243 (epist.
813 4172 870 4245 77),
887 4170 948 4228 isli·
1000 4174 1134 4241 accessit,
1150 4188 1304 4245 quousque
1329 4172 1364 4227 ed
1393 4170 1537 4227 coelestem
1566 4186 1704 4228 coronam
1732 4169 1826 4244 gloria

117 4260 193 4317 citer
207 4259 307 4327 vincti,
322 4259 373 4331 qui
389 4274 475 4315 nona
498 4260 652 4326 labro,sed
677 4260 832 4318 allomiuc
861 4260 949 4318 resol-
1000 4263 1118 4341 gemine
1133 4262 1274 4336 provenit.
1291 4262 1321 4318 ln
1346 4260 1445 4333 pueris
1468 4276 1586 4333 quoque
1613 4259 1706 4317 virtus
1730 4260 1826 4329 major

117 4347 245 4407 vonturl
273 4348 401 4420 Opedes
429 4346 551 4404 lelieitcr
578 4348 678 4420 uncti,
704 4350 754 4423 qui
782 4349 813 4405 in
844 4350 948 4406 itinere
1001 4356 1095 4422 etate,
1110 4367 1203 4409 annos
1227 4367 1297 4407 suos
1320 4347 1614 4405 consessionisleude
1632 4349 1823 4419 transcendit,

118 4436 242 4497 salutari
270 4438 306 4493 ad
333 4436 505 4509 paradisum
534 4437 718 4512 dirigunturl
750 4438 772 4496 0
798 4439 887 4511 pedes
917 4438 945 4494 in
1002 4447 1033 4500 ul
1050 4439 1184 4516 martyrii
1199 4440 1286 4499 vestri
1298 4440 1417 4496 beatum
1429 4454 1547 4514 gregem
1562 4442 1591 4496 et
1615 4442 1826 4497 sexusetelas

118 4527 220 4586 1171
238 4524 345 4582 seculo
359 4526 396 4581 ed
416 4541 544 4597 presens
566 4525 659 4597 ligati,
685 4533 719 4583 nt
746 4527 806 4583 sint
829 4543 947 4600 semper
961 4514 985 4581 D
999 4530 1097 4590 omnis
1121 4534 1247 4587 ornaret.
1265 4550 1280 4579 s
1297 4528 1362 4586 Haec
1382 4526 1545 4601 Cyprianus
1566 4526 1675 4585 Gurubi
1699 4528 1736 4584 ad
1755 4544 1826 4586 con·

119 4616 198 4692 apud
214 4614 373 4672 Dominum
389 4614 492 4672 liberii
510 4613 532 4670 0
548 4614 636 4687 pedes
647 4615 839 4688 compedibus
852 4621 882 4673 et
891 4621 949 4674 tra·
1002 4620 1129 4678 sessores
1154 4619 1256 4676 lm
1298 4618 1464 4689 scripserat,
1503 4632 1569 4689 quse
1601 4615 1730 4673 maximo
1765 4616 1826 4675 illie

117 4704 256 4764 versariis
280 4702 397 4760 interim
427 4703 636 4773 cuncmhundi,
667 4703 718 4761 sed
752 4704 884 4762 celeriter
910 4706 946 4762 ad
1002 4706 1211 4767 solatiosusre.
1227 4709 1366 4763 Ceterum
1394 4722 1451 4761 non
1481 4704 1591 4762 litteras
1619 4704 1669 4761 ille
1698 4709 1825 4775 mutum,

118 4796 267 4855 Christum
284 4794 411 4868 glorioso
439 4794 543 4851 itinere
567 4795 703 4853 cursuril
719 4797 867 4864 Quantum
885 4795 949 4854 vult
1002 4798 1055 4855 sed
1069 4794 1223 4871 suppetiae
1238 4794 1325 4851 etlam
1344 4792 1461 4850 lerondo
1485 4794 1613 4863 dederat,
1631 4810 1705 4867 ques
1720 4793 1740 4849 ii
1755 4810 1826 4849 sano

119 4884 169 4943 hic
183 4884 227 4943 vel
243 4883 342 4941 invida
363 4883 522 4941 crudelitas
545 4885 588 4942 vel
613 4885 743 4959 maligna
761 4885 884 4943 nexibus
897 4902 948 4944 vos
1002 4902 1035 4943 se
1049 4884 1204 4959 recepisse,
1219 4883 1342 4958 epistola
1357 4882 1394 4939 ad
1409 4881 1585 4956 Cypriacam
1612 4882 1705 4940 misse
1727 4882 1825 4955 (epist.

119 4974 184 5033 suis
198 4978 228 5030 et
241 4973 367 5030 vinculis
383 4976 490 5041 teneat,
507 4974 597 5032 citos
618 4974 704 5031 terris
726 4977 755 5031 et
773 4974 867 5047 poenis
882 4974 948 5031 letis
1001 4976 1047 5043 78,
1063 4976 1138 5031 inter
1161 4972 1259 5047 eppe.)
1284 4976 1470 5045 peramanter
1493 4973 1678 5045 profitentur.
1697 4992 1708 5021 e
1728 4975 1827 5045 Agunt

119 5061 642 5134 adcoelorumregnarenietis.Non
668 5065 781 5120 fovetur
798 5062 949 5119 inmetel-
1002 5061 1314 5137 ergo,inquiunt,tibi
1341 5062 1495 5117 nobiscum
1524 5060 1655 5118 damnati
1684 5059 1827 5117 maximas

118 5152 158 5211 lis
169 5151 244 5209 lecto
257 5156 286 5207 et
300 5148 432 5207 culcitris
445 5153 620 5226 corpus,sed
637 5151 787 5225 refrigerio
802 5156 831 5209 et
844 5152 948 5209 solatio
1003 5153 1080 5225 apud
1102 5153 1193 5209 Deum
1216 5148 1337 5223 gratias,
1360 5149 1501 5223 Cypriane
1530 5148 1732 5216 dilectissime,
1747 5148 1824 5221 quod

119 5240 230 5301 Christi
246 5240 367 5297 levetur.
393 5239 481 5296 Humi
503 5242 600 5311 jacent
621 5242 697 5297 lesse
724 5240 875 5298 laboribus
889 5242 949 5298 vis·
1003 5241 1108 5299 litteris
1123 5240 1182 5298 tuis
1201 5237 1365 5295 laborantia
1393 5243 1508 5311 pectora
1533 5238 1681 5306 recreasti,
1697 5236 1826 5295 fustibus

120 5346 198 5397 cere,
214 5330 265 5385 sed
281 5345 368 5402 paene
382 5344 441 5385 non
456 5333 501 5385 est
515 5345 581 5385 cum
598 5328 712 5386 Christo
723 5331 832 5401 jacere.
855 5330 949 5403 Squa-
1002 5330 1156 5389 vulnerate
1171 5328 1303 5385 membra
1317 5328 1435 5394 curasti,
1447 5328 1638 5400 compedibus
1650 5328 1737 5398 pedes
1751 5325 1824 5401 liga·

120 5420 184 5478 lent
199 5418 262 5475 sine
279 5416 392 5475 balneis
408 5418 541 5475 membre
555 5418 614 5475 situ
638 5423 669 5477 ct
691 5420 776 5476 sorde
790 5419 948 5487 dillormie,
1003 5426 1050 5478 tos
1063 5418 1218 5487 resolvisti,
1235 5416 1389 5474 semitonsi
1404 5417 1508 5489 capitis
1529 5416 1733 5489 capillaturam
1748 5417 1825 5473 ads·

121 5508 175 5567 sed
189 5505 382 5581 spiritualiter
403 5505 483 5563 intus
505 5506 646 5579 abluitur,
663 5509 741 5581 quod
760 5508 831 5565 loris
845 5524 948 5565 cerne·
1003 5506 1111 5581 quasti,
1128 5507 1264 5562 tenebras
1287 5502 1412 5561 carceris
1434 5503 1619 5576 illuminasti,
1636 5508 1751 5561 montes
1766 5520 1826 5561 me·

122 5598 191 5657 liter
205 5597 384 5655 sordidetur.
401 5594 487 5653 Panis
501 5594 561 5653 illic
577 5595 711 5670 exiguus,
727 5601 758 5653 et
772 5612 830 5656 non
844 5594 875 5654 in
886 5594 950 5655 solo
1003 5594 1069 5655 telli
1082 5593 1112 5652 in
1129 5592 1249 5669 plenum
1265 5591 1547 5661 deduxisti,nerihus
1561 5594 1649 5651 etiam
1663 5594 1825 5667 fragrantes
