3892 6104
109 276 167 341 iffi
827 281 1102 349 ntssbuvsvlo.
1757 276 1817 343 406

108 412 191 468 notas
206 411 237 467 st
249 408 471 470 observationes
487 427 546 469 non
560 411 782 487 publicaverint.
797 417 866 482 oua
880 414 939 473 ita·
951 417 979 486 Α
993 417 1122 475 auctoris
1144 418 1237 476 nocui
1251 421 1342 491 textu
1369 415 1415 474 vsl
1439 416 1475 474 de
1497 430 1531 473 co
1559 412 1735 486 conjecturis
1754 411 1818 469 suis

110 515 174 575 qna,
191 497 332 573 qualesve
346 517 381 558 ιο
410 501 497 574 cnjus
515 502 631 575 generis
650 502 720 570 sint,
740 503 833 577 jama
852 504 937 563 nobis
992 507 1163 581 corrigendo
1177 509 1319 583 disputat.
1344 507 1376 564 ln
1391 505 1459 565 aliis
1483 520 1551 562 vere
1582 519 1637 560 nos
1656 501 1706 559 ille
1719 501 1763 558 vel
1780 501 1817 558 ad

111 586 315 662 explicandum
330 593 385 649 eat.
401 588 500 647 Primo
514 586 633 664 quidem
647 593 775 650 loannes
791 593 937 651 Meursius
992 611 1062 654 suas
1077 597 1201 654 remittit
1215 596 1339 654 notaeln
1351 593 1578 664 Arncbiilibros,
1590 592 1635 648 vet
1646 588 1819 649 Tertulliani

116 676 271 737 nonnullas
286 677 318 734 in
332 659 412 736 bunc
424 677 576 737 Octavium
587 680 717 753 protulit,
733 699 805 755 quae
819 683 850 739 in
865 699 937 756 quoa·
989 685 1220 759 apologeticum,
1236 686 1322 757 culus
1334 688 1432 742 tamen
1451 683 1500 743 vix
1513 681 1574 740 ulla
1587 679 1671 738 ullibi
1684 679 1755 737 citat
1769 696 1817 736 ea·

117 768 179 827 dam
195 766 342 841 opusculo
356 768 552 843 ilppccriticua
565 770 757 844 Minuciam,
769 774 827 828 utve
855 771 939 830 Criti-
990 773 1062 848 pita.
1079 778 1111 831 lu
1126 775 1237 833 caterio
1264 776 1383 832 tandem
1412 773 1489 831 notis
1516 769 1676 830 secuntias
1696 767 1817 825 Minucii

115 854 334 925 mscbrcctcos,
349 855 490 930 inscripo,
523 873 647 916 excusas
671 858 823 918 babemus.
847 859 879 917 In
899 860 937 919 iis
990 878 1026 921 ax
1040 863 1106 922 aliis
1120 863 1313 938 scriptoribus
1340 862 1513 921 confirmare
1538 855 1816 919 concinnitudine

114 949 203 1005 satem
220 943 344 1004 nonulla
352 946 482 1003 auctoris
497 946 670 1021 nostrique
686 948 937 1023 corruptaipsivi·
991 951 1118 1025 primm
1133 952 1223 1025 hujus
1238 951 1306 1008 libri
1321 956 1445 1026 partam,
1472 949 1612 1008 nimirum
1634 946 1740 1005 Caecilii
1755 962 1816 1003 ser·

116 1033 264 1106 labantur,
279 1034 345 1093 loca
358 1035 534 1108 coniecturis
549 1035 613 1095 suis
628 1037 782 1111 corrigere,
794 1038 845 1097 sed
861 1053 937 1111 sapa
991 1055 1120 1110 monam,
1135 1046 1164 1099 et
1177 1040 1258 1099 illius
1282 1040 1313 1097 in
1341 1039 1521 1099 Christianos
1536 1036 1700 1095 calumnias
1722 1034 1818 1108 magis

117 1122 215 1198 sepius
233 1122 336 1181 minus
349 1123 475 1182 feliciter
489 1127 519 1183 ct
533 1124 666 1199 apposita
680 1130 802 1185 conatus
817 1127 938 1185 astilia
990 1134 1133 1205 spactant.
1148 1130 1336 1189 Paucissima
1350 1133 1449 1188 ιιοοιι
1472 1125 1620 1201 ejusmodi
1635 1128 1706 1183 sunt
1720 1123 1750 1181 ln
1766 1124 1818 1181 Oc·
1888 1116 1890 1121 ’

116 1229 173 1271 raro
186 1213 326 1287 quadam
335 1229 428 1287 panca
443 1213 568 1272 aliorum
587 1214 765 1289 scriptorum
776 1216 873 1275 verbis
887 1233 936 1275 ex·
990 1219 1059 1279 tavii
1073 1219 1305 1296 responsionem,
1320 1223 1350 1277 st
1365 1218 1397 1277 in
1410 1217 1534 1291 reiectos
1553 1219 1642 1290 atqua
1656 1212 1817 1287 exagitatos

118 1300 196 1378 illm
210 1304 240 1359 θ*
255 1301 477 1375 implemur·
990 1307 1092 1367 abillo
1106 1308 1214 1383 impios
1229 1308 1415 1367 ethnicorum
1430 1306 1516 1364 ritus.

144 1391 421 1451 ancisousantem
427 1382 936 1454 Baldulnusinsuisinbunclibrnm
1025 1417 1208 1486 Quibugdgm
1223 1420 1322 1474 autem
1334 1414 1551 1474 opfflmtionfls
1562 1409 1681 1485 Rigaltii
1695 1408 1726 1466 in
1736 1408 1817 1466 huno

121 1479 609 1556 1>‘⁰¹08011101112bll⁰⁸i⁴ll¹⁸¹¹²ffl¹¹¹1¹
623 1483 752 1543 ffl¹¹¹¹⁰i⁰
768 1483 854 1543 F⁰¹i⁰i
872 1485 937 1542 '5¹¹‘
990 1505 1100 1564 librum
1113 1506 1236 1564 erudita
1251 1522 1305 1563 nec
1332 1521 1439 1579 parum
1467 1502 1590 1561 curiosa
1616 1500 1764 1558 videntur.
1781 1498 1818 1555 Ut

122 1568 225 1640 fflfflst·
240 1570 377 1644 diffidam
392 1570 428 1628 ‘¹0
443 1572 937 1647 ⁰1⁰⁸ffliisssfimilissrllllifillspm·
989 1593 1069 1652 enim
1084 1593 1157 1652 alios
1171 1593 1356 1662 omittamus,
1372 1590 1508 1650 Ouzeliua
1528 1590 1560 1648 in
1575 1605 1630 1647 sua
1644 1589 1680 1646 ad
1696 1603 1765 1645 eum
1780 1586 1819 1643 li·

120 1657 246 1732 i⁸⁸⁸i⁰¹102
261 1659 935 1736 clusidiiii·R⁰1¹¹⁸¹¹⁰ll¹¹<³s⁰l⁰l)l¹‘³f¹¹i¹¹l·'1¹l¹¹¹¹
990 1681 1078 1740 brum
1103 1682 1270 1757 prelatione
1297 1682 1406 1739 latetur
1430 1680 1525 1737 multa
1547 1678 1578 1735 in
1606 1677 1649 1735 eis
1678 1674 1819 1750 praeclara

117 1748 207 1807 ⁶⁰1⁰(ss
217 1749 341 1807 ⁶¹⁸⁵&st
354 1749 391 1807 ⁶⁰
405 1751 469 1823 ejus
493 1749 562 1807 libii
579 1750 666 1825 stylo,
681 1756 865 1826 iissumissib
879 1769 931 1809 Ἡ·
946 1789 971 1857 Β
988 1770 1124 1839 inveniri,
1138 1775 1169 1829 et
1182 1770 1248 1844 plus
1264 1769 1522 1829 caetsrieomuibns
1534 1769 1571 1824 ab
1581 1766 1632 1824 illo
1648 1765 1817 1823 restitutam

116 1836 264 1895 fitfflflfi
282 1838 453 1912 ⁰0ifllfiq¹¹⁰
467 1839 638 1913 (¹5⁸1)uttmdi
653 1840 776 1931 rafim·
796 1857 830 1899 ⁸⁰
845 1840 932 1915 llum
988 1854 1817 1934 Octauiosanitatem,ltigaltiumtamanproptareaarguit,

115 1925 189 2002 hilm
203 1926 418 2001 di'l'litationis
431 1929 528 2003 ‘iil'ita
539 1929 667 1987 britii&
681 1931 810 2004 0¹P011st·
826 1933 866 1988 ΕΒ
881 1948 932 1988 ⁰¹¹·
986 1950 1066 2022 quod
1078 1949 1255 2022 contesteris
1282 1947 1344 2005 suis
1373 1947 1500 2004 nimium
1528 1944 1691 2019 indulgeat,
1706 1958 1816 2016 sasque

114 2018 161 2074 Μ
174 2015 933 2092 t³¹⁸¹ii³il¹¹ib¹¹⁸d⁸1¹¹⁸⁰lil³t⁰rib¹¹³rtitil³⁰ii⁸²³imum
986 2038 1106 2098 Minucii
1119 2038 1215 2096 verbis
1229 2036 1467 2106 intermiscendo,
1482 2034 1568 2092 illum
1596 2050 1631 2092 aa
1645 2033 1814 2107 loquentem

115 2121 140 2163 ιι
150 2105 318 2164 christiana
334 2105 484 2180 religionis
498 2107 712 2179 defensoribus,
723 2107 839 2166 lustina
854 2125 932 2165 mar·

117 2196 178 2269 ipa,
192 2195 392 2269 Athenagora,
407 2194 568 2270 'l'bsopbilo
580 2197 770 2268 Antiocheno,
786 2195 933 2254 Clemente

115 2281 310 2353 Alexandrino,
333 2283 473 2355 Arnobio,
501 2284 663 2355 Lactantio,
693 2284 856 2356 Ambrosio,
873 2287 932 2342 Αι-

116 2372 222 2447 gostirm
236 2372 409 2443 contlrmat;
426 2372 478 2430 sad
493 2372 600 2430 nullibi
625 2373 684 2431 iera
699 2373 811 2432 indicat
824 2373 932 2448 quibus

117 2459 235 2519 inlibris
247 2460 293 2518 vel
309 2477 369 2534 qua
383 2460 528 2519 librorum
556 2462 586 2518 in
615 2466 696 2536 parte
724 2462 785 2521 hec
813 2479 877 2536 qua
891 2463 932 2521 ci·

118 2549 179 2607 tavit
190 2549 256 2608 loca
269 2551 464 2625 reperiantur.
481 2551 611 2625 Denique
624 2552 662 2609 ad
680 2551 860 2626 praefationis
873 2551 933 2610 cal·

117 2655 170 2697 um
183 2639 366 2698 christianos
380 2640 417 2697 ad
432 2641 604 2698 venerande
620 2640 789 2699 exhortatur
803 2640 934 2716 antiqui-

119 2728 177 2786 tatis
190 2727 396 2787 ecclesiastice
411 2729 553 2788 studium.

145 2834 299 2895 Wowsrus
312 2851 380 2893 vero
396 2834 425 2892 in
443 2835 506 2893 ouis
532 2835 610 2893 notis
625 2834 761 2893 brevitati
776 2835 849 2894 satie
864 2853 934 2894 oon·

121 2922 208 2983 saluit.
223 2925 277 2981 liis
292 2928 392 2982 autem
407 2923 564 2983 valterius
589 2924 698 2982 menda
711 2925 855 2999 corrigere
866 2925 934 2982 niti·

121 3013 169 3081 tar,
180 3012 224 3071 vel
239 3013 362 3072 Minucii
376 3012 479 3086 Felicia
504 3013 594 3071 verba
607 3030 641 3071 ιο
663 3013 741 3071 dicta
756 3012 933 3088 quibusdam

124 3100 231 3161 eliorum
247 3103 427 3177 scriptorum
440 3101 620 3160 testimoniis
632 3102 776 3177 explicare
790 3107 842 3160 ant
856 3102 932 3161 m

126 3193 292 3250 animare.
308 3191 417 3250 Verum
438 3192 579 3265 majorem
605 3191 635 3250 in
664 3191 701 3250 iis
725 3191 850 3251 citandis
865 3193 934 3265 lure

127 3282 302 3340 ademerito
323 3280 506 3357 diligentiam
535 3282 572 3340 ab
601 3281 666 3355 ipso
690 3281 831 3356 requlras.
858 3281 933 3340 Nam

130 3368 214 3430 alicubi
229 3371 359 3446 appellat
372 3374 488 3428 tantum
498 3371 650 3446 scriptoris
663 3387 780 3441 nomen,
792 3371 843 3429 sed
854 3369 934 3429 illius

130 3454 225 3535 ibrum,
237 3458 282 3518 vel
297 3459 366 3517 libri
377 3459 485 3533 locum,
501 3460 552 3517 ubi
562 3460 652 3518 citata
662 3460 700 3517 ab
713 3459 764 3518 illo
778 3461 868 3518 verba
881 3477 932 3518 oo·

133 3553 235 3623 cumi,
250 3549 382 3608 indicare
396 3566 455 3607 non
469 3553 562 3608 curat.
578 3551 659 3619 Quod
675 3549 795 3624 quidem
810 3550 889 3608 abeo
901 3550 938 3619 in,

134 3636 211 3708 ciuis
228 3639 396 3698 lectitatum
411 3636 684 3710 animadvertimus,
698 3638 749 3696 ubl
764 3640 801 3697 ad
815 3639 934 3698 Tertul-

135 3719 185 3782 lui
191 3725 278 3785 libros
294 3730 381 3799 atque
394 3726 426 3784 in
441 3725 545 3801 primis
555 3725 865 3802 illiusApologeticum
879 3743 933 3786 nos

138 3812 208 3873 aicta
222 3814 389 3890 Aliquando
403 3816 492 3874 etiam
507 3820 632 3891 vagatur
645 3819 725 3874 extra
738 3816 932 3890 propositum.

137 3898 243 3980 banplo
256 3905 297 3966 sit
311 3904 361 3963 illa
375 3904 469 3980 locus,
485 3905 536 3963 ubi
551 3905 686 3964 Octavius
702 3904 845 3965 adacilio
855 3928 870 3958 o
885 3905 933 3980 pi·

141 3993 222 4053 tiorum
235 3994 413 4070 precipuus,
430 4016 446 4047 s
462 4011 522 4053 non
537 3994 602 4053 sine
615 3994 744 4053 convicio
759 3994 932 4070 appellatur.

142 4077 241 4144 duim
256 4086 415 4145 Wowerns
430 4084 536 4154 multa,
548 4100 613 4160 qua
619 4084 657 4143 ad
664 4083 792 4142 auctoris
802 4082 933 4159 proposi·

142 4169 257 4234 unrlhil
271 4173 393 4250 penitus
408 4173 530 4244 lucium,
552 4189 705 4248 perperam
720 4173 878 4248 congessit.

163 4276 347 4341 ilnsnborstii
373 4285 473 4339 autem
491 4284 567 4340 note
583 4280 781 4340 Wowerianis
796 4279 933 4356 prolixio-

144 4375 246 4442 usccnt,
265 4376 355 4445 etque
369 4370 452 4429 iniis
471 4369 565 4446 multo
580 4370 748 4430 accuratius
763 4386 852 4445 qnam
866 4373 936 4430 Wo-

145 4466 212 4520 st
222 4464 343 4521 mactat
356 4464 510 4518 auctorum
525 4477 542 4518 a
556 4477 587 4519 ae
599 4460 756 4519 citatorum
768 4459 842 4520 loca.
858 4465 929 4519 rru-

986 2127 1084 2197 iaoiat,
1100 2144 1165 2202 qua
1179 2128 1210 2184 in
1225 2130 1352 2184 mentam
1369 2125 1425 2199 ipsi
1435 2141 1493 2182 non
1505 2126 1654 2182 venerant.
1670 2121 1815 2180 Gronovio

986 2221 1086 2277 antem
1100 2217 1126 2275 si
1141 2218 1254 2290 credas,
1265 2216 1327 2274 baec
1335 2215 1455 2273 Minucii
1465 2213 1570 2271 Felicis
1580 2212 1740 2286 disputatio
1756 2226 1815 2268 me-

986 2307 1116 2375 rebatur,
1134 2327 1149 2358 o
1173 2312 1206 2364 ut
1221 2306 1389 2380 procederet
1402 2303 1593 2371 reverentius,
1609 2305 1639 2360 et
1652 2300 1750 2358 ιοιίιι
1765 2317 1815 2358 οι·

986 2395 1079 2471 polita
1090 2411 1124 2453 ιο
1138 2393 1257 2453 meliora
1271 2394 1302 2451 in
1317 2392 1429 2452 lumina
1450 2392 1555 2466 posita,
1584 2413 1595 2442 ι
1613 2407 1704 2464 quam
1719 2390 1749 2446 in
1764 2389 1815 2448 illa

986 2483 1105 2560 Rigaltii
1124 2483 1262 2542 editione.

1021 2578 1061 2630 At
1074 2576 1151 2632 carta
1165 2571 1300 2647 quisquis
1315 2571 1405 2644 buius
1427 2569 1643 2628 observationes
1658 2567 1770 2643 legerit,
1786 2568 1814 2628 ia
1936 2640 1939 2647 1

987 2661 1142 2721 manifesto
1156 2660 1326 2734 comperiat,
1340 2660 1371 2717 in
1386 2658 1446 2717 illis
1456 2658 1601 2717 emendati
1615 2662 1712 2716 textus
1726 2657 1815 2716 ratio-

987 2767 1054 2810 nem
1069 2750 1227 2825 aliquando
1241 2749 1348 2820 afferri,
1364 2748 1465 2821 aliqua
1478 2748 1647 2806 obscuriora
1661 2747 1749 2804 verba
1763 2763 1813 2805 cx·

988 2840 1113 2916 planari,
1129 2857 1163 2897 ιο
1187 2838 1271 2914 plura
1285 2837 1404 2896 Minucii
1427 2836 1492 2895 loca
1520 2836 1645 2895 aliorum
1659 2839 1814 2894 auctorum

987 2929 1100 2988 firmari
1115 2929 1298 2987 auctoritate.
1312 2931 1376 2986 Nou
1387 2925 1487 2984 ιιίιιι
1496 2930 1596 2984 tamen
1610 2924 1688 2983 clare
1697 2924 1814 2998 perepi-

987 3018 1045 3078 ciet
1059 3017 1164 3076 horum
1179 3034 1256 3091 sape
1268 3031 1322 3074 nac
1335 3015 1438 3087 libros,
1466 3032 1520 3073 nen
1547 3015 1690 3073 librorum
1705 3014 1813 3088 capita,

988 3108 1040 3168 aad
1064 3106 1161 3166 solum
1176 3122 1282 3164 noman
1295 3105 1389 3164 citari.
1409 3105 1502 3164 Multa
1516 3120 1634 3179 quoque
1648 3103 1814 3177 deprehan-

988 3197 1037 3256 det
1051 3197 1087 3254 ab
1107 3196 1183 3255 880
1208 3194 1259 3254 illo
1283 3195 1404 3253 omnino
1427 3193 1633 3268 praetermissa,
1663 3209 1726 3268 qua
1754 3208 1813 3250 nou
1873 3188 1877 3196 '

987 3285 1098 3355 minus,
1120 3300 1211 3359 quam
1229 3288 1342 3356 cetera,
1372 3282 1574 3359 explanatione
1600 3281 1701 3355 aliqua
1728 3296 1814 3355 egere

986 3374 1149 3434 videantur.
1166 3376 1316 3432 Postremo
1335 3373 1459 3448 quilibet
1487 3389 1522 3430 ex
1549 3376 1652 3446 postea
1678 3370 1812 3430 dicendis

987 3479 1146 3539 agnoscere
1160 3456 1277 3537 poteiit,
1293 3479 1381 3538 quam
1396 3461 1508 3522 levibus
1535 3478 1613 3536 sapa
1635 3461 1811 3534 coniecturis

986 3557 1098 3612 textum
1113 3553 1233 3611 Minucii
1246 3553 1402 3612 emendare
1414 3551 1548 3612 voluerit.

1022 3661 1161 3730 Quamvis
1174 3660 1354 3735 longissima
1368 3660 1497 3734 proiecto
1510 3658 1686 3718 sintOuzelli
1695 3658 1813 3717 lnbnnc

986 3748 1096 3809 librum
1110 3749 1389 3819 animadversiones,
1405 3765 1456 3808 eas
1474 3753 1574 3807 Mmen
1589 3765 1607 3806 a
1620 3765 1652 3808 ae
1667 3768 1682 3800 «
1693 3746 1813 3821 iuveni-

985 3839 1064 3898 llbus
1078 3841 1175 3908 aunis,
1190 3861 1206 3892 o
1221 3855 1255 3897 ιο
1282 3861 1298 3892 ι
1326 3844 1461 3898 currente
1479 3838 1568 3912 prelo
1596 3859 1612 3891 a
1636 3837 1813 3911 compositas

986 3929 1103 3988 latetur.
1118 3930 1161 3986 Ad
1176 3928 1238 3987 haee
1251 3944 1318 3987 vero
1333 3929 1462 3987 declarat
1474 3928 1505 3987 ln
1519 3927 1558 3986 iis
1576 3943 1607 3986 se
1628 3928 1666 3984 ab
1687 3926 1813 3984 aliorum

987 4018 1106 4077 tametsi
1117 4016 1357 4076 doctissimorum
1375 4017 1503 4075 virorum
1518 4016 1665 4074 sententia
1679 4030 1814 4071 nonuun-

987 4123 1087 4182 quam,
1104 4107 1156 4165 sed
1178 4107 1253 4165 citra
1265 4105 1485 4179 contumeliam,
1505 4103 1687 4163 discessisse.
1702 4102 1812 4160 Verum

987 4212 1037 4256 eas
1051 4196 1223 4270 prolixiores
1249 4211 1316 4254 essa
1343 4211 1430 4253 nemo
1458 4210 1530 4253 sane
1557 4192 1715 4267 negaverit.
1730 4191 1812 4264 Seps

986 4286 1067 4345 anim
1081 4302 1098 4342 a
1113 4284 1262 4360 proposito
1277 4283 1405 4342 auctoris
1415 4287 1494 4342 textu
1504 4298 1627 4356 prorsus
1636 4279 1810 4355 digreditur,

987 4381 1016 4434 st
1027 4374 1123 4450 plura,
1139 4390 1202 4447 qua
1226 4374 1262 4430 sd
1290 4372 1375 4430 illum
1398 4371 1472 4428 nibil
1494 4369 1611 4444 penitus
1637 4368 1757 4436 iaciunt,
1773 4369 1811 4426 ad

987 4478 1129 4522 nauseam
1144 4476 1238 4535 nsque
1252 4460 1393 4535 congerit.
1408 4460 1497 4517 Visne
1521 4458 1657 4532 quadam
1670 4457 1813 4517 harumce

144 4546 186 4606 tir
195 4552 281 4610 umen
297 4549 460 4624 quidquam
470 4549 501 4608 in
511 4549 931 4624 tamlonglsobservationibus
946 4533 969 4601 Ῑ)
984 4551 1201 4626 digressionum
1216 4549 1271 4608 tibi
1284 4549 1408 4622 proferri
1422 4546 1555 4621 exempla
1572 4546 1684 4620 iVide,
1700 4563 1810 4620 quaeso,

141 4645 233 4710 tures,
245 4639 323 4714 quod
338 4639 375 4698 ad
388 4637 548 4697 Minuciani
555 4642 654 4697 tantus
668 4637 866 4713 integritatem
880 4643 932 4699 aut

984 4643 1130 4716 quantum
1144 4658 1162 4697 a
1174 4639 1322 4713 proposito
1349 4637 1445 4696 aliena
1459 4636 1531 4708 sint,
1545 4653 1610 4712 quaa
1629 4638 1665 4694 ad
1689 4635 1811 4694 Minucii

137 4727 340 4788 mucorem
354 4727 518 4802 pertineat,
548 4743 617 4785 nam
644 4727 676 4785 in
694 4726 754 4786 illis
767 4743 801 4786 ec
815 4731 931 4787 tantm
983 4731 1021 4790 dc
1035 4728 1182 4804 lapidibus
1195 4727 1333 4804 effigiatis
1346 4727 1652 4785 etunctissermonem
1667 4725 1812 4800 explican-

134 4811 252 4886 tcllinsat,
267 4820 301 4875 nt
313 4816 401 4891 plura
415 4830 479 4888 que
494 4816 530 4873 ab
545 4822 663 4874 auctore
677 4816 756 4875 dicta
770 4821 851 4877 aunt.
860 4815 931 4874 alio·
983 4820 1056 4878 dum
1071 4817 1180 4891 retulit,
1192 4817 1228 4875 de
1242 4815 1328 4875 idolis
1343 4815 1374 4873 in
1384 4815 1690 4874 Moccauo'l'uroarum
1705 4813 1811 4886 templo

129 4917 180 4963 ram
191 4905 549 4977 auimoniiejarserantur,
564 4909 593 4963 et
606 4905 930 4964 stabiliantur.l)emum

127 4994 330 5072 nudiquaado
345 4995 383 5053 ad
399 5011 469 5053 suas
485 4993 574 5052 mittit
589 4993 620 5051 in
633 4995 766 5066 Arnobii,
794 4999 846 5053 aut
859 4994 930 5053 Wo-

122 5085 184 5144 vari
195 5085 225 5144 io
236 5086 315 5145 bunc
329 5083 451 5142 Minucii
465 5083 557 5142 nostri
578 5082 687 5142 librum
702 5084 931 5142 animadversio·

121 5190 173 5233 aas.
187 5178 384 5251 omnesperro
396 5172 933 5232 innsblmenhcretiinotaecronovius

121 5266 196 5324 subm
209 5280 290 5324 mora
308 5280 364 5323 sno
378 5262 551 5330 contemnit,
579 5278 740 5336 verumque
767 5262 841 5321 illud
867 5279 932 5322 ease

119 5359 266 5425 marat,
281 5353 359 5428 quod
371 5352 408 5409 ds
422 5351 459 5408 iis
474 5368 491 5408 a
505 5350 651 5426 Scaligero
666 5352 851 5411 anteaiucrat
866 5370 932 5427 pro·

117 5446 277 5505 nuntiatum
291 5442 440 5518 (Scaliger.
455 5439 541 5515 epist.
556 5442 610 5498 aso
624 5445 653 5500 et
665 5443 740 5516 261).

144 5538 211 5605 Qua
225 5550 295 5593 vero
309 5533 346 5591 ab
359 5529 484 5591 Heraido
498 5531 632 5604 proiecta
646 5536 728 5602 sunt,
742 5530 773 5589 in
786 5530 934 5606 plerisque

113 5625 167 5690 ilb
190 5628 230 5686 dc
256 5621 422 5697 amandato,
455 5621 649 5696 manuscripti
663 5622 735 5697 regii
750 5621 933 5694 auctoritate,

984 4907 1175 4968 constitutis?
1190 4907 1264 4976 Quid
1280 4922 1346 4965 vero
1360 4907 1398 4964 ad
1408 4904 1530 4964 Minucii
1545 4904 1726 4979 propositum
1741 4918 1812 4958 con·

984 4997 1068 5057 ducit
1081 4997 1197 5071 longior
1211 4994 1322 5057 Ouzalii
1336 4994 1504 5069 disquisitio
1519 4994 1556 5051 de
1570 5009 1658 5068 opera
1672 5007 1690 5048 a
1703 4989 1810 5046 Roma·

985 5087 1032 5146 nis
1046 5087 1077 5145 in
1091 5086 1222 5146 delubris
1236 5084 1418 5154 dedicandis,
1435 5083 1479 5141 vel
1498 5083 1535 5140 ab
1550 5081 1615 5139 aliis
1629 5079 1809 5154 quibusdam

985 5176 1018 5234 ln
1033 5175 1224 5234 observandis
1237 5173 1370 5251 auguriis
1383 5174 1463 5244 data,
1479 5187 1513 5229 ao
1522 5172 1558 5227 da
1571 5169 1665 5242 primo
1677 5167 1813 5242 augurio-

988 5280 1054 5323 rum
1070 5264 1233 5334 invsntorc,
1244 5268 1274 5321 et
1296 5264 1332 5320 da
1347 5259 1462 5318 delubri
1477 5256 1676 5332 etymologia?
1690 5255 1727 5314 Ut
1741 5257 1812 5331 quid

986 5354 1075 5412 etiam
1089 5353 1150 5426 illo,
1164 5352 1263 5412 oblata
1278 5350 1335 5408 sibi
1349 5350 1384 5407 de
1400 5350 1522 5406 deornm
1538 5350 1654 5405 tantum
1664 5346 1813 5406 natalibus

986 5443 1102 5502 dicendi
1116 5443 1278 5512 occasione,
1294 5439 1331 5498 ad
1358 5436 1557 5511 explanandos
1579 5435 1736 5495 bominum
1750 5441 1812 5498 tam

985 5531 1164 5610 principum,
1179 5545 1270 5605 quam
1280 5527 1471 5603 privatorum,
1486 5531 1574 5602 atque
1588 5526 1677 5587 etiam
1692 5530 1811 5587 urbium

987 5622 1102 5684 natales
1110 5619 1342 5696 dles,variosque
1348 5634 1451 5678 corum
1469 5617 1711 5679 celebrandorum
1724 5618 1809 5689 ritus,
