3892 6104
111 268 171 331 eoa
782 261 814 323 S.
838 260 1021 325 CORNELII
1042 262 1158 325 1>an

112 395 492 458 elcaeleramembra,·elsl
522 391 632 451 laelnlm
660 412 748 451 anam
772 395 938 452 membrum.
953 395 981 462 Α
996 393 1200 451 schismaticos
1225 397 1349 466 rejectus
1378 397 1414 453 ab
1432 395 1561 454 Ecclesia
1574 399 1710 455 transeat

115 487 299 546 collaelanlar
311 493 338 542 et
352 485 455 541 aedera
469 484 626 557 mentuali
640 485 703 541 Cor.
719 484 836 558 nate).
998 484 1053 539 etsi
1064 484 1303 557 occisusproptcr
1312 486 1441 541 ιιοιιιιιιιοἵ
1453 486 1640 558 postmodnm
1651 484 1716 545 iuer

149 576 221 634 XVl.
237 573 301 631 Alia
316 579 360 631 eet
376 572 618 647 philosophorum
636 578 665 629 et
676 573 840 630 Stoicorum
857 572 942 644 ratio,
998 571 1156 629 Ecclesiam
1174 573 1353 630 constitutus
1368 578 1396 629 et
1410 574 1446 630 ab
1461 573 1572 631 unitate
1596 578 1716 647 atquae

114 666 205 724 irater
220 662 401 730 charissime,
418 660 469 734 qui
485 661 587 718 dicant
602 661 701 718 omnia
721 666 839 733 peccata
859 659 943 733 paria
998 664 1056 716 tate
1070 661 1193 730 divisus,
1210 662 1342 718 coronari
1358 661 1389 717 in
1404 666 1497 719 morte
1512 680 1572 719 non
1588 661 1710 737 poterit.

116 771 182 812 esse
196 757 225 809 at
245 751 340 808 virum
364 766 482 823 gravem
507 766 565 805 non
590 748 675 806 facile
696 749 772 807 flecti
799 753 941 822 oportere.
997 748 1134 822 placauit,
1152 749 1240 806 irater
1253 749 1436 824 charissime,
1459 751 1636 809 examinetis
1651 767 1716 809 mni

114 845 194 901 lnter
208 838 389 898 Christianos
405 842 503 894 autem
520 837 711 911 philosophos
723 837 882 912 plurimum
899 836 940 892 di·
997 837 1142 910 gulosum,
1165 838 1339 897 libellaticos
1358 839 1476 896 interim
1501 838 1628 907 admitti,
1653 856 1716 897 sset

115 935 184 990 stat.
201 930 317 986 lltcum
342 926 499 1000 Apostolus
527 926 615 994 dicat,
647 926 735 982 Videte
758 941 793 982 ne
820 927 942 998 qulaoos
996 927 1026 981 in
1043 928 1120 983 exitu
1135 927 1383 999 subvenirizqua
1398 928 1614 1002 Exomologesis
1626 929 1708 1003 epod

115 1019 292 1094 depraedetur
304 1033 354 1090 per
366 1016 569 1090 philosophiam
596 1019 622 1071 et
651 1017 768 1071 inanem
792 1015 942 1088 fallaciam
996 1031 1055 1072 non
1071 1019 1182 1085 estmoe
1198 1017 1235 1072 ad
1250 1015 1453 1090 poenitentiam
1468 1017 1534 1088 quis
1549 1035 1567 1074 a
1581 1017 1672 1075 nobis
1686 1033 1716 1075 rt

116 1110 227 1184 (dolon.
244 1124 276 1176 ιι,
291 1107 330 1179 8),
346 1106 465 1162 vitanda
479 1109 581 1161 sunta
605 1103 689 1161 nobis
704 1120 769 1177 qnae
795 1120 853 1160 non
869 1102 891 1138 ⁶⁸
906 1103 942 1158 de
996 1109 1102 1176 polest,
1118 1104 1143 1161 ei
1159 1105 1271 1161 fructus
1287 1105 1464 1177 paenitentia
1479 1105 1689 1163 subtrahatur.
1710 1107 1716 1161 l

115 1198 165 1254 Dei
182 1194 338 1253 clementia
350 1193 540 1261 veniunt,scd
556 1193 593 1250 de
607 1191 800 1266 philosophia
813 1190 941 1247 durioris
996 1191 1069 1248 lium
1083 1194 1106 1229 ⁸⁸
1122 1193 1203 1265 prius
1217 1195 1340 1266 venerit,
1356 1195 1561 1251 corroboratus
1589 1212 1607 1252 a
1638 1194 1716 1252 nobit

116 1283 346 1360 praesumptione
361 1281 552 1338 descendunt.
569 1281 610 1337 De
635 1281 734 1350 Moyse
757 1283 855 1337 autem
869 1278 941 1352 legi·
997 1281 1078 1337 nitur
1092 1286 1225 1338 armatus
1238 1283 1262 1318 ⁸⁰
1275 1282 1310 1339 ad
1327 1281 1469 1355 praelium.
1487 1282 1518 1340 Si
1533 1299 1601 1341 vero
1613 1288 1715 1357 anlep

116 1388 184 1429 mus
200 1371 230 1426 in
254 1368 413 1442 Scripturis
432 1367 542 1424 dictum
572 1386 578 1424 :
604 1369 635 1424 El
656 1370 710 1440 tait
732 1368 833 1441 llopeee
864 1368 942 1423 horno
996 1369 1153 1427 infirmitas
1170 1371 1593 1446 ursaritt⁰,cunasolatlo(ll)
1610 1372 1716 1447 pacina

118 1457 395 1530 lenienimiettilt)
423 1457 515 1529 (Num.
546 1473 597 1527 ιιι,
625 1457 665 1526 3),
694 1460 729 1512 lit
753 1455 941 1512 Dominusin
996 1459 1205 1516 manicationis
1224 1459 1365 1517 abscedit.

116 1547 272 1621 Evangelio
288 1563 341 1602 suo
356 1545 445 1615 dicit;
466 1547 562 1601 Estote
577 1545 766 1601 misericorder
780 1546 813 1614 ⁸⁰,
830 1545 902 1600 sicat
916 1548 943 1599 et
1030 1547 1128 1604 XVlll.
1155 1548 1255 1620 Neque
1287 1547 1365 1604 enim
1389 1549 1584 1620 praedicamus
1604 1548 1716 1607 Domin

115 1642 301 1694 Paterveslcr
317 1635 532 1691 mirerlaeeat⁸¹
551 1634 607 1707 (43)
627 1635 710 1690 uestri
738 1635 812 1705 (Lac.
828 1648 869 1704 vr,
885 1633 940 1702 36).
996 1650 1097 1693 cataro
1112 1637 1275 1708 quominus
1287 1636 1311 1692 si
1327 1635 1527 1709 paenitentiam
1539 1635 1660 1711 plenam
1671 1640 1716 1707 et¹

116 1730 150 1782 Et
164 1726 272 1782 iterum
293 1724 375 1780 :Non
385 1731 426 1778 est
444 1739 511 1795 opas
539 1723 616 1778 sanie
644 1723 774 1790 predicar,
806 1721 881 1777 188
896 1720 942 1777 aad
956 1766 980 1831 B
996 1724 1157 1796 peccatoris
1172 1724 1395 1791 invenerit,tunc
1406 1728 1503 1781 ratum
1514 1726 1606 1782 iaciat
1620 1726 1702 1798 quod

116 1815 190 1872 male
202 1814 364 1870 habentibus
379 1811 484 1883 (llallh.
501 1829 540 1877 ιι,
558 1813 611 1885 12).
635 1812 726 1876 Quam
752 1815 848 1884 potest
861 1825 941 1865 exer·
997 1813 1086 1869 luerit
1101 1813 1149 1868 hic
1164 1817 1307 1869 statutum
1324 1815 1357 1869 Ἰ.
1373 1814 1403 1870 Si
1427 1830 1494 1870 vero
1519 1831 1573 1870 nos
1599 1814 1712 1886 aliquis

117 1919 182 1961 cere
195 1902 372 1959 medicinam
387 1901 437 1973 qui
458 1900 529 1956 dicit
546 1901 623 1974 :Ego
643 1900 723 1956 solus
749 1916 836 1955 sanos
861 1915 940 1969 curo,
997 1902 1093 1958 tentius
1113 1900 1301 1958 simulatione
1317 1902 1468 1971 deluserit,
1491 1902 1579 1969 Deus,
1606 1903 1657 1974 qui
1675 1920 1715 1960 no

118 1993 226 2066 quibos
252 1990 383 2047 medicus
406 1988 590 2044 necessarius
610 2004 668 2044 non
691 1995 745 2058 est,
775 1986 864 2059 Opem
891 2004 941 2043 no·
997 1992 1082 2047 detur
1104 1989 1174 2062 (Gal.
1191 1991 1242 2063 va),
1256 1995 1284 2047 el
1298 1991 1348 2064 qui
1364 2008 1413 2047 eor
1433 1991 1560 2047 hominis
1575 1991 1711 2051 intuetur

117 2085 209 2138 stram
225 2077 405 2148 ⁸²,medelam
422 2082 550 2134 nostram
565 2076 726 2133 vulneratis
741 2076 876 2132 exhibere
892 2077 941 2132 de·
996 2079 1066 2151 ινι),
1084 2080 1118 2134 de
1134 2079 1181 2135 his
1197 2096 1260 2151 qua
1272 2095 1325 2136 nos
1340 2079 1439 2136 minus
1454 2079 1658 2152 perspeximus
1669 2081 1716 2152 jue

117 2171 233 2226 bemus.
247 2167 305 2224 Nec
320 2170 458 2239 putemus
475 2169 695 2235 mantuanense,
720 2164 771 2220 sed
788 2162 882 2236 magis
897 2180 942 2220 se·
997 2184 1147 2225 servorum
1161 2168 1237 2224 aee
1253 2168 1556 2225 suerumsententiam
1566 2167 1713 2224 Dominus

120 2258 277 2314 mianimes
291 2256 390 2327 jacere
418 2269 468 2310 eos
496 2270 571 2326 quos
600 2252 802 2326 persecutione
827 2253 944 2309 lunesto
998 2259 1047 2314 dat
1063 2274 1070 2325 ;
1087 2259 1157 2314 dum
1173 2261 1270 2313 tamen
1287 2273 1340 2313 nos
1356 2256 1716 2328 meminisso,lraterohast

119 2342 460 2403 sauciatoat’viuamua:
476 2343 525 2414 qui
542 2341 715 2398 eiintotum
726 2341 945 2396 mortalessent
998 2344 1158 2400 debeamus
1173 2345 1316 2416 scriptum
1338 2360 1412 2412 esse,
1427 2349 1525 2402 Frater
1545 2344 1666 2419 fratrem
1690 2361 1716 2402 at

121 2448 275 2506 nunquam
290 2433 327 2487 de
341 2431 452 2487 eisdem
467 2430 490 2465 ⁸⁴
504 2431 692 2503 postmodum
712 2434 741 2485 et
761 2430 944 2486 confessores
998 2433 1177 2502 exallabitur,
1194 2433 1285 2504 (Pron.
1302 2449 1382 2503 xvnr,
1398 2433 1442 2503 19)
1457 2437 1485 2489 et
1507 2432 1682 2505 Apostolum
1707 2449 1716 2489 s

127 2528 157 2580 et
171 2525 313 2592 martyres
328 2521 441 2576 flerent.
999 2521 1107 2577 dixisse
1124 2539 1130 2577 :
1148 2521 1179 2577 ln
1194 2522 1423 2593 contemplatione
1433 2522 1563 2578 habentes
1573 2523 1716 2594 unusquis!

157 2611 240 2668 xvtl.
257 2609 312 2666 Sed
327 2608 466 2681 quoniam
482 2611 526 2665 est
544 2608 573 2663 in
590 2606 649 2664 illis
672 2606 749 2679 qnod
775 2607 945 2679 paenitentia
999 2617 1025 2664 et
1038 2624 1083 2664 voa
1098 2610 1253 2675 loommini,
1267 2608 1434 2664 alterutram
1445 2625 1528 2665 anna
1543 2610 1711 2666 ⁷’sttalr'nele

120 2704 262 2772 sequente
276 2699 299 2735 ⁸⁵
314 2698 472 2754 revalescat
485 2699 519 2751 ad
539 2697 637 2765 iidem,
653 2704 682 2752 et
696 2697 732 2751 ad
755 2695 892 2751 virtutem
909 2697 944 2750 de
998 2700 1038 2752 ric
1064 2696 1251 2768 adimplebitis
1277 2698 1364 2768 lepem
1392 2697 1498 2754 Christi
1521 2698 1593 2770 (Gal.
1621 2715 1661 2755 ιι.
1684 2699 1716 2770 2)

122 2786 291 2863 paenitentia
306 2789 395 2842 robur
408 2786 431 2822 ⁶⁶
446 2790 588 2854 armatur,
605 2784 681 2857 quod
696 2784 804 2840 armari
819 2801 876 2840 non
894 2802 944 2857 po·
999 2785 1077 2857 quod
1093 2786 1236 2857 superbos
1250 2784 1272 2821 ¹³
1288 2785 1464 2858 redarguens
1479 2791 1508 2841 et
1531 2784 1716 2859 arrogantian

119 2879 198 2947 terit,
218 2874 325 2948 siquis
349 2873 552 2945 desperatione
566 2871 694 2940 deliniat,
718 2872 742 2928 si
769 2874 805 2929 ab
820 2872 946 2929 Ecclesia
999 2889 1081 2946 gens,
1098 2873 1128 2927 in
1143 2872 1268 2946 epistola
1283 2890 1337 2928 sna
1352 2879 1441 2945 ponat
1457 2891 1464 2930 :
1481 2876 1514 2930 Et
1528 2876 1576 2946 qai
1591 2891 1619 2930 se
1631 2877 1713 2946 palat

120 2970 193 3025 duro
208 2971 236 3021 et
250 2961 406 3021 crudeliter
429 2965 599 3034 segregatus
623 2962 659 3017 ad
683 2960 806 3032 gentiles
833 2978 865 3018 se
884 2962 945 3019 vias
1000 2962 1090 3018 uideat
1105 2978 1139 3017 ne
1149 2961 1228 3017 cadat
1243 2963 1266 3033 (l
1281 2962 1343 3018 Cor.
1359 2979 1388 3030 x,
1406 2963 1468 3034 12);
1484 2968 1513 3018 et
1527 2961 1584 3019 alio
1600 2963 1630 3019 in
1646 2962 1709 3020 loco

121 3062 150 3113 et
164 3052 315 3112 secularia
334 3066 422 3123 opera
443 3055 599 3119 convertat,
615 3047 660 3106 vel
683 3050 719 3105 od
744 3049 894 3106 hereticos
917 3055 946 3106 et
1001 3052 1037 3106 Ta
1051 3052 1111 3122 qais
1125 3065 1152 3105 ea
1167 3053 1216 3123 qul
1224 3050 1335 3123 judicas
1350 3051 1475 3106 alienam
1487 3054 1620 3107 seruum?
1634 3052 1716 3108 Domi

828 3166 930 3228 Variae
945 3164 1106 3228 lectiones.

159 3278 181 3320 ¹⁸
195 3277 242 3333 Sic
255 3278 333 3332 Lam.
350 3273 416 3330 nod.
434 3272 460 3328 3.
477 3271 559 3327 Ehor.
574 3273 637 3338 lin,
653 3275 687 3328 Ν.
704 3271 732 3327 C.
751 3272 776 3325 1.
787 3270 916 3327 Vitanda
931 3289 994 3345 qua
1006 3289 1063 3328 non
1080 3272 1168 3329 Oeen.
1220 3273 1242 3307 ⁸⁸
1258 3272 1523 3329 Lenissimuslam.
1540 3274 1622 3330 Ebor.
1639 3272 1716 3330 nola

124 3354 151 3408 1.
204 3348 227 3385 ⁶⁰
241 3348 340 3403 lia-tole
355 3362 424 3414 argo
437 3344 642 3399 misericordes
655 3341 721 3398 nou.
737 3343 763 3397 3.
779 3342 930 3407 Quomodo
955 3348 1039 3399 Pater
1066 3346 1122 3413 lar,
1173 3344 1195 3379 ⁶¹
1221 3343 1384 3400 Misericors
1405 3350 1451 3400 est
1475 3344 1540 3401 Bod.
1557 3346 1584 3400 3.
1609 3345 1716 3401 iidem⁴

120 3425 144 3460 ⁸²
160 3420 250 3492 Opem
267 3425 397 3474 nostram
413 3423 442 3470 et
457 3415 600 3469 medelam
617 3413 895 3478 vulneratisllod.l,
947 3414 1407 3471 1ηΒιιιιοίοιὶιαιιι.Βοά.2Εἱιον.
1436 3415 1468 3470 lt.
1493 3417 1565 3471 tal.
1617 3417 1642 3452 ⁸⁴
1670 3416 1712 3474 Nn

125 3495 214 3549 iidem
229 3489 333 3547 noue.
371 3487 395 3521 ⁸⁸
410 3486 584 3540 l'oenitentia
600 3489 769 3556 l'requenler
783 3485 862 3540 bani.
878 3486 956 3541 libor.
970 3487 1032 3541 lin.
1049 3484 1120 3541 lte.
1139 3487 1164 3540 1.
1182 3486 1248 3541 llud.
1265 3489 1291 3540 2.
1330 3487 1596 3559 ⁸·nepoenitenttae
1619 3488 1716 3545 robore

123 3556 915 3620 ltt'.1none.ponitentlaroburarmaturtotto..
955 3557 976 3592 ⁸⁷
992 3557 1101 3612 Nomen
1123 3556 1230 3611 Christi
1255 3556 1321 3612 liotl.
1336 3561 1363 3612 2.
1401 3558 1423 3592 ⁶⁸
1447 3558 1477 3613 Si
1501 3575 1568 3632 ergo
1612 3557 1716 3616 ration

123 3634 204 3690 Ebor.
221 3633 252 3687 hl.
269 3631 297 3684 C.
309 3631 334 3682 1.
372 3629 395 3708 ⁶⁹.
410 3628 575 3681 invenietur
588 3635 617 3680 et
632 3634 764 3682 armatus
780 3628 857 3681 bam.
871 3629 951 3682 libor.
968 3628 1028 3683 lin.
1040 3629 1073 3683 N.
1085 3627 1114 3682 d.
1152 3628 1350 3684 ⁷⁰1nfirmitns
1365 3629 1476 3684 venerit
1492 3630 1567 3685 lam.
1584 3576 1716 3687 horatia

124 3703 235 3760 boat.
273 3702 296 3737 ³¹
315 3700 412 3754 Puerrt
425 3704 569 3754 statutum
584 3701 660 3754 tam.
679 3700 758 3754 libor.
775 3699 807 3754 N.
825 3698 854 3754 C.
872 3699 896 3753 l.
936 3698 959 3732 '²
974 3697 1067 3755 Onera
1080 3703 1177 3754 vestra
1193 3703 1268 3755 Lam.
1287 3703 1372 3754 Ebcr.
1387 3700 1420 3756 N.
1443 3700 1471 3756 C.
1493 3701 1513 3757 Ι.
1566 3701 1716 3759 ”itemsn

123 3777 201 3832 lam.
218 3771 301 3828 Ponit
315 3773 391 3826 Lam.

830 3867 995 3929 variorum
1011 3873 1104 3929 nola.

124 3980 176 4038 illa
191 3980 268 4034 recte
283 3975 392 4057 dieitur
406 3974 485 4029 lassa
500 3990 563 4056 qous
578 3972 704 4056 multnm
727 3974 851 4056 arpando
869 3973 949 4029 labo·
965 3980 986 4047 c
1005 3975 1127 4054 tentiam
1141 3971 1222 4028 illam
1237 3972 1353 4029 videtur
1367 3991 1424 4031 non
1440 3975 1619 4101 approbasse
1646 3979 1716 4033 Sene

125 4054 249 4114 neverat,
266 4053 298 4103 ut
310 4048 404 4102 verbis
420 4050 485 4100 utar
499 4045 665 4117 Hieronymi
680 4061 709 4099 ιιι
723 4045 845 4116 epistola
858 4044 891 4100 de
903 4045 950 4099 Fi·
1008 4046 1086 4101 enim
1101 4061 1131 4098 in
1148 4044 1276 4116 Epistola
1291 4045 1326 4100 66
1343 4063 1349 4100 :
1367 4045 1467 4113 Quomo
1488 4062 1503 4103 o
1517 4051 1631 4118 possunt
1652 4048 1716 4131 pari

128 4126 167 4180 tio
176 4121 296 4248 smodipo
310 4119 345 4173 ad
361 4122 471 4188 Papam
487 4117 657 4172 Damasum.
674 4115 769 4171 Banna
1008 4120 1083 4172 esse?
1097 4116 1167 4240 Ergo
1182 4117 1296 4171 virtuter
1311 4118 1385 4172 inter
1398 4134 1426 4173 ee
1434 4133 1518 4188 pares
1529 4121 1617 4174 santi
1631 4118 1716 4176 Vndei

164 4192 355 4264 (theccala
385 4190 476 4257 paolo.
502 4187 749 4260 hieronymusin
779 4184 902 4257 epistola
918 4186 953 4240 ad
1008 4193 1113 4242 retum.
1156 4188 1411 4244 idestiamsancti
1432 4189 1588 4261 Augustini
1612 4206 1659 4247 res
1698 4205 1716 4244 n

128 4257 953 4328 PammachiumdeborrnilionePualinae,inlibropri-
1009 4259 1044 4314 ad
1078 4258 1232 4329 epistolam
1266 4259 1392 4315 Nectarii
1430 4261 1466 4315 de
1495 4260 1611 4333 negotio
1702 4277 1716 4319 s

128 4354 176 4392 mo
192 4334 323 4391 aduersas
346 4332 501 4399 Pelopiam.
525 4337 553 4384 et
581 4329 632 4398 lib,
649 4345 669 4383 ιι
684 4327 813 4383 aduersus
826 4329 954 4384 lavinia·
1010 4331 1118 4385 Banna.

126 4402 391 4462 namaitStoicos
415 4402 603 4457 contendisse
638 4406 835 4469 peccatorese
856 4401 950 4471 paria.
1045 4401 1308 4471 (imbonianimis.
1334 4400 1366 4455 ln
1395 4416 1445 4456 sex
1472 4400 1554 4457 libris
1579 4401 1716 4458 nostrisa

126 4476 298 4533 Lactantius
319 4491 384 4545 cap.
404 4473 438 4527 38
455 4473 613 4543 llpitomes‚
630 4470 753 4540 loquens
769 4469 804 4525 de
829 4474 954 4535 Zenone,
1010 4474 1038 4526 at
1053 4470 1082 4525 in
1100 4475 1227 4543 quatuor
1241 4470 1410 4543 Anglicanis
1432 4473 1575 4556 scriptum
1597 4478 1644 4528 est
1661 4472 1716 4530 leni

129 4547 294 4604 scoioanm
324 4544 465 4614 magistro
483 4559 489 4598 :
507 4544 577 4598 llam
603 4541 675 4613 qaod
703 4542 769 4596 dicit
794 4544 876 4612 paria
899 4557 956 4597 erse
1010 4543 1090 4607 Quod
1108 4543 1228 4614 propius
1256 4541 1368 4597 accedit
1384 4545 1419 4598 ad
1436 4544 1716 4617 editionemvnlgats

126 4627 237 4691 peccata
252 4617 397 4671 arcadem
411 4617 584 4669 immunitate
601 4618 641 4669 eat
655 4629 711 4685 qua
737 4611 955 4668 misericordium
1010 4616 1203 4676 Numerarem,
1221 4630 1284 4685 qua
1300 4613 1387 4669 babet
1403 4616 1574 4670 mitissimae.
1587 4615 1697 4672 Banna.

128 4691 202 4747 uelut
228 4687 356 4742 marham
385 4687 545 4739 insectatur.
571 4684 748 4739 Plutarchus
775 4683 806 4738 in
828 4683 902 4738 libro
923 4682 957 4738 tte
1045 4684 1240 4754 (lSthlisertae
1260 4691 1309 4740 ast.
1332 4683 1375 4740 lta
1422 4686 1515 4742 rimus
1540 4686 1660 4759 scripsit
1682 4686 1716 4743 Er

131 4763 264 4817 laicorum
300 4757 499 4827 Repupnanliia
539 4755 640 4810 scribit
680 4770 775 4825 neque
804 4760 955 4825 peccatum
1013 4757 1092 4810 Hanc
1107 4761 1205 4811 autem
1220 4754 1375 4811 lectionem
1412 4757 1614 4829 eprehendiin
1631 4772 1716 4814 nosen

130 4836 248 4905 peccato
265 4832 362 4898 majus
377 4843 442 4882 esse
457 4843 551 4896 neque
567 4828 702 4881 virtutem
723 4824 823 4880 virtuti
839 4831 957 4897 praesta·
1015 4827 1099 4882 cibus
1121 4826 1259 4896 antiquis.
1283 4827 1313 4882 ln
1330 4826 1425 4882 tribus
1448 4828 1513 4882 aliis
1527 4831 1557 4883 et
1571 4829 1600 4883 in
1616 4828 1716 4902 antiqu

130 4922 171 4961 re.
188 4899 361 4961 Cassianus,
376 4898 427 4952 lib.
448 4915 474 4951 v.
491 4914 555 4970 cap.
578 4898 607 4952 ll
629 4895 820 4953 :Cunctorum
838 4912 957 4967 namque
1011 4899 1142 4953 tionibus
1166 4897 1273 4967 legitur
1298 4899 1453 4954 misericors
1489 4903 1538 4954 eet.
1579 4901 1649 4964 Quae
1676 4903 1716 4956 eal

129 4977 310 5032 virlalamel
327 4986 383 5024 uno
411 4977 512 5023 notura
541 4976 590 5037 eal,
618 4966 683 5022 licet
704 4971 733 5023 ln
754 4968 959 5023 mallaatlioidl
1011 4967 1135 5040 vulgata
1164 4968 1301 5024 editionis
1336 4969 1484 5040 Evangelii
1522 4973 1688 5028 secundam
1712 4970 1716 5025 l

130 5049 231 5117 species
256 5050 283 5099 el
309 5038 446 5098 uocabula
472 5040 607 5094 armentar.
636 5039 747 5093 Seneca
776 5039 866 5110 [epist.
883 5040 957 5093 120:
1014 5039 1118 5094 Binan.

130 5112 534 5175 Suntenimoirlullbusultia
562 5110 692 5178 confinia.
715 5109 958 5182 Etlliaronymus
1049 5111 1108 5193 (ll)
1124 5110 1192 5165 Cam
1220 5109 1331 5166 solatio.
1361 5114 1405 5166 lta
1432 5116 1544 5193 septem
1573 5112 1644 5168 libri
1671 5114 1716 5169 ret

130 5191 272 5246 advorsus
287 5182 489 5240 luciferianos
506 5198 513 5236 :
532 5182 625 5236 Vicina
639 5184 703 5236 sunt
716 5182 786 5236 vitia
798 5182 957 5236 virtutibus.
1014 5182 1103 5237 editio
1118 5182 1295 5237 Marotiana.
1318 5182 1436 5238 Netsrcs
1468 5189 1568 5256 itaque
1587 5184 1716 5241 editione

131 5260 281 5316 bicctiam
298 5253 500 5323 Quintilianus
529 5252 580 5307 lib.
599 5269 641 5320 111,
657 5268 721 5324 cap.
737 5253 765 5317 7,
790 5252 959 5318 etlib‚vu1,
1015 5260 1126 5323 septem
1143 5252 1207 5308 libri
1225 5254 1716 5329 vetareshnbentcomotmorlagat

133 5349 196 5402 cop,
212 5331 240 5384 3.
256 5327 365 5390 Cicero.
388 5325 438 5380 lib.
454 5341 486 5380 ιιι
513 5323 742 5379 Olliciorumth
772 5326 887 5394 meipso
902 5323 944 5377 dis
979 5325 1045 5403 pin
1062 5330 1188 5395 quatuor
1212 5325 1351 5395 antiquis.
1383 5331 1411 5381 lo
1429 5343 1487 5381 uno
1514 5341 1579 5382 meo
1608 5326 1716 5400 scriptu

134 5404 270 5456 sericatum
284 5409 332 5465 eat,
349 5399 492 5468 quianam
507 5395 589 5450 habet
604 5410 697 5450 omnes
712 5393 812 5450 hahere
835 5397 959 5449 uirtutes.
1016 5398 1046 5450 in
1069 5396 1251 5451 consolatione
1270 5398 1346 5467 pacis
1371 5405 1398 5452 el
1425 5398 1683 5455 communicationis
1706 5414 1716 5453 a

132 5472 203 5526 llidc
224 5470 311 5525 etiam
339 5469 495 5533 Paradene,
520 5466 569 5522 ubi
599 5467 693 5521 fusius
714 5465 958 5520 istatrnctantur.
1016 5467 1119 5522 Baton.

134 5538 512 5598 llttamenideminlibro
534 5538 681 5607 primodo
702 5539 818 5594 Oratore
842 5537 961 5608 scripsit
1050 5539 1106 5607 (45)
1136 5535 1284 5591 Sustinele.
1315 5536 1409 5592 Codex
1441 5537 1634 5605 Sobornious‚
1662 5548 1716 5597 sau

134 5615 286 5684 spinosam
302 5616 331 5666 et
345 5609 450 5665 exilem
466 5611 627 5665 orationem
642 5625 742 5665 eornm
760 5624 825 5664 csse
847 5608 896 5680 qui
912 5609 958 5661 di·
1015 5609 1167 5674 Forensis,
1182 5611 1298 5677 portate.
1315 5607 1421 5663 tithan
1434 5614 1480 5664 est
1494 5608 1583 5668 lentio
1597 5610 1716 5689 vulget!

135 5689 207 5744 cunt
221 5681 272 5757 qui
286 5681 423 5739 virtutem
438 5679 545 5739 habeat
558 5695 626 5739 aum
642 5695 745 5743 omnes
759 5680 954 5755 habere.Sen·
1014 5679 1060 5737 nis
1074 5677 1205 5756 epistole
1221 5678 1257 5739 ad
1272 5677 1394 5741 eatam.
1411 5679 1515 5742 Batus.
