3892 6104
1549 51 1557 61 .
1587 37 1631 72 ta·
1661 23 1869 88 'J'j'T-'ii'fifflss‘

1549 100 1553 107 .
1574 73 1601 97 ¹·
1627 70 1632 78 ¹
1677 72 1734 107 est:
1751 80 1758 99 ἲ
1774 63 1817 113 ·.““,“,

137 268 214 336 teos
659 264 713 333 uu
734 262 1033 337 henettceltett
1053 266 1320 336 clericusne.
1766 272 1840 335 sees

137 402 228 461 simul
243 400 454 460 inhabitantes.
472 402 553 469 Quod
569 406 598 460 et
618 400 835 473 denominaret,
850 403 963 478 quiast
977 406 1003 473 Α
1019 405 1123 463 steti
1137 402 1226 461 simul
1242 404 1388 473 invocent,
1404 402 1455 461 sed
1480 402 1664 477 separatiset
1688 402 1793 461 divisis
1806 404 1841 461 ab

135 492 281 567 spiritalis
296 493 403 549 demus
419 492 470 549 Dei
482 509 541 548 una
553 498 608 549 est.
624 494 684 549 sris
700 496 776 549 enim
796 494 826 550 ia
849 495 963 551 eervissi·
1017 492 1139 551 lnvlcem
1152 508 1204 549 nec
1214 492 1480 565 constabulatiolarn
1495 493 1589 565 possit
1604 498 1735 549 essesut
1748 506 1842 551 sermc

135 584 199 651 mit,
216 584 257 639 ait
286 583 551 656 prophetantibus
570 583 737 659 manifestas
757 600 834 641 mens
854 585 963 641 Deciani
1016 582 1841 655 communisll'iaiquednosgrntiamreierreStephane

136 674 273 729 eleemos
294 668 346 729 cet
365 688 447 743 stipor
474 675 591 728 vertices
616 675 751 728 mentium
774 676 842 739 (lan.
869 690 911 741 ιι).
929 677 960 728 ln
1017 672 1046 727 in
1060 670 1116 727 iste
1131 688 1289 743 pessumus
1318 673 1397 745 quod
1422 688 1473 745 par
1487 672 1567 729 illius
1595 670 1842 729 inhumanitatem

138 776 227 835 quam
242 760 447 818 convenientes
463 762 486 798 ²⁸
500 778 567 817 curn
581 762 769 833 jucunditate
784 762 961 831 adunantur,
1018 777 1096 816 nuno
1111 760 1245 816 ellectum
1261 760 1299 816 sit
1311 764 1343 815 ut
1357 760 1424 817 fidei
1435 762 1621 833 etsapientiae
1636 766 1741 817 vestrae
1756 778 1841 833 expe-

137 852 300 907 secundum
317 851 393 922 qued
410 856 439 906 et
454 850 484 905 iu
500 850 616 906 Psalmo
631 851 686 906 hec
702 850 866 923 postolatur
881 868 897 906 a
910 850 964 908 De·
1017 849 1176 906 timentum
1191 864 1372 921 caperemus.
1388 850 1443 906 Sed
1460 852 1611 907 nonenim
1626 852 1648 885 ²⁵
1665 850 1691 907 si
1708 866 1763 906 nes
1779 866 1842 923 pre-

138 940 219 997 mlne
234 939 398 995 inhabitare
413 940 442 995 in
459 940 545 995 domo
566 939 614 995 bei
636 956 686 1011 per
698 956 801 997 omnes
822 940 885 996 dies
900 940 962 995 vitae
1018 944 1082 1011 pter
1096 938 1279 1011 Stephanum
1299 937 1374 994 bane
1397 939 1530 995 banelleii
1557 940 1685 1013 gratiam
1702 940 1843 1012 neptium,

138 1026 227 1101 (Psoi.
250 1028 338 1100 xxvi).
356 1026 435 1085 Unde
462 1034 491 1084 et
512 1028 541 1082 in
567 1028 623 1084 alio
655 1027 716 1084 loco
745 1029 963 1085 manifestatum
1017 1026 1116 1084 statim
1131 1027 1295 1100 Stephanus
1311 1026 1450 1085 benellcie
1466 1028 1559 1101 gratia
1576 1030 1668 1102 digna
1684 1020 1841 1085 commisit·

138 1116 263 1173 estesse
279 1116 357 1189 apud
372 1122 489 1173 sanctes
502 1132 638 1189 magnam
660 1114 819 1173 veluntatis
836 1118 963 1174 charita·
1018 1118 1117 1189 Neque
1131 1117 1210 1173 enim
1220 1122 1250 1172 et
1260 1117 1274 1172 J
1280 1116 1353 1173 udas
1368 1117 1490 1190 pertidia
1500 1134 1553 1173 sua
1567 1124 1598 1175 et
1610 1118 1846 1192 proditioneque

139 1212 200 1263 tem
228 1206 258 1261 in
288 1223 381 1261 unum
404 1204 558 1262 convenire
572 1205 639 1277 (62).
660 1206 737 1274 Ecce,
761 1206 866 1279 inquit,
881 1224 965 1281 quom
1019 1207 1157 1263 scelerate
1172 1206 1249 1261 circa
1263 1204 1440 1263 Salvatorcm
1456 1214 1593 1279 operatus
1608 1213 1664 1275 ast,
1682 1208 1794 1281 dignus
1807 1210 1845 1264 vi·

141 1298 244 1351 emaum
253 1298 280 1351 st
289 1294 456 1366 voluptabile
467 1298 508 1350 eat
518 1301 548 1349 ut
565 1296 798 1365 lvcbitmttretres
815 1298 965 1351 inensam!
1019 1295 1079 1351 dori
1095 1300 1191 1368 petest
1205 1295 1290 1365 quasi
1305 1310 1423 1351 causam
1444 1297 1588 1353 bonerum
1613 1304 1768 1353 tantorum
1789 1296 1846 1371 ipse

177 1384 212 1443 ll.
226 1384 373 1439 adunatio
387 1384 466 1439 enirn
482 1388 511 1439 et
533 1398 589 1455 pax
612 1388 641 1439 et
664 1384 831 1449 eoncordia,
848 1400 905 1440 nen
922 1401 966 1441 se·
1020 1384 1187 1457 praetiterit
1203 1388 1235 1439 ut
1247 1400 1299 1457 per
1317 1382 1401 1439 illum
1418 1386 1548 1441 mundus
1562 1392 1590 1443 et
1601 1386 1740 1459 gentium
1757 1404 1844 1460 popu·

141 1470 204 1530 lum
220 1468 390 1530 hominihus
406 1472 542 1529 ildelibus
561 1476 589 1529 et
600 1472 843 1546 cognoscentibus
858 1472 966 1531 verita·
1020 1474 1067 1530 lus
1083 1472 1219 1529 Passieno
1234 1472 1351 1529 Domini
1365 1474 1388 1509 ²⁶
1402 1474 1577 1531 liberaretur
1590 1476 1659 1547 (el).

142 1566 213 1632 tem,
229 1563 279 1619 sed
303 1568 333 1617 et
358 1562 470 1631 angelis
498 1560 572 1634 ipsis
599 1558 766 1619 coelestibus
786 1562 965 1635 voluptatem
1056 1562 1105 1618 lll.
1121 1562 1177 1618 Sed
1192 1561 1254 1618 hae
1268 1562 1384 1618 interim
1396 1565 1506 1636 qnaeab
1518 1564 1668 1637 Stephane
1679 1571 1767 1638 gesta
1781 1572 1843 1621 sunt

143 1652 302 1709 maximam
313 1655 443 1724 prostat,
459 1650 566 1723 quibus
582 1651 652 1708 dicit
666 1668 762 1707 sermo
777 1651 968 1709 divinusessa
1022 1654 1250 1723 proclamantem
1266 1652 1375 1707 nedum
1400 1652 1528 1708 audaciae
1552 1658 1581 1709 et
1604 1653 1773 1710 insolentie
1787 1656 1843 1727 ejus

143 1740 284 1813 gaudium
299 1740 329 1795 in
344 1756 402 1796 une
425 1746 575 1813 peccatore
599 1740 798 1813 paenitentiam
823 1740 927 1813 agente
939 1746 968 1797 et
1023 1739 1224 1811 meminimus,
1236 1740 1272 1795 de
1284 1740 1372 1797 rebus
1384 1741 1419 1796 ab
1435 1758 1467 1797 eo
1483 1742 1616 1815 improbe
1628 1743 1723 1815 gestis
1738 1743 1840 1817 longio-

143 1830 179 1885 ad
204 1829 327 1885 unitatis
353 1828 504 1885 vinculum
535 1835 696 1886 revertente
721 1832 797 1901 (Luc.
813 1832 870 1903 xv).
885 1831 967 1896 Quod
1022 1846 1083 1885 rem
1100 1828 1367 1885 maestitiamnebie
1390 1830 1619 1887 interamnano
1642 1832 1730 1889 vobis
1753 1836 1841 1889 arven

144 1918 246 1991 utiquc
262 1936 318 1975 non
335 1918 482 1975 dicaretur
497 1920 533 1974 de
545 1916 658 1991 angelis
673 1918 925 1976 conversationem
937 1920 968 1977 in
1022 1918 1482 1991 cognoscentesqnodsecundum
1489 1918 1621 1993 regulam
1628 1920 1841 1977 veritatisetsa·

144 2008 226 2065 eoelis
244 2008 431 2074 habentibus,
445 2007 501 2063 nisi
527 2008 582 2081 ipsi
613 2025 729 2081 quoque
757 2012 855 2066 essent
884 2007 969 2066 nobis
1023 2006 1162 2079 pientiam
1174 2006 1552 2080 Christl,hocdequenunc
1566 2009 1841 2083 querttnrvniapo-

145 2098 276 2166 adunati,
299 2098 465 2169 quinestra
484 2098 662 2155 adunatione
695 2098 851 2167 laetantum
876 2102 969 2154 acute
1023 2094 1842 2173 marilianummagnalaetitiaexsultavimusetileegra·

144 2186 290 2243 contrario
304 2186 406 2257 utiquo
432 2186 656 2255 contristantur,
672 2184 788 2259 quando
811 2186 908 2243 vident
924 2186 969 2242 di·
1023 2188 1079 2243 tias
1090 2186 1215 2259 egimus,
1225 2186 1295 2259 quia
1309 2186 1475 2243 invenimus
1490 2188 1520 2243 in
1541 2185 1684 2244 iratribus
1696 2190 1758 2244 tam
1769 2186 1842 2261 longa

143 2291 243 2333 versas
259 2274 456 2347 quorumdam
469 2279 582 2332 mentes
609 2280 637 2331 et
660 2274 769 2333 scissas
792 2272 969 2349 voluntates,
1023 2275 1127 2348 positis
1138 2276 1193 2347 (65)
1204 2281 1315 2332 tantam
1326 2275 1554 2333 nobiscamfldei
1563 2276 1841 2335 etvaritntisunami·

142 2364 227 2437 quasi
249 2368 439 2419 nentantnm
468 2380 562 2420 unum
586 2364 643 2437 (63)
669 2371 697 2420 ct
721 2364 857 2421 evanidam
877 2364 969 2421 Deum
1024 2364 1157 2421 mitatem
1167 2364 1317 2421 ¹⁸.Potens
1336 2366 1382 2422 est
1398 2366 1477 2421 enim
1492 2364 1654 2439 grallaDci
1672 2367 1841 2439 copnlrmet

858 2518 961 2581 Varie
974 2518 1133 2579 lectiones.

174 2622 198 2658 ¹⁸
213 2626 245 2677 ln
260 2639 318 2695 qna
332 2623 535 2678 convenientes
550 2624 595 2679 Ar.
609 2622 676 2681 Sed.
700 2624 728 2681 2.
745 2622 767 2659 ¹⁸
781 2622 835 2679 Sir.
852 2630 900 2681 Ar.
917 2622 994 2681 hcm.
1011 2626 1090 2681 Ebur.
1104 2624 1158 2681 NG.
1180 2628 1201 2680 l.
1218 2624 1283 2681 Sed.
1298 2624 1325 2680 2.
1343 2624 1422 2682 llicit.
1441 2626 1508 2682 vet.
1530 2626 1618 2681 Enim
1649 2629 1742 2684 omitt.
1762 2628 1834 2684 Oeen.

134 2694 157 2729 ‘⁸
173 2694 217 2749 Sic
232 2696 297 2750 Lem
311 2694 390 2749 liber.
406 2694 461 2751 ΝΟ.
481 2701 503 2749 1.
521 2698 566 2749 Ar.
580 2696 647 2751 bort.
665 2696 691 2750 3.
708 2696 785 2750 llicit.
801 2698 892 2753 lieret.
910 2696 989 2753 eost.
1005 2698 1144 2753 Passieno
1168 2696 1281 2752 Domini
1309 2699 1396 2753 evnitt.
1415 2698 1501 2753 Oeen.
1518 2698 1541 2732 ²⁷
1558 2700 1618 2753 ileo
1634 2700 1672 2755 de
1692 2716 1750 2771 que
1765 2716 1829 2755 nunc

138 2765 333 2838 sequiturAr.
348 2768 427 2821 Lam.
442 2767 521 2823 liber.
536 2768 588 2825 tte.
608 2768 631 2822 l.
646 2768 708 2823 Mlt.
723 2768 788 2823 eoa.
805 2768 832 2822 2.
850 2769 873 2803 2⁸
889 2768 1026 2825 Veritatis
1042 2770 1185 2825 unitatem
1205 2770 1284 2823 l...m.
1299 2770 1380 2826 liber.
1396 2770 1443 2825 Ar.
1463 2770 1507 2825 CN
1531 2769 1557 2825 l.
1576 2770 1637 2827 llll.

861 2923 1027 2983 Varierum
1048 2926 1143 2983 notae.

137 3042 236 3107 lartii.
252 3040 303 3116 qui
323 3042 499 3117 cyprianum
528 3044 619 3101 edidit
633 3063 709 3102 anne
736 3044 815 3117 1593,
832 3044 968 3119 idemque
1024 3046 1091 3103 bere
1110 3046 1530 3119 rejicieatamenintextum
1545 3050 1828 3123 recipereneluerinl.

137 3116 307 3178 faciendum
324 3115 427 3172 euasit.
443 3120 541 3173 Graeca
556 3115 680 3173 inerant.
698 3113 808 3173 Rostra.
1022 3118 1094 3175 satis
1107 3116 1214 3175 lactum
1227 3119 1327 3176 laeteri
1348 3125 1483 3191 putantes
1494 3123 1518 3175 si
1538 3130 1697 3179 monerent
1711 3139 1742 3179 se
1754 3124 1788 3178 its
1798 3122 1829 3177 in·

173 3190 230 3261 (63)
243 3184 369 3259 Nepotem
389 3186 543 3244 violentam
564 3188 737 3251 alteritatem.
752 3190 781 3245 in
797 3206 884 3244 ertum
898 3206 963 3247 cea·
1019 3190 1133 3246 venisse
1147 3189 1176 3245 in
1187 3190 1316 3263 antiquis
1326 3192 1483 3248 codicibus.
1494 3193 1600 3249 liseur..

135 3264 241 3320 uenire.
257 3258 323 3342 llaec
336 3256 423 3315 verba
434 3261 540 3344 mendo
552 3278 609 3342 non
620 3277 717 3317 carere
732 3261 875 3316 videnlur.
888 3260 960 3326 Quid
1032 3332 1038 3343 ·
1053 3262 1109 3333 (65)
1124 3264 1283 3344 intranimse
1294 3266 1323 3319 tn
1337 3264 1475 3347 ssutribua
1488 3267 1592 3320 nostris
1606 3274 1667 3347 tam
1687 3266 1762 3334 lenes
1771 3264 1826 3335 peti·

136 3336 162 3462 ἲἰ
187 3329 702 3461 itt.¹titallltttll{lilith
719 3344 900 3459 ‘tellite
919 3349 961 3461 lt·
1014 3332 1825 3474 liaitflitlttl.tillet..3¹¹tisiflittifflttlllt

136 3424 228 3547 gagius.
246 3474 312 3543 qius
327 3446 486 3544 posteriore
501 3448 536 3529 ad
556 3422 711 3531 terentina
730 3421 902 3549 ipepohogaia
914 3479 963 3529 τοῦ
980 3478 1000 3544 (ζ
1020 3425 1749 3551 etnlauritnnvamaeclesiaquainpl'urimaiernm
1759 3478 1824 3535 etiarn

136 3548 236 3618 tilae,
251 3562 300 3609 vn.
328 3545 355 3601 ll
372 3563 379 3611 ;
394 3552 422 3601 ct
446 3546 476 3601 in
501 3546 647 3602 Glossariis
673 3548 741 3603 Velt.
756 3546 847 3603 habes
862 3548 880 3617 i,
895 3566 963 3623 προ·
1020 3562 1122 3603 omnes
1134 3548 1193 3603 lere
1203 3565 1267 3619 ques
1282 3548 1311 3604 in
1323 3550 1439 3605 Oriente
1451 3567 1556 3623 magne
1572 3566 1698 3607 nomem
1713 3552 1825 3607 Christis·

137 3620 231 3693 eapte,
246 3617 390 3695 elocutos.
408 3616 517 3673 Reunia.
1018 3634 1086 3703 nam
1100 3618 1236 3703 pietatem
1256 3622 1476 3691 profitebantur.
1499 3628 1532 3677 ln
1547 3624 1586 3678 iis
1597 3626 1698 3679 sutem
1724 3616 1824 3745 episcopi

175 3692 231 3765 (63)
254 3688 336 3757 Quasi
373 3702 425 3743 vovi
464 3694 570 3743 trintum
600 3705 696 3753 araeve,
726 3692 781 3745 ele.
811 3688 964 3746 Afferenda
1018 3690 1327 3748 notnnnmenitatum
1347 3694 1527 3750 celeberrimi
1548 3694 1824 3749 innominatimvn·

138 3770 285 3889 suntrana
302 3758 401 3813 dehoc
418 3757 479 3816 loce
493 3758 610 3829 scripsit
626 3760 667 3815 vir
689 3760 821 3817 eruditus
834 3760 963 3818 l'ruden·
1019 3760 1075 3817 cati
1098 3762 1222 3835 epistola
1248 3766 1282 3820 ad
1303 3763 1496 3836 Stephanum,
1516 3780 1583 3837 qens
1619 3766 1716 3837 prima
1741 3770 1779 3821 est
1793 3763 1819 3818 de

136 3834 197 3889 tius

138 3922 192 3970 nte.
213 3920 265 3960 seu
286 3902 486 3966 benedictinas,
525 3902 692 3958 reamissa«
717 3904 779 3960 lloec
803 3904 963 3960 liirrniliani
1017 3920 1063 3964 τος
1080 3905 1116 3960 ab
1131 3906 1442 3964 Eosehiememoratis.
1456 3909 1575 3965 litinea
1590 3910 1710 3980 quidem
1725 3898 1822 3981 epistola
1864 3893 1869 3939 '¹

137 3976 261 4049 epistola
275 3991 339 4045 qnae
357 3974 455 4029 bittine
465 3919 578 4030 reialta
591 3976 685 4029 exstat
695 3976 964 4049 inlarCyprianicaa
1019 3990 1145 4049 magnus
1159 3976 1207 4034 ille
1222 3978 1378 4051 Dionysius
1390 3980 1572 4051 Stephanum
1589 3982 1741 4038 certiorem
1755 3980 1820 4034 tane·
1859 4008 1864 4013 -

138 4045 479 4119 septuagesimaquinta
496 4045 539 4102 sic
554 4046 688 4117 Cypriani
712 4046 819 4129 stylum
841 4048 962 4120 redolet,
1017 4048 1068 4103 bat
1082 4050 1199 4105 sedatos
1214 4066 1279 4105 esse
1294 4058 1393 4107 metue
1408 4067 1483 4124 quos
1500 4052 1529 4107 in
1551 4052 1674 4109 Oriente
1695 4050 1820 4109 Novatimi

137 4126 170 4173 ut
186 4134 242 4174 nen
258 4116 348 4173 alium
366 4116 551 4188 interpretem
568 4116 706 4173 habuisse
722 4116 964 4175 v·1dentur.Fidus
1018 4120 1245 4187 concitaverant,
1263 4122 1361 4195 itaque
1380 4140 1482 4181 omncs
1503 4123 1652 4180 Ecclesiae
1672 4126 1701 4179 in
1722 4140 1753 4179 so
1772 4138 1821 4175 ann-

136 4190 282 4261 interpree
293 4188 398 4243 Graecae
411 4188 516 4259 lingua
526 4189 676 4256 ingenium
688 4180 837 4246 nonnullis
850 4190 880 4246 in
893 4190 964 4247 locis
1019 4190 1136 4251 sentire.
1150 4196 1183 4247 ut
1194 4192 1283 4264 lapsis
1294 4194 1462 4266 paenitentia
1486 4194 1626 4260 daretur;
1639 4212 1737 4251 verum
1758 4194 1819 4263 adje-

139 4262 260 4317 retinuit
281 4262 372 4315 Paulo
397 4270 462 4329 pest
478 4260 606 4328 initium,
622 4262 827 4317 cananaeam
841 4262 965 4347 (angeli)
1019 4267 1098 4318 cerat
1115 4262 1226 4334 aliquid
1245 4265 1280 4320 de
1293 4266 1571 4337 poenllentibus‚qui
1588 4266 1626 4321 ah
1643 4269 1776 4323 haratieu
1788 4280 1819 4319 nt·

136 4333 246 4404 quondo
267 4332 357 4387 stillent
372 4332 495 4387 diuersos
510 4334 810 4402 qraerumdomuwntes
826 4338 964 4389 cleranos
1018 4333 1123 4395 dicent.
1152 4334 1346 4407 baptizandis.
1387 4338 1442 4393 uod
1473 4340 1664 4409 praetermisit
1691 4335 1819 4397 busebiust

134 4406 313 4467 uoluntates,
342 4406 422 4474 quasi
463 4420 517 4457 sven
554 4413 664 4459 tontum
692 4410 817 4460 venisset
840 4404 964 4461 eumdem
1019 4354 1818 4479 undeliaronius(hicerigendusestl'umelinaBareninn

135 4478 221 4532 licam
244 4474 330 4530 struet
358 4476 492 4535 intrarent.
519 4474 565 4530 seit
588 4476 725 4547 separate
752 4480 778 4531 rt
806 4476 904 4532 divitaie
929 4479 963 4533 ab
1019 4483 1136 4533 secutus
1150 4476 1180 4533 in
1199 4480 1277 4535 iretis
1297 4480 1332 4535 ad
1353 4482 1551 4554 cyprianum,
1563 4482 1743 4539 occasionem
1757 4494 1818 4534 sun·

135 4550 250 4603 inuicem
266 4562 315 4601 area
329 4546 515 4615 confabulatio
530 4564 591 4615 ,inm
619 4548 705 4611 possit
729 4564 795 4615 esse,
812 4550 860 4603 ortt
875 4564 963 4604 senne
1018 4548 1078 4618 psit
1091 4550 1256 4605 alllrmandi
1269 4568 1320 4623 pro
1335 4558 1424 4615 cerlo.
1437 4554 1479 4609 sic
1497 4568 1602 4609 omnes
1615 4554 1683 4609 illas
1704 4552 1817 4609 Ecclesiae

133 4620 288 4673 eommunis
303 4616 352 4683 ,·ia
366 4624 420 4675 est.
433 4618 516 4686 quasi
533 4634 591 4673 nen
606 4620 720 4673 tantum
737 4635 829 4674 arnum
843 4622 961 4675 etcum·
1018 4620 1200 4691 acquievisse
1217 4622 1375 4694 Stephano,
1388 4624 1460 4681 utin
1477 4625 1542 4695 ejus
1560 4624 1712 4681 decretum
1731 4624 1762 4679 de
1776 4636 1816 4676 nen

134 4692 202 4746 dem
217 4690 310 4746 Deum
327 4685 414 4743 simul
430 4705 489 4743 non
505 4688 640 4744 invocent
653 4708 660 4757 ;
673 4706 736 4760 quaa
752 4696 900 4762 postrema
915 4708 964 4746 ne·
1017 4690 1199 4761 baptizandis
1215 4694 1366 4765 hereticis,
1378 4696 1513 4752 abdicata
1530 4696 1670 4769 Cypriani
1689 4694 1815 4757 senentis,

134 4762 214 4833 gotio
248 4776 460 4831 nonnunquam
491 4760 638 4815 emittitur
657 4761 734 4833 apud
768 4762 962 4827 latinoased
1017 4762 1232 4833 convenirent;
1291 4768 1346 4822 uod
1376 4768 1449 4823 adeo
1486 4784 1543 4823 nen
1573 4773 1619 4823 ast
1643 4770 1681 4825 ab
1707 4764 1816 4823 Dionvsie

134 4834 243 4905 sapius
258 4832 336 4902 apud
353 4834 477 4887 tiraces.
494 4853 508 4912 ο
525 4832 597 4899 53),
614 4849 680 4914 pag.
699 4830 760 4886 lle.
777 4832 852 4889 Tum
868 4834 962 4906 pergit
977 4854 1000 4918 Ι)
1017 4832 1168 4903 traditum,
1182 4842 1222 4905 ut,
1235 4784 1372 4894 deiunrto
1385 4840 1573 4909 postmodum
1595 4822 1814 4913 supernatia]

132 4907 178 4961 vir
191 4904 229 4961 ol.
245 4904 280 4959 ad
297 4902 371 4957 alies
384 4902 463 4957 loces
480 4900 592 4958 similes
603 4902 787 4971 indicandos,
800 4904 835 4961 6ο
851 4905 960 4977 quibus
1016 4902 1064 4960 ille
1089 4906 1244 4975 Dionysius
1268 4908 1389 4981 Xystum
1414 4910 1556 4982 Stephani
1576 4926 1767 4967 successorem
1779 4920 1814 4977 per

133 4976 235 5033 ordino
252 4992 306 5029 auo
324 4975 453 5035 posthac.
471 4978 575 5029 llocrs.
1012 4976 1136 5032 alteram
1163 4978 1319 5049 epistelam
1343 4982 1499 5054 diligenter
1523 4999 1557 5039 ac
1583 4984 1662 5037 serio
1678 4977 1810 5038 monuerit:

168 5049 227 5115 (64)
254 5047 386 5101 Prasiane
416 5046 540 5100 Domini.
559 5044 661 5101 Nescio
681 5047 827 5117 quomedo
847 5046 954 5102 lactum
1012 5048 1211 5105 consideraret
1222 5052 1363 5107 attentius
1380 5054 1551 5124 quaestionis
1567 5055 1684 5123 pondus
1698 5060 1725 5111 et
1742 5062 1811 5105 raum

132 5125 178 5175 est
189 5123 221 5175 ut
231 5116 681 5173 istaexciderentineditionibus
691 5118 876 5188 quaemissa
887 5124 956 5173 sunt
1011 5120 1216 5177 difficultatem
1229 5138 1236 5176 :
1251 5123 1432 5196 Stephanum
1444 5125 1565 5209 quidem
1577 5124 1686 5183 llelene
1696 5132 1724 5182 et
1734 5118 1810 5179 l'irni·

129 5198 197 5274 post
220 5189 433 5252 lllerellianam
448 5190 478 5243 in
501 5205 559 5269 qua
572 5193 696 5245 exstant.
712 5188 862 5245 Habentur
877 5190 954 5245 enim
1010 5189 1099 5257 liano,
1119 5193 1288 5265 eaetcrisqne
1310 5212 1362 5268 per
1383 5195 1513 5253 Ciliciam
1532 5202 1562 5253 et
1581 5194 1811 5271 cappadociana

129 5278 158 5317 m
170 5262 308 5318 omnibus
319 5259 618 5331 antiquiscedieibus‚
631 5277 688 5316 une
701 5268 797 5317 vetere
810 5260 954 5316 Victorino
1011 5262 1153 5319 linitimas
1170 5266 1312 5323 Ecclesiae
1331 5266 1476 5341 episcopis
1487 5269 1642 5324 nuntiasse
1663 5286 1712 5340 per
1725 5266 1810 5322 litteras

128 5340 257 5405 excepto,
274 5340 303 5389 et
317 5333 346 5386 in
373 5330 472 5388 cadica
498 5332 585 5386 etiam
616 5331 744 5403 episcopi
766 5334 953 5389 acconensis.
1011 5334 1132 5390 minime
1143 5340 1432 5395 communicaturum
1444 5356 1476 5395 se
1493 5356 1562 5397 earm
1574 5339 1621 5409 iis,
1638 5358 1672 5396 eo
1689 5334 1809 5413 quoibe

129 5405 223 5475 Hujus
246 5403 415 5461 omissionis
440 5407 597 5459 auctorest
611 5403 766 5471 Pamelius,
778 5405 827 5476 qui
845 5405 883 5460 ait
895 5401 954 5459 hacc
1010 5406 1114 5463 reticos
1125 5410 1348 5479 rebaptizarent.
1362 5410 1574 5468 Verumtamen
1585 5428 1651 5468 esse
1662 5410 1750 5477 magni
1764 5420 1808 5461 ine·

130 5494 188 5532 nen
199 5476 306 5532 babere
316 5474 429 5531 codices
442 5475 659 5557 manuscriptos
669 5482 815 5531 attextum
826 5476 954 5531 indicare
1010 5479 1101 5533 rnonti
1126 5482 1276 5549 negotium
1300 5500 1307 5549 ;
1333 5482 1434 5541 Ὄντως
1461 5486 1513 5558 γὰρ
1550 5478 1675 5574 Sippara
1688 5482 1778 5557 γέγονεν
1789 5472 1807 5553 ξ*

127 5546 433 5617 illaessesuperllua.
451 5546 544 5617 Magis
566 5564 656 5602 miror
677 5547 796 5619 Angloe,
831 5547 954 5612 ui,cum
1007 5553 1068 5610 ταῖς
1092 5548 1230 5623 μεγίσταις
1257 5556 1312 5605 τῶν
1341 5550 1496 5609 ἐπισκόπων
1513 5554 1651 5617 casleoca,
1674 5552 1711 5615 ὡς
1734 5546 1805 5605 ποθι·

128 5636 164 5674 ea
178 5618 320 5673 nauarent
336 5618 363 5671 in
379 5618 511 5688 quinque
535 5616 617 5671 libris
641 5618 704 5675 suis
728 5618 817 5675 veleri
841 5634 885 5687 us,
901 5619 955 5674 sci·
1008 5640 1101 5692 vepna,
1134 5620 1203 5678 dccc
1230 5620 1296 5687 τοὺς
1323 5624 1485 5699 προσιόντας
1511 5624 1610 5685 tata
1630 5626 1710 5687 lecu<
1729 5636 1808 5697 apest·

120 5696 187 5747 reat
202 5687 293 5747 etiam
308 5694 426 5772 exstare
439 5688 470 5744 in
485 5688 664 5772 quibusdam
679 5690 798 5758 nestris,
813 5694 843 5747 et
858 5688 954 5763 liigal-
1007 5686 1188 5767 τηχηθέντας,
1217 5690 1271 5750 aira
1308 5692 1491 5753 inclametur
1525 5696 1573 5753 ael
1661 5698 1804 5769 semipasta

112 5762 192 5821 dum
205 5760 411 5823 monuissein
426 5758 683 5821 observationibus
698 5760 762 5821 suis
782 5776 888 5819 canen
903 5760 953 5818 da·
1007 5762 1053 5817 :bv
1077 5768 1127 5833 τῆς
1151 5770 1270 5829 πνοιᾶς
1292 5766 1337 5823 zat
1362 5766 1513 5839 &antip-,nn
1538 5768 1628 5843 ζΰμῃς
1655 5768 1741 5843 ,οὗτοι
1755 5764 1805 5821 Par·

244 3847 352 3887 arastus
367 3832 396 3885 in
415 3830 478 3887 Vita
493 3830 522 3886 S.
539 3830 674 3903 Cypriani
698 3830 817 3888 editioni
836 3830 965 3888 llaluzia-
1019 3838 1130 3905 septam
1155 3833 1214 3889 illis
1238 3832 1367 3909 Dionysii
1401 3837 1590 3893 Alexandrini
1618 3836 1682 3909 περὶ
1699 3838 1821 3911 herricus·
