3892 6104
191 281 252 354 aaa
842 305 883 367 u.
906 305 1097 371 ursocius
1119 309 1245 374 saux.
1840 303 1898 366 2²⁴

193 422 380 497 dlsoipllnam
396 429 594 502 magisocoidi
614 431 691 502 licet,
721 453 810 509 quam
842 438 982 496 occidere.
999 440 1057 509 »Α
1071 442 1314 514 perbeinsultat;
1329 446 1358 500 et
1373 442 1428 500 hoo
1443 435 1759 499 nominetamillorum
1777 439 1896 512 religio·

193 512 242 568 Ait
256 512 422 572 illosetiam
447 518 510 575 sine
531 523 622 579 armis
646 525 777 596 potuisse
804 525 918 585 vincere
941 545 1018 585 sece·
1072 529 1898 605 nemiastidiosedeprimit,quamsuamglorioseattollit

194 601 300 671 dendo,
328 608 357 660 et
381 623 502 663 vacuum
530 610 671 670 Romanis
697 631 785 671 suum
809 616 908 673 orbem
933 617 1018 674 relin-
1071 621 1321 692 superstitionem.
1337 622 1384 677 Sic
1412 619 1616 693 enimprolaui
1639 619 1824 674 hominesex
1841 617 1897 673 ior-

194 691 320 763 queudo,
337 694 361 749 si
377 695 434 751 alio
449 699 576 772 migrare
591 699 761 760 voluissent.
779 705 853 762 Tum
870 706 948 763 euim
964 708 1016 764 de·
1070 714 1184 766 tunaet
1209 727 1307 767 rerum
1336 710 1626 782 successupendent.
1657 707 1702 762 Sic
1718 708 1780 777 ipse
1795 708 1896 765 Cicero

192 778 331 852 luissent,
348 785 455 855 quihus
470 787 643 860 imperasset
671 795 821 851 Romanus
846 796 1017 867 imperator.
1067 816 1118 872 pro
1132 800 1228 857 Flacco
1237 799 1449 856 contumeliose
1464 799 1591 870 exagitat
1599 798 1767 855 iudeorum
1785 803 1815 852 et
1827 812 1893 868 gen-

194 869 270 925 adeo
283 871 365 942 pauci
378 883 561 945 supereraut,
581 880 632 951 qui
649 897 704 936 non
721 888 820 939 esseut
847 884 1014 945 Christiani.
1069 893 1273 945 temetsacra.
1290 889 1387 945 Sedet
1416 888 1558 960 apionem
1583 887 1693 943 Judaeis
1723 885 1894 941 seruitutem

191 959 246 1014 Sed
264 963 417 1018 nostroset
432 963 509 1020 cives
525 981 641 1024 manere
665 969 806 1038 voluisse,
822 977 850 1029 et
865 973 900 1029 ad
917 974 1017 1031 hostes
1070 981 1097 1032 et
1108 993 1264 1047 aerumnas,
1281 981 1421 1050 tanquam
1451 976 1531 1032 lalsae
1547 975 1694 1047 religionis
1714 974 1896 1040 testimonia,

191 1048 389 1105 Romanorum
404 1052 530 1110 transire
550 1055 681 1114 noluisse
696 1059 851 1133 significat,
864 1067 893 1118 et
907 1063 1016 1119 interca
1069 1065 1251 1122 confidenter
1265 1066 1418 1140 objecisse,
1429 1082 1463 1121 ox
1477 1064 1604 1136 Josephe
1619 1063 1827 1136 intelligimus.
1843 1063 1897 1119 Mi·

190 1138 289 1191 tamen
305 1137 474 1196 allemania
490 1141 650 1215 appellatos
663 1162 727 1203 esse
741 1165 799 1205 non
815 1149 913 1207 hostes
929 1152 1015 1208 modo
1069 1171 1135 1211 rum
1150 1171 1229 1223 vero,
1245 1160 1312 1227 post
1326 1161 1458 1227 tempora
1471 1151 1897 1227 quoqueGonstautini‚.lulia·

194 1223 246 1279 sed
262 1227 292 1280 et
307 1225 472 1299 principum
487 1239 516 1287 et
530 1231 650 1290 humaui
666 1238 782 1310 generis
796 1238 905 1297 hostes.
927 1241 1014 1299 Cete-
1068 1261 1140 1300 num
1151 1244 1356 1317 imperatorem
1363 1247 1479 1300 nostros
1487 1244 1590 1299 eadem
1599 1240 1897 1313 rationeiimpetiisse

192 1315 457 1387 rumtaminjusta
487 1325 773 1394 etapertaluithac
799 1327 1016 1402 injuria,ulip·
1069 1331 1155 1388 sicuti
1184 1348 1219 1388 cx
1259 1332 1358 1405 Cyrilli
1396 1331 1637 1404 responsionibus
1672 1329 1893 1403 cognoscimus.

192 1417 241 1457 sos
256 1403 374 1460 mudum
390 1405 489 1464 hostes
517 1409 748 1470 Christianorum
779 1417 896 1489 puderit
910 1423 969 1474 tam
986 1422 1015 1475 et
1067 1424 1180 1487 Quanto
1195 1420 1225 1477 id
1242 1421 1337 1496 magis
1354 1422 1448 1493 potuit
1463 1420 1607 1491 Cecilius,
1622 1421 1674 1492 qui
1697 1419 1895 1476 Christianos.

191 1489 305 1562 ingrate
319 1510 415 1566 agere.
431 1501 460 1552 ei
478 1495 558 1570 loqui
573 1500 768 1574 impudenter.
1068 1509 1125 1566 nisi
1141 1509 1274 1577 alilietos,
1309 1510 1443 1575 miseros,
1459 1524 1611 1582 pauperes,
1638 1508 1734 1564 nullos
1753 1505 1898 1563 viderat?

229 1579 301 1652 llrgo
317 1581 459 1653 Caecilius,
477 1589 664 1658 quantumvis
679 1593 934 1668 essctimpudens,
950 1611 1014 1653 eru·
1067 1597 1165 1671 itaque
1199 1614 1305 1670 magno
1330 1597 1485 1671 supercilio
1509 1601 1538 1654 et
1562 1597 1641 1653 lastu
1676 1600 1705 1652 et
1722 1599 1896 1666 contemptu

190 1667 302 1725 huitiis
313 1669 431 1743 aliquod
440 1675 1013 1759 perduellioniscrimenaffingeretluid·
1067 1687 1097 1743 in
1125 1703 1175 1744 eos
1197 1686 1325 1758 despuit,
1349 1690 1378 1742 et
1401 1691 1543 1758 tanquam
1567 1680 1728 1760 καθάρματα
1742 1683 1788 1738 καὶ
1815 1700 1896 1756 περι-

188 1754 233 1812 vis
250 1756 331 1814 aliud
359 1760 495 1832 objicere,
524 1781 650 1839 carpere,
678 1772 805 1842 mentiri,
837 1773 1010 1831 calumniari
1065 1774 1415 1849 pipern(utorhpostoli
1439 1774 1638 1847 ἳιθιειιιε)
1654 1773 1813 1847 proculcat.
1839 1773 1895 1830 Sed

191 1844 267 1902 215
285 1846 400 1904 maluit.
412 1852 467 1906 Sed
479 1869 572 1925 neque
587 1856 759 1916 Christianis
774 1883 788 1911 ι(
807 1861 927 1919 ascribit
942 1879 1011 1920 cau·
1066 1865 1260 1921 Thrasonieos
1289 1866 1354 1938 ejus
1369 1864 1493 1938 spiritus
1517 1862 1612 1920 altiori
1641 1863 1738 1920 animo
1767 1861 1897 1936 despicit

190 1949 254 1990 sam
277 1935 461 2007 publicarum
490 1941 711 2004 calamitatum:
730 1971 740 1999 ι
759 1950 837 2023 quod
865 1955 963 2009 tamen
978 1969 1011 2009 eo
1068 1954 1216 2022 Octavius,
1227 1953 1322 2027 iisque
1333 1958 1464 2010 sanctam
1480 1953 1637 2026 quamdam
1651 1954 1820 2025 superbiam
1837 1968 1894 2025 op-

191 2024 323 2095 tempore
337 2024 387 2081 alii
404 2028 561 2087 adversarii
571 2034 670 2091 odiose
684 2035 779 2094 fecere
801 2039 948 2113 imprimis
964 2057 1011 2097 so·
1066 2043 1157 2116 ponit,
1174 2049 1276 2117 quaet
1291 2043 1321 2099 in
1337 2047 1506 2116 paupertate
1521 2042 1634 2113 divites,
1651 2045 1681 2098 et
1691 2041 1721 2097 in
1745 2041 1889 2098 servitute

189 2109 300 2168 lebant.
310 2114 492 2175 Tristissima
507 2136 579 2177 saue
594 2126 679 2180 atate
698 2124 819 2183 Minucii
847 2135 909 2185 erat
923 2130 1011 2187 iacies
1067 2132 1161 2200 liberi,
1178 2137 1207 2189 st
1220 2133 1250 2189 in
1274 2132 1372 2188 modis
1386 2130 1513 2203 denique
1537 2134 1630 2186 morte
1644 2129 1767 2186 victores
1791 2132 1895 2186 essent

190 2197 315 2257 Romani
338 2202 465 2277 imperii,
496 2209 705 2286 horribilisque
733 2216 902 2277 dilaceratio
923 2224 1013 2292 utque
1071 2222 1177 2279 nostri.
1193 2221 1265 2277 Utut
1280 2226 1377 2278 autem
1393 2219 1525 2276 Caecilius
1541 2218 1625 2275 initio
1645 2219 1838 2293 despumans,
1864 2224 1898 2276 at

189 2287 332 2387 conlusio.
348 2293 422 2358 Ouid
438 2295 534 2354 dicam
549 2316 643 2372 genus
660 2305 746 2360 omne
770 2306 914 2364 malorum
942 2313 1013 2365 tuuc
1067 2311 1297 2385 intemperanter
1311 2309 1439 2367 convicia
1454 2308 1687 2381 profundereter
1699 2309 1794 2366 minas
1808 2309 1895 2365 ellia-

189 2378 377 2437 rnundassei
391 2384 549 2460 orbemque
564 2398 591 2446 et
601 2406 778 2451 concussum
794 2400 824 2453 et
838 2397 1012 2468 permistum
1071 2405 1128 2469 ret,
1144 2405 1173 2456 et
1200 2398 1347 2473 ampullas
1374 2396 1531 2455 horribiles
1559 2398 1722 2472 projiceret,
1765 2397 1896 2470 denique

188 2464 285 2537 hellis,
301 2469 455 2541 incendiis,
480 2475 723 2539 inundationibus
751 2488 833 2542 terra
850 2494 940 2553 motu,
957 2487 1012 2543 civi
1072 2488 1381 2546 Christoinsultaret:
1410 2485 1896 2559 tamenverisvictuspaulopost

188 2558 284 2616 tatum
301 2560 407 2632 ruinis,
422 2567 555 2642 gentium
580 2586 796 2647 regnorumque
812 2574 944 2649 excidiis,
961 2578 1011 2633 de·
1069 2579 1156 2647 cedit,
1173 2593 1267 2650 neque
1282 2576 1385 2633 arbitri
1392 2576 1563 2648 judicisque
1578 2573 1697 2631 Minucii
1712 2575 1894 2631 senteutiam

189 2654 278 2729 nique
293 2658 457 2715 confectum
479 2664 508 2716 et
524 2662 608 2732 same,
625 2656 654 2719 et
680 2667 759 2737 peste
783 2664 928 2738 publicai
947 2665 1010 2722 Non
1065 2670 1223 2741 exspectat,
1239 2666 1290 2722 sed
1308 2665 1385 2721 ultro
1401 2664 1443 2720 illi
1459 2663 1595 2720 occurrit.
1611 2662 1802 2720 admirabilis
1819 2680 1890 2735 pro·

192 2745 338 2807 commitit
352 2752 450 2805 tamen
465 2749 609 2822 Caecilius,
636 2756 669 2809 ut
696 2753 784 2827 (quod
812 2753 918 2829 vulgus
940 2758 1010 2812 tunc
1065 2756 1139 2814 lecto
1154 2755 1315 2822 conversio,
1333 2753 1494 2826 presertim
1523 2756 1585 2808 tam
1600 2752 1760 2826 repentina.
1785 2751 1843 2807 Sed
1856 2768 1892 2808 ea

189 2833 369 2905 clamitabat,
381 2842 410 2895 et
420 2843 488 2895 unte
494 2845 618 2913 postque
628 2841 729 2898 multis
740 2843 853 2901 seculis
864 2845 1009 2916 jactatum
1064 2845 1199 2915 ostendit,
1215 2843 1366 2901 sanabiles
1381 2841 1489 2899 multos
1512 2842 1610 2898 Rome
1626 2840 1726 2913 luisse,
1743 2840 1793 2913 qui
1809 2839 1893 2897 vide·

188 2923 482 2997 estcalumniaretur,
511 2928 684 2988 Christianis
709 2935 803 2989 totum
823 2932 897 2989 illud
921 2933 1010 2992 chaos
1063 2937 1173 2993 bantur
1186 2933 1297 3006 alioqui
1326 2932 1451 3005 depositi
1466 2930 1665 3004 etdeplorati:
1681 2929 1798 2986 veritati
1823 2945 1894 2987 vero

186 3017 336 3085 acceptum
349 3014 411 3072 lieri
421 3017 536 3088 debere,
549 3035 709 3093 eorumque
724 3021 867 3094 sauguine
882 3039 947 3080 esse
961 3041 1010 3081 ex·
1064 3040 1192 3084 errorem
1208 3021 1415 3079 lacilecedsre.
1427 3022 1501 3094 lingo
1516 3019 1648 3076 cecilius
1664 3016 1895 3092 quadamveluti

186 3100 339 3174 piandum.
357 3108 430 3162 aute
445 3107 563 3164 Minucii
582 3111 697 3165 etatem
707 3110 917 3169 Tertullianus.
935 3134 950 3162 »
967 3113 1009 3184 Si,
1064 3114 1174 3186 injure
1198 3111 1333 3169 sessione
1348 3109 1465 3168 Octavio
1480 3108 1639 3165 vindicanti
1656 3107 1749 3164 addici
1765 3110 1892 3180 poterat.

186 3189 359 3266 inquit(ll),
371 3193 483 3252 Tiberis
494 3198 664 3254 aseenditin
674 3201 780 3256 arvasi
796 3201 900 3257 eoelum
916 3203 1008 3271 stetit,
1025 3175 1047 3244 C
1064 3203 1147 3261 Certe
1160 3201 1236 3258 vinci
1251 3200 1377 3274 dedique
1392 3216 1449 3255 non
1464 3201 1590 3269 recusat,
1604 3201 1632 3253 et
1645 3196 1810 3253 Octavisuae
1826 3212 1895 3253 ora-

187 3279 214 3337 si
225 3283 303 3337 terra
314 3282 413 3353 movit,
425 3285 450 3341 si
462 3285 565 3358 tames,
576 3286 601 3342 si
614 3286 690 3360 lues,
709 3289 820 3359 statim,
841 3288 1011 3348 Christianos
1063 3291 1154 3349 tionis
1184 3290 1312 3362 quedam
1328 3287 1412 3361 quasi
1434 3284 1557 3343 fulmine
1573 3285 1737 3359 perculsus,
1750 3288 1897 3358 tunquam

186 3368 224 3427 ad
238 3373 363 3427 Leonem.
381 3394 391 3423 ι
410 3373 596 3431 acclamatur.
614 3376 675 3433 Non
686 3376 784 3433 minus
796 3378 896 3435 odiosa
911 3383 940 3434 et
956 3380 1011 3435 im·
1065 3379 1138 3438 alter
1148 3377 1268 3450 quidam
1279 3376 1507 3447 Paulus,subito
1514 3374 1694 3448 religionem,
1707 3391 1798 3448 quam
1805 3373 1895 3447 igne·

98 3507 101 3519 .
189 3458 287 3515 munis
302 3465 364 3516 erat
383 3461 555 3520 acclamatio
566 3467 698 3537 tempore
712 3467 894 3539 Cyprianiut
909 3484 943 3525 cx
953 3467 1011 3525 hu·
1068 3485 1137 3526 raus
1151 3469 1378 3540 oppugnaverat,
1387 3465 1557 3521 admonitus
1568 3463 1782 3537 complectitur.

184 3548 278 3619 jusad
295 3548 511 3607 Demetrianum
528 3551 656 3625 Epistola
672 3553 745 3612 satis
764 3557 1010 3629 apparetlladem
1100 3555 1210 3613 Vellem
1221 3554 1480 3626 autam,Minuoius
1488 3551 1692 3624 nobisquoquc
1702 3553 1895 3625 exposuisset

186 3638 504 3707 ettemporoArnobii.
533 3645 607 3698 Nam
636 3647 665 3699 et
677 3643 725 3700 hio
738 3644 768 3700 in
784 3645 846 3701 suis
871 3647 1011 3703 adversus
1065 3651 1157 3704 totam
1171 3645 1296 3718 hujusce
1306 3641 1447 3717 μετανοίας
1461 3642 1730 3712 historiam:etut,
1743 3658 1803 3713 qua
1817 3641 1894 3713 lege,

186 3723 294 3780 Gentes
307 3724 390 3782 libris
402 3726 526 3799 laborat,
544 3735 576 3787 ut
590 3730 644 3788 hae
656 3732 764 3805 publici
776 3733 837 3789 odii
852 3740 882 3790 et
896 3735 1011 3794 invidie
1066 3752 1125 3809 qua
1139 3734 1317 3800 conditione,
1334 3732 1442 3805 quihus
1457 3730 1659 3804 sponsoribus,
1674 3747 1730 3803 quo
1746 3729 1817 3799 ritu,
1836 3747 1901 3803 qua

187 3813 308 3870 llammu
323 3818 438 3873 nostros
454 3816 566 3876 liberet.
578 3821 653 3885 Ouid
669 3821 732 3894 ipsc
762 3828 862 3895 postea
875 3824 1011 3897 Symma·
1066 3822 1252 3891 ceremonia,
1269 3820 1402 3879 Caecilius
1413 3824 1534 3875 Romam
1550 3835 1693 3886 reversus,
1710 3818 1740 3874 in
1755 3817 1899 3876 Ecclesiae

189 3901 264 3960 chus
274 3903 288 3960 l
298 3920 394 3963 uonna
403 3907 491 3964 audet
500 3908 588 3966 talem
597 3926 700 3966 rursus
709 3910 884 3969 cantilenam
896 3917 1013 3970 canere?
1066 3912 1221 3985 collegium
1232 3914 1261 3966 at
1269 3909 1506 3967 communionem
1515 3911 1667 3981 coaptatus
1677 3906 1774 3973 luerit,
1786 3907 1901 3966 intelli·

190 3991 274 4050 Certe
287 3991 396 4067 dignus
407 4000 479 4067 erat,
489 3997 540 4070 qui
555 3998 679 4071 audiret,
697 4000 772 4071 quod
790 4000 948 4075 aliquando
958 4003 1013 4060 Ro·
1066 4017 1214 4076 geremus.
1226 3999 1300 4056 Nam
1311 3997 1459 4069 etantiqui
1468 3995 1548 4052 illius
1558 3996 1648 4063 moris
1659 3997 1903 4071 memoriaexpa·

190 4097 245 4137 me
260 4086 327 4155 post
342 4089 467 4142 mortem
491 4086 643 4143 Commodi
670 4090 864 4146 acclamatum
886 4096 931 4146 est
942 4091 1012 4165 (15),
1066 4091 1155 4146 tenda
1169 4093 1223 4145 est.
1241 4089 1296 4144 Sed
1310 4086 1386 4158 quod
1402 4087 1597 4159 Hieronymus
1613 4085 1647 4140 ad
1669 4084 1814 4142 Chronica
1839 4089 1902 4142 Eu·

191 4170 331 4228 Delotorcs
358 4174 398 4228 ad
427 4175 548 4231 leemm.
578 4176 633 4232 Sed
660 4178 804 4233 nestriah
828 4181 1015 4253 sanguineet
1068 4176 1395 4250 sebii,etaugustinus
1420 4174 1470 4230 lib.
1493 4190 1544 4230 vru
1560 4173 1741 4230 confession.
1772 4175 1847 4247 (cup.
1868 4175 1900 4248 2)

145 4250 155 4276 ⁸
192 4258 315 4317 ultionis
343 4262 503 4334 eupiditate
530 4269 614 4321 erant
635 4265 732 4323 alieni.
761 4268 936 4324 Ambrosius
955 4286 1014 4326 non
1069 4273 1169 4323 narrat
1183 4266 1218 4322 de
1233 4265 1350 4321 duobus
1365 4262 1432 4320 aliis
1457 4263 1589 4335 ejusdem
1613 4266 1644 4319 et
1658 4261 1851 4330 conditionis,
1869 4266 1901 4320 et

191 4366 299 4422 passus
320 4355 364 4407 est
378 4368 446 4408 eum
458 4353 487 4407 in
501 4353 694 4410 criminetam
710 4353 785 4412 falso
799 4356 1014 4415 diutiusexsul·
1068 4355 1191 4426 ordinis,
1203 4359 1232 4410 et
1242 4353 1349 4425 gentis,
1360 4356 1389 4408 at
1401 4351 1511 4424 ingenii
1521 4351 1603 4422 viris,
1618 4351 1745 4407 Arnohio
1756 4355 1786 4406 et
1796 4351 1902 4409 Victo·

192 4438 323 4494 tare.Sed
340 4455 407 4495 cum
423 4457 481 4497 non
493 4441 585 4498 multo
597 4446 663 4514 post
674 4442 820 4515 urbsipsa
834 4450 1015 4519 eaptnatque
1069 4444 1145 4502 rino.
1168 4443 1332 4517 cogitemus
1358 4442 1467 4497 lactum
1487 4457 1604 4513 quoque
1628 4456 1692 4496 esse
1707 4440 1743 4496 de
1770 4440 1899 4499 Caecilio.

195 4526 309 4597 direpta
324 4527 496 4601 fuisset,nen
507 4531 689 4588 erubuerunt
698 4531 781 4605 impii
792 4533 1017 4593 calumniatores
1032 4545 1056 4610 Β
1071 4533 1131 4590 lmo
1146 4548 1213 4588 vero
1228 4530 1276 4588 hie
1299 4529 1432 4588 caecilius
1464 4528 1572 4586 latetur
1599 4545 1673 4598 sese,
1704 4533 1900 4603 posteaquam

195 4613 285 4672 talem
301 4621 447 4689 postremo
463 4618 576 4675 sladem
592 4617 726 4694 religioni
741 4621 912 4680 christiane
927 4624 1016 4681 ascri·
1073 4620 1214 4679 intellexit
1230 4620 1301 4695 quid
1317 4637 1375 4676 non
1391 4620 1430 4676 sit
1451 4635 1518 4676 vera
1533 4617 1645 4692 religio,
1671 4617 1838 4676 desiderare
1853 4618 1901 4676 ia·

198 4704 286 4761 here:
304 4710 481 4778 coactusque
492 4711 537 4764 est
552 4725 654 4766 rursus
668 4710 851 4784 Augustinus
862 4716 923 4768 tem
938 4717 1018 4771 tetre
1072 4710 1278 4785 telligentium,
1294 4707 1730 4782 coguitionem,institutionem
1746 4706 1902 4782 religionis

199 4792 412 4852 maledicentiae
430 4813 591 4854 occurrere.
607 4797 680 4854 Nam
695 4802 724 4855 et
739 4803 934 4872 propterease
949 4818 1019 4858 suos
1073 4817 1147 4856 vera
1166 4817 1173 4869 ;
1191 4815 1254 4855 eam
1271 4815 1338 4855 vero
1367 4796 1532 4854 catechesis
1561 4797 1590 4852 in
1614 4795 1692 4852 diem
1721 4799 1898 4868 sequentem

197 4882 230 4941 dc
255 4882 370 4940 Civitas
384 4885 434 4941 liei
445 4884 536 4942 libros
559 4885 713 4959 scripsisse
737 4887 857 4944 latetur.
869 4890 937 4962 Agit
951 4907 1020 4964 ergo
1074 4889 1165 4946 luisse
1181 4889 1320 4960 rejectam
1336 4887 1483 4943 Minucius
1498 4884 1609 4941 scribit.
1633 4885 1689 4941 Sed
1705 4888 1787 4941 tanto
1803 4884 1901 4959 magis

197 4973 297 5031 miuus
307 4972 453 5030 malitiose
463 4974 606 5047 cecilius,
620 4974 804 5047 quialiorum
820 4978 951 5051 exemplo
975 4983 1020 5035 ta·
1075 4978 1169 5047 doleo,
1185 4977 1307 5034 alteram
1323 4975 1399 5032 hauc
1425 4974 1567 5044 scholam,
1583 4990 1645 5046 que
1661 4973 1822 5031 Minuciani
1834 4971 1903 5031 libri

194 5060 253 5119 lem
269 5063 361 5119 laeam
375 5061 405 5119 in
417 5066 533 5119 nostros
546 5078 604 5119 non
615 5067 797 5137 contorquet,
810 5082 904 5138 neque
918 5083 1020 5124 eorum
1076 5067 1189 5139 optima
1203 5069 1232 5122 et
1245 5063 1374 5122 maxima
1387 5081 1456 5137 pars
1484 5062 1598 5129 luisset,
1614 5078 1672 5118 non
1701 5062 1811 5119 editam
1824 5077 1902 5132 essa,

196 5150 394 5208 innocentiam
410 5156 470 5209 tam
485 5150 604 5224 indigue
619 5156 729 5209 onerat.
751 5152 813 5210 lmo
840 5170 907 5211 vero
927 5155 972 5213 iis.
990 5160 1023 5213 at
1076 5156 1183 5212 saltem
1199 5171 1257 5211 non
1273 5159 1395 5210 exstare.
1422 5152 1495 5208 Nam
1511 5167 1607 5224 neque
1638 5151 1711 5208 satis
1723 5155 1768 5208 est
1793 5150 1903 5208 falsum

198 5241 326 5310 miseris,
340 5247 372 5297 ut
387 5241 481 5313 victis,
498 5240 643 5312 utservis,
661 5241 724 5315 ipse
738 5245 880 5316 tanquam
907 5245 1022 5318 magnis
1077 5243 1220 5315 refellere,
1231 5243 1429 5300 verumetiam
1445 5241 1547 5298 docere
1571 5244 1686 5314 oportet
1702 5257 1708 5297 :
1727 5244 1813 5309 utet,
1831 5239 1903 5313 quid

200 5328 329 5387 victoriis
343 5330 448 5400 clatus,
465 5334 493 5387 et
504 5347 620 5388 summa
631 5329 769 5388 felicitate
784 5331 962 5403 cumulatus,
975 5352 1021 5392 su·
1078 5334 1201 5402 nonsit,
1219 5337 1247 5389 et
1269 5332 1340 5404 quid
1355 5332 1395 5388 sit
1408 5331 1487 5388 Deus
1510 5333 1563 5386 aut
1589 5328 1701 5403 religio,
1728 5335 1904 5403 exponatur.

237 5487 295 5570 (ll)
311 5488 565 5562 Desuntquaedam
580 5509 612 5547 ex
624 5489 795 5546 Tertulliani
819 5490 940 5619 Afolog.
957 5509 1021 5566 cap.
1077 5491 1198 5563 reliqua.
1329 5562 1334 5573 Ι
1432 5563 1437 5573 Ι
1618 5561 1623 5572 .
1681 5489 1831 5561 (branna.)

200 5560 246 5615 ιθ.
263 5565 305 5616 ιιιι
320 5561 501 5634 supplenda:
519 5564 549 5618 Si
565 5563 667 5619 Tiberis
682 5563 836 5620 ascendite
870 5566 983 5632 maerrio,
998 5566 1024 5622 ai
1113 5564 1170 5636 (15)
1187 5562 1374 5636 Lampridius
1406 5562 1467 5619 Veto
1482 5558 1699 5645 Commodaeap.
1716 5561 1761 5628 18,
1777 5565 1806 5618 et
1825 5560 1905 5618 hano

202 5631 282 5693 Nilus
301 5646 356 5688 noa
379 5635 506 5692 cromatii
526 5636 557 5689 in
584 5650 661 5703 creo,
687 5635 715 5691 ai
728 5634 826 5692 colam
840 5637 924 5706 stetit,
939 5641 969 5694 et
982 5633 1025 5693 sie
1078 5637 1107 5692 et
1121 5634 1233 5694 similes
1247 5628 1474 5693 acclamationes
1485 5631 1624 5705 prodidit.
1711 5632 1860 5705 (munna.)
