3892 6104
129 301 210 362 tete
633 301 732 361 PARS
755 299 779 360 1.
796 332 834 343 ·-
849 297 1100 360 MONUMENTA
1122 298 1328 363 vestrimet.
1757 304 1834 366 1th

127 431 222 490 multe
236 430 279 488 vel
296 448 385 506 prava
399 431 542 504 (wisunt,
554 432 727 506 etquoniem
742 431 954 505 quedamcon·
967 431 994 497 Α
1009 429 1069 486 siut
1080 430 1197 500 Christi,
1214 437 1368 506 propterea
1382 433 1418 491 ed
1434 434 1581 493 Christum
1595 452 1651 492 non
1668 434 1832 509 pertinere;

123 539 209 580 nessa
224 525 294 577 suut
310 521 365 593 ipsi
376 523 580 578 tantummodo
595 521 707 578 nornini
721 518 834 578 Domini
849 518 953 590 nostri,
1009 517 1256 589 quemadmodum
1272 519 1359 576 etiam
1376 521 1400 576 si
1417 521 1483 593 quis
1508 523 1651 579 desciscat
1675 522 1831 592 aChristo,

125 611 301 684 martyrium
322 611 544 667 autemuounisi
562 611 662 684 inipso
678 615 705 666 et
715 627 767 684 per
783 610 881 682 ipsum
898 607 954 664 Do·
1008 604 1153 663 inhaerens
1169 608 1231 664 solo
1247 609 1358 665 numini
1373 610 1447 681 ejus,
1465 612 1514 683 qui
1530 629 1586 668 non
1604 610 1730 668 multum
1747 612 1833 684 adju-

127 701 240 757 minum
258 700 352 774 possit
366 701 584 769 consummeri3
601 706 629 757 et
645 701 752 758 idcirco
769 716 863 772 neque
877 698 955 754 Chri·
1008 698 1103 762 vatur,
1114 696 1173 752 imo
1189 697 1283 770 magis
1298 698 1351 754 hec
1367 700 1486 756 nomine
1499 701 1587 757 etium
1611 699 1837 771 oneratur,licet

127 796 208 847 stum
224 790 287 847 sine
301 790 396 862 ipsius
408 790 599 863 nominequis
613 791 706 864 possit
716 788 955 859 confiteri,neque
1009 783 1095 840 luerit
1109 791 1194 842 antee
1205 786 1395 845 fidelissimus
1411 792 1461 845 eut
1473 790 1672 861 justissimus,
1692 793 1743 845 aut
1757 788 1835 846 clero

125 895 233 936 nomen
248 879 356 935 Christi
372 878 436 934 sine
451 879 515 951 ipso
539 878 655 935 Christo
684 879 720 934 ed
743 877 954 934 contessionem
1009 871 1107 946 ulique
1123 874 1294 947 honoratus,
1311 877 1562 935 autconlessionis
1577 878 1718 952 dignitate
1733 879 1836 952 prodi·

126 968 267 1041 uniquam
282 967 376 1039 possit
391 967 580 1039 patrocinari.
1008 965 1067 1018 tus.
1087 963 1207 1018 illenim
1224 980 1325 1021 ornnes
1341 966 1474 1038 negando
1490 983 1590 1023 verum
1618 966 1778 1040 Christum,
1795 968 1836 1024 in·

161 1057 223 1114 Xll.
235 1058 417 1130 Quapropter
431 1061 510 1114 totus
524 1057 735 1114 discernendus
750 1061 795 1114 est
814 1058 955 1112 tractetur
1008 1052 1186 1110 traducendo
1201 1057 1253 1109 aut
1267 1055 1415 1126 sequendo
1431 1055 1533 1126 elium,
1545 1056 1656 1113 cumsit
1673 1055 1838 1115 nuliusom·

124 1146 186 1215 hie,
202 1151 234 1202 ul
250 1146 343 1219 possit
353 1143 534 1203 manifestior
550 1147 622 1203 lieri.
653 1147 787 1220 Namque
810 1145 954 1202 invocatio
1009 1140 1079 1197 nino
1095 1141 1180 1211 alius,
1195 1142 1267 1198 nihil
1283 1142 1345 1216 spei
1362 1147 1412 1200 aut
1428 1143 1533 1202 salutis
1560 1145 1615 1202 sihi
1643 1145 1835 1218 relinquunt:

125 1235 257 1295 nominis
271 1235 343 1292 iesu
357 1235 422 1293 ideo
439 1239 551 1292 tentum
568 1236 744 1309 patrocinari
760 1239 865 1310 potest,
879 1235 903 1292 si
915 1233 954 1288 ri·
1009 1246 1067 1287 non
1083 1228 1167 1286 aliter
1181 1248 1270 1303 quam
1287 1231 1327 1287 illi
1350 1232 1400 1305 qui
1416 1250 1514 1290 coram
1529 1233 1700 1291 hominihus
1718 1252 1839 1309 negave-

126 1328 157 1383 te
172 1324 308 1398 suppleta
322 1329 425 1398 postes
441 1325 537 1393 luerit,
550 1324 618 1398 quie
632 1329 662 1381 et
683 1324 829 1399 prophete
845 1327 873 1380 et
885 1339 954 1396 apo·
1009 1323 1079 1375 runt
1093 1318 1252 1389 Christum,
1270 1337 1343 1394 quos
1358 1322 1459 1396 negari
1471 1339 1589 1380 necesse
1604 1327 1649 1379 est
1668 1341 1684 1379 e
1708 1323 1835 1389 Christe,

128 1412 198 1471 stoli
213 1414 255 1471 ita
268 1414 511 1486 predicaverunt.
527 1413 664 1470 Alienim
679 1414 805 1471 Jecohus
832 1412 861 1468 in
877 1411 955 1467 Actis
1009 1425 1067 1464 non
1087 1408 1188 1465 hahita
1201 1409 1259 1465 ulls
1274 1410 1571 1484 rationeipsorumex
1581 1413 1756 1485 procedenti
1770 1430 1838 1469 eon·

131 1504 352 1576 apostolorum:
383 1503 441 1559 Vtri
463 1503 701 1576 [retreauudite.
721 1503 818 1560 Simon
832 1502 957 1574 esposuit
1009 1497 1173 1554 versatione
1187 1515 1289 1555 eorum
1307 1506 1358 1556 eut
1372 1516 1461 1558 seusu
1472 1501 1838 1575 sutdignitate;proinde

128 1591 358 1665 quemadmodum
369 1594 494 1665 primum
509 1594 580 1648 Deus
607 1594 760 1650 visitaverit
782 1593 907 1664 occipere
921 1605 956 1646 ee
1010 1589 1097 1657 atque
1113 1587 1168 1660 ipsi
1183 1588 1247 1644 ausi
1261 1593 1331 1645 sunt
1341 1589 1502 1658 Christum,
1516 1590 1543 1647 id
1554 1595 1600 1647 est
1611 1590 1735 1648 sulutem
1752 1609 1839 1648 suam

129 1682 258 1752 coestibus
269 1682 402 1754 poputum
417 1683 526 1737 nomini
539 1696 603 1739 suc:
616 1685 644 1738 et
657 1681 722 1737 huie
735 1688 884 1738 consonent
898 1694 955 1735 ser·
1009 1676 1159 1750 abrogare,
1177 1678 1306 1734 damnati
1318 1694 1370 1751 per
1384 1679 1474 1751 hujus
1491 1680 1568 1736 modi
1586 1679 1759 1750 clausulam,
1769 1681 1839 1754 quia

127 1785 222 1827 mones
240 1771 448 1843 prophetorum,
476 1772 547 1827 sicut
573 1772 784 1843 scriptumest:
812 1774 873 1828 Post
897 1771 956 1828 hoee
1010 1764 1420 1824 monilestissimeallomino
1436 1768 1547 1825 dictum
1576 1773 1644 1826 est:
1670 1771 1839 1843 Quicumque

127 1863 265 1929 reuertar,
279 1869 305 1916 et
332 1860 506 1932 reaedt'fieelo
535 1861 743 1917 tubernaculum
772 1858 846 1916 illud
869 1857 956 1915 Dauid
1009 1870 1053 1909 me
1066 1856 1206 1924 negaverit
1220 1871 1312 1912 corum
1332 1856 1500 1924 homiuibus,
1519 1858 1623 1927 ueqobo
1646 1874 1709 1914 eum
1735 1864 1760 1914 ct
1788 1847 1837 1927 epo

132 1949 314 2022 quodeecidit
327 1958 373 2016 ;et
387 1965 449 2021 quae
463 1949 595 2006 demolito
618 1953 682 2006 suut
697 1950 756 2021 ejus
771 1949 955 2020 reedificata
1009 1959 1101 2000 coram
1115 1945 1271 2000 Patremon
1295 1947 1342 2018 qui
1369 1948 1401 2002 iu
1431 1947 1504 2003 coelie
1527 1951 1565 2003 est
1582 1946 1692 2019 (Monte.
1718 1964 1745 2015 x,
1766 1948 1835 2019 33):

130 2042 158 2095 et
172 2038 264 2095 denuo
280 2040 388 2109 edeam
401 2037 475 2094 illud
492 2042 554 2106 ,uti
567 2041 721 2112 requirunt
747 2038 853 2095 residui
867 2038 956 2094 leomi-
1011 2036 1043 2088 ut
1057 2033 1176 2089 verbum
1193 2032 1257 2101 hoc,
1275 2034 1474 2107 Quiueumque,
1486 2035 1611 2092 etiamin
1625 2035 1836 2094 clausulucon·

129 2141 199 2180 uum
214 2126 309 2191 Deum,
324 2127 350 2180 et
364 2140 456 2182 omues
479 2130 575 2198 peotes
597 2142 680 2197 super·
705 2142 772 2199 quos
802 2128 957 2182 invocatum
1011 2120 1146 2178 lessicnis
1162 2120 1333 2196 plenissime
1348 2123 1837 2197 nohisostendatquodnullacon·

131 2219 171 2270 est
185 2230 285 2270 nomen
309 2231 402 2270 meum
414 2230 498 2287 cuper
524 2231 580 2287 eoa,
608 2214 676 2271 dicit
694 2217 827 2272 Dominus
849 2213 956 2288 scolene
1010 2210 1081 2266 ditio
1096 2210 1191 2285 ipsius
1202 2212 1369 2269 confitentis
1385 2214 1487 2270 obesse
1503 2214 1596 2286 possit
1612 2232 1619 2283 ;
1635 2213 1702 2270 licet
1716 2218 1837 2287 negator

131 2301 454 2376 taer(lrt.xv,13-17).
473 2303 573 2375 ltaque
602 2308 630 2359 et
657 2303 767 2360 residui
789 2302 954 2374 hominum,
1011 2298 1059 2354 ille
1073 2304 1159 2357 notes
1177 2299 1221 2356 vel
1236 2301 1391 2359 hereticus
1407 2302 1493 2358 luerit
1514 2302 1559 2358 vel
1584 2303 1706 2359 eudicus
1722 2307 1837 2359 autau-

130 2392 160 2447 id
176 2390 357 2464 estquidam
373 2391 552 2460 iudeorum,
574 2395 603 2448 et
630 2408 733 2448 omncs
751 2396 854 2466 gentes
868 2407 957 2464 super
1011 2388 1072 2446 dire
1087 2389 1241 2463 incipiens,
1258 2391 1307 2463 qui
1332 2391 1463 2447 nondum
1488 2390 1654 2464 baptizatus
1669 2390 1717 2463 sit,
1733 2390 1777 2447 vel
1801 2391 1837 2448 de

130 2478 385 2552 quasinvocatum
401 2483 445 2535 est
460 2496 566 2536 nomen
582 2480 709 2549 Domini,
721 2484 846 2553 possunt
860 2485 888 2537 et
905 2496 956 2536 ne·
1010 2477 1113 2534 haeresi
1129 2479 1164 2535 ed
1180 2478 1330 2535 veritatem
1343 2480 1586 2548 tideiconversus,
1597 2479 1640 2536 vel
1656 2480 1693 2537 eb
1709 2479 1838 2537 Ecclesia

129 2584 212 2626 cesse
226 2568 337 2624 hahent
352 2567 498 2640 requirere
506 2569 751 2643 Dominum‚qnie
766 2570 830 2643 ipse
844 2568 957 2625 invoca·
1011 2566 1162 2641 digressus
1178 2571 1206 2623 et
1216 2572 1317 2641 postea
1333 2585 1465 2626 reversus
1479 2569 1517 2625 sit
1534 2595 1541 2639 3
1558 2573 1585 2626 et
1600 2575 1668 2626 tunc
1680 2585 1747 2625 cum
1763 2569 1837 2625 redi-

130 2657 172 2714 tio
189 2657 317 2713 nominis
330 2657 489 2730 preheleis
504 2658 687 2714 occasionem
701 2658 745 2729 vel
761 2658 849 2715 etiem
865 2658 957 2730 irnpe-
1011 2659 1066 2723 ret,
1080 2655 1251 2729 priusquam
1268 2656 1293 2712 ei
1310 2673 1416 2714 monus
1431 2657 1613 2730 abepiscopo
1636 2658 1837 2730 imponeretur

129 2744 174 2801 nit
190 2746 392 2802 necessitatem
410 2746 577 2819 requirendi
595 2746 761 2816 Dominum,
774 2747 956 2819 cumquihus
1011 2743 1212 2818 apprehensus
1227 2744 1356 2801 conllteri
1373 2745 1521 2802 Christum
1551 2763 1648 2803 eornm
1665 2745 1835 2802 hominibus

129 2834 479 2908 precipiuotscripturas
499 2840 626 2905 sanctus,
642 2836 702 2893 sive
717 2836 880 2906 universes,
897 2836 956 2893 siue
1011 2850 1129 2891 necesse
1151 2833 1298 2902 habuerit,
1322 2833 1398 2890 sieut
1423 2835 1529 2890 iterum
1554 2833 1670 2907 neganti
1687 2834 1834 2891 Christum

129 2925 287 2996 quesdsm,
316 2927 413 2980 temen
442 2924 597 2981 audentius
622 2925 657 2981 de
685 2924 803 2981 veritate
831 2928 956 2982 tractare
1010 2920 1315 2996 nnllepropriavetus
1330 2922 1458 2997 dignitas
1472 2926 1567 2996 potest
1582 2924 1617 2979 ad
1642 2921 1767 2980 aetutem
1783 2938 1833 2995 pe·

129 3028 221 3087 quem
236 3028 303 3069 cum
316 3011 464 3087 gentibus,
474 3029 710 3086 superqucsnon
726 3018 771 3071 est
785 3013 954 3070 invocatum
1009 3011 1159 3069 trocinari.

128 3118 238 3159 nomeu
255 3101 370 3159 homini
383 3102 453 3159 Jesu
471 3101 535 3159 Filii
551 3101 600 3158 Del
613 3102 681 3170 trivi,
697 3101 782 3158 sicuti
799 3119 852 3159 nso
867 3118 956 3175 super
1045 3099 1119 3157 lllll.
1136 3101 1334 3175 Quodcunque
1350 3103 1406 3172 (29)
1417 3101 1495 3158 enim
1511 3100 1540 3157 in
1556 3100 1676 3158 homine
1692 3099 1832 3158 ultimum

127 3187 257 3261 ludaeos,
273 3189 323 3261 qui
337 3196 448 3247 veteres
472 3194 588 3247 tantum
620 3190 784 3264 scripturos
799 3191 953 3264 recipiunt.
969 3169 992 3239 C
1009 3189 1039 3245 in
1051 3189 1105 3246 hee
1120 3189 1217 3263 specie
1232 3190 1446 3263 deprehensum
1468 3191 1564 3262 inerit,
1588 3190 1618 3248 in
1634 3190 1683 3247 illo
1699 3190 1766 3262 quis
1782 3207 1833 3247 no·

128 3279 164 3336 at
178 3278 244 3335 ideo
258 3278 413 3351 utriusque
428 3279 518 3352 hujus
533 3279 834 3353 generishomines,id
850 3278 955 3338 estin·
1009 3278 1833 3351 strumjudicarinecessehabehit,aholitisetoblitteratis

128 3367 185 3425 daei
199 3371 228 3424 et
249 3367 385 3441 gentiles,
409 3366 494 3440 plene
522 3371 556 3424 ut
580 3372 694 3440 oportet
716 3369 867 3425 credentes
891 3368 955 3442 peri
1009 3367 1227 3442 omnibusque
1243 3368 1680 3442 priusgessit.lltideocumin
1693 3367 1832 3441 martyrio

128 3457 219 3514 medo
233 3456 427 3530 baptizantur.
439 3457 713 3529 Haeretioiverojam
726 3457 862 3531 baptizati
878 3475 956 3530 eque
1009 3457 1143 3514 tentarit
1158 3458 1281 3514 mutatio
1293 3475 1390 3516 rerum
1405 3458 1435 3515 in
1459 3462 1608 3515 momento
1632 3457 1783 3531 temporis,
1802 3460 1834 3513 ut

127 3545 955 3619 innomineJesuChristi,tantuminSpiritusanctoha-
1008 3548 1089 3607 inre
1113 3566 1255 3623 perquam
1285 3548 1374 3606 veloci
1396 3549 1511 3622 possint
1534 3549 1642 3608 mutari
1671 3549 1831 3619 universo;

128 3634 335 3710 ptisandisunt
351 3651 358 3691 ι
374 3633 440 3691 etin
455 3635 621 3707 Jesu,quod
631 3651 736 3692 nomen
746 3635 841 3692 solum
853 3636 954 3693 datum
1009 3651 1095 3693 nemo
1111 3635 1167 3691 sihi
1180 3634 1349 3692 blandietur
1363 3637 1414 3710 qui
1430 3637 1612 3695 occasionem
1630 3637 1762 3696 amiserit
1776 3638 1836 3711 glo·

129 3723 703 3797 estsuhcoeloinquooporteatsalvos
728 3725 788 3781 lieri
811 3742 874 3796 nos,
892 3743 955 3782 me·
1009 3723 1259 3796 riosesalutis,si
1278 3725 1446 3783 lorteseab
1473 3743 1507 3783 ea
1536 3726 1691 3784 excluserit
1719 3726 1836 3799 proprie

128 3814 183 3870 rito
199 3828 280 3869 mors
294 3811 660 3884 contemnitur;queniam
672 3812 745 3869 sisic
761 3818 954 3885 perseverent,
1009 3813 1329 3886 suaculpezsicutiet
1349 3814 1398 3871 illa
1428 3831 1499 3872 uxor
1526 3821 1587 3887 Lot,
1616 3834 1680 3889 ques
1700 3815 1836 3872 similiter

129 3901 201 3959 solvi
211 3918 341 3958 essenon
348 3901 555 3974 possunt,quia
566 3917 623 3957 non
635 3900 848 3973 requisiverunt
859 3901 955 3957 Domi·
1008 3903 1039 3959 in
1055 3901 1200 3975 angustiis
1222 3919 1319 3959 rerum
1335 3908 1435 3960 contra
1461 3911 1637 3978 preceptum
1663 3905 1835 3978 angelorum

129 4006 200 4048 nom
216 3989 503 4063 postinvooetionem
521 3989 649 4046 nominis
668 3990 732 4061 ejus
748 4006 838 4064 super
852 3991 951 4047 11⁰⁷
1010 3990 1113 4050 1108
1129 3992 1335 4049 tantummodo
1348 3996 1416 4064 post
1430 4009 1461 4050 se
1485 3993 1621 4067 respexit,
1650 3999 1679 4049 et
1701 3989 1836 4048 tumulus

129 4095 187 4148 ees,
203 4078 282 4137 sicut
296 4084 325 4136 et
339 4077 382 4134 illi
398 4079 450 4152 qui
467 4078 498 4134 in
512 4096 562 4135 eos
577 4078 711 4136 Christus
726 4079 784 4152 (28)
809 4079 858 4150 qui
883 4080 956 4136 lortc
1010 4080 1081 4138 salis
1096 4079 1173 4137 lecte
1187 4085 1240 4136 est.
1254 4080 1317 4144 Oua
1333 4080 1443 4137 ratione
1458 4081 1546 4138 etiarn
1558 4080 1606 4138 ille
1615 4081 1768 4138 haereticus
1784 4081 1835 4153 qui

129 4169 245 4226 eredere
262 4166 430 4234 noluerunt,
445 4169 481 4224 de
501 4167 608 4240 quihus
624 4168 764 4225 Dominus
780 4169 821 4225 alt
836 4187 843 4224 ε
858 4171 957 4226 Cavete
1011 4169 1177 4226 coufitendo
1193 4170 1299 4226 Christi
1317 4185 1421 4225 nornen
1444 4169 1616 4238 trucidatur,
1647 4169 1720 4225 nihil
1734 4173 1836 4241 postea

128 4259 234 4332 nequis
248 4272 295 4314 uos
309 4258 341 4313 in
351 4273 473 4314 errorem
488 4256 610 4313 iuducet.
627 4257 704 4313 uuit
718 4260 792 4312 enim
808 4260 957 4316 renuntio
1010 4262 1105 4331 potest
1120 4257 1274 4332 corrigere,
1290 4258 1313 4314 si
1331 4258 1400 4331 quid
1417 4257 1518 4315 delleo
1529 4263 1581 4315 aut
1591 4259 1626 4315 de
1638 4258 1836 4315 Christomele

127 4349 240 4404 nomine
252 4362 312 4403 mee
326 4345 463 4404 dieentes:
492 4349 551 4417 qu
578 4362 640 4403 sum
656 4345 798 4403 Christus
814 4355 840 4404 et
855 4349 957 4405 multos
1010 4347 1145 4415 senserit,
1160 4364 1225 4404 eum
1238 4346 1359 4403 ineliud
1377 4351 1466 4403 muni
1481 4345 1564 4403 velin
1582 4345 1673 4402 alium
1687 4346 1836 4404 Christum

128 4435 553 4507 inmoremiudueentlldotth.
583 4452 659 4502 xxiv,
683 4437 709 4508 l,
738 4437 823 4506 etl).
849 4437 954 4495 ttrite-
1011 4435 1156 4494 eredendo
1171 4436 1361 4509 semetipsum
1380 4434 1490 4502 ieiellit,
1506 4436 1657 4492 confessor
1680 4452 1738 4492 non
1753 4435 1835 4492 Chri-

125 4539 194 4581 rum
209 4518 253 4583 ult
269 4541 275 4579 :
293 4526 365 4581 Tune
377 4526 403 4580 ei
417 4527 466 4597 qui
490 4525 594 4582 dixerit
616 4525 708 4582 volu:
726 4527 791 4581 Eece
815 4526 860 4583 lu'e
875 4526 954 4584 Cleri·
970 4531 993 4596 [)
1009 4525 1058 4596 sti,
1072 4525 1121 4581 sed
1136 4524 1266 4582 solitario
1281 4523 1514 4582 Christiuomine
1530 4525 1705 4596 ;quandoet
1717 4526 1840 4599 Aposto-

123 4617 195 4686 rtus,
209 4616 260 4669 aut
274 4613 336 4679 hic3
350 4613 439 4670 notite
452 4613 567 4671 credm.
601 4614 721 4683 Surpent
748 4615 824 4670 enim
838 4616 953 4680 pseudo·
1007 4615 1055 4672 lus
1070 4614 1375 4690 consequenterdicet
1391 4631 1398 4671 ε
1413 4616 1446 4671 st
1460 4615 1486 4671 ei
1506 4629 1604 4687 corpus
1628 4631 1722 4671 meum
1744 4617 1837 4672 trodi-

119 4703 225 4759 christi
238 4710 265 4758 et
276 4701 530 4774 pseudoprophetae,
552 4711 579 4758 et
592 4702 698 4758 dobunt
707 4703 788 4774 eiquo
814 4720 916 4774 mopso
929 4709 954 4762 et
1007 4705 1084 4771 dero,
1100 4706 1140 4760 ito
1163 4714 1194 4759 ut
1219 4719 1324 4760 exortu
1338 4704 1408 4776 iqui,
1426 4703 1600 4760 dilectionem
1614 4712 1773 4762 ceumaco
1787 4706 1837 4761 to·

115 4793 265 4863 portentu,
282 4791 478 4859 iuuenem,
507 4793 534 4847 si
555 4792 618 4862 {teri
639 4796 739 4863 potest,
767 4793 854 4848 etiam
877 4793 956 4850 electi
1009 4794 1096 4862 heom,
1113 4791 1349 4865 nitilprofieiotl
1365 4791 1425 4849 Cor.
1455 4810 1519 4862 xur,
1536 4794 1574 4866 3).
1591 4792 1664 4857 Quis
1692 4793 1746 4850 huc
1762 4794 1836 4850 iacto

116 4877 208 4951 (leid.
223 4879 270 4949 23,
284 4879 341 4951 24).
357 4880 434 4945 Ques
445 4879 569 4937 virtutes
583 4896 641 4937 nou
657 4880 745 4937 dubie
760 4884 830 4938 tunc
844 4881 886 4937 illi
898 4883 954 4940 suh
1009 4882 1082 4940 nihil
1097 4880 1212 4954 prolicit
1226 4881 1275 4953 qui
1293 4897 1351 4937 non
1377 4881 1467 4940 hahet
1495 4881 1681 4940 dilectionem
1708 4883 1773 4953 ejus
1788 4882 1837 4938 Dei

115 4966 248 5026 numne
262 4968 369 5025 Christi
389 4969 506 5026 iactent.
533 4971 565 5026 ln
588 4986 645 5042 qno
670 4968 789 5026 nornine
818 4971 955 5029 videntur
1008 4975 1036 5028 et
1048 4970 1165 5039 Christi,
1183 4968 1233 5043 qui
1249 4985 1301 5043 per
1317 4968 1410 5044 legem
1431 4975 1460 5027 et
1474 4970 1634 5044 prophetas
1659 4975 1686 5026 et
1703 4971 1732 5026 in
1748 4971 1837 5026 Evan-

111 5056 248 5130 quidem
263 5056 352 5114 etiem
366 5059 451 5115 modo
474 5059 618 5130 quasdam
647 5058 770 5116 virtutes
793 5059 897 5128 lucere,
926 5065 955 5117 et
1008 5058 1192 5134 gelioinhoc
1216 5059 1323 5115 urendo
1344 5058 1663 5133 praedicetur:lliliqea
1690 5059 1837 5115 Dominum

108 5143 198 5204 false
212 5145 398 5220 prophetare.
411 5147 465 5203 Sed
483 5152 595 5204 eertum
610 5151 655 5204 est
667 5149 812 5220 eos,quod
829 5148 884 5221 ipsi
896 5164 952 5206 non
1011 5153 1098 5205 Deum
1110 5151 1189 5204 tuum
1202 5149 1232 5203 tn
1247 5147 1389 5204 totocorde
1409 5151 1455 5205 tuo
1468 5152 1495 5204 et
1517 5149 1547 5203 iu
1570 5150 1627 5204 tota
1640 5148 1738 5203 enimc
1753 5150 1836 5204 tuost

830 5292 999 5355 veriorum
1025 5298 1120 5354 note.

155 5412 217 5485 (27)
231 5411 315 5470 lluttu
342 5415 384 5472 uel
410 5433 509 5488 proco.
540 5414 747 5488 iteponendum
775 5419 821 5470 eet
842 5416 952 5472 mutilo.
1009 5421 1085 5474 runt.
1102 5417 1246 5473 Gorneae.

106 5482 270 5542 Gramen.
1043 5488 1100 5560 (29)
1129 5488 1323 5559 Quodcunque.
1352 5488 1435 5543 Forte-
1463 5486 1632 5558 legendum,
1658 5487 1830 5559 Quocunque.

156 5557 229 5630 (28).
248 5557 301 5627 Qui
315 5559 346 5613 io
359 5574 404 5615 eos
432 5557 567 5614 Christus.
596 5556 683 5629 Angli
709 5556 864 5630 legendum
889 5572 953 5615 esse
1007 5559 1151 5617 arsuro.

111 5632 306 5687 monuerunt
319 5631 368 5701 qui
381 5632 414 5686 ot
423 5628 846 5704 pseudo-chrismatorteeredere
856 5629 951 5688 solue·
