3892 6104
109 270 187 332 loli
639 264 822 329 audaces
842 266 1044 331 EGGLESIAE
1063 266 1286 333 triticeum.
1736 272 1817 339 tole

107 402 185 475 qarcd
200 416 294 457 uinum
317 398 429 457 scilicet
456 398 522 455 ideo
542 402 597 469 cst,
627 396 697 469 quia
724 398 853 455 Ecclesia
876 414 935 455 una
949 408 974 473 Α
990 418 1048 474 quo
1063 399 1190 457 haretici
1213 404 1347 471 utuntur,
1379 418 1432 459 nec
1461 418 1640 475 quemquam
1658 404 1738 479 apud
1752 422 1814 477 ecs,

108 496 165 559 cst,
180 494 210 548 et
222 504 288 547 esse
297 488 445 561 baptisma
457 490 538 543 extra
553 484 710 543 Ecclesiam
725 504 782 543 non
793 490 898 559 potest.
915 508 931 537 n
985 490 1037 561 qui
1051 490 1165 547 christo
1179 492 1380 561 adversantur,
1397 508 1449 565 per
1462 492 1587 565 gratiam
1602 494 1710 551 Christi
1725 510 1814 567 posse

107 583 201 653 Aluus
214 576 464 651 ullahujusmcdi.
485 575 547 633 Sub
562 575 640 632 idem
668 574 792 634 tortasse
814 580 933 651 tempus
986 580 1125 654 prolicere
1139 580 1295 655 diligenter
1307 598 1579 657 nuperespressum
1589 584 1812 659 estinepistcla.

109 686 144 729 ex
156 670 260 727 eadam
275 664 645 738 Mauretaniallogatianus
659 662 932 739 episcopusllouen-
987 686 1051 743 que
1065 672 1100 727 ad
1111 670 1251 737 Quintum
1278 672 1419 747 collegam
1435 678 1569 731 nostrum
1584 673 1614 729 in
1630 672 1814 733 Mauretania

110 760 152 818 sis
166 758 243 832 apud
258 756 435 831 cyprianum
451 754 488 811 de
512 753 635 811 diacono
651 770 704 810 suc
719 756 849 826 quaestus
859 756 932 823 erat,
987 758 1180 817 constitutum
1194 777 1284 833 super
1298 778 1333 818 en
1347 778 1378 819 re
1392 762 1502 837 scripta
1516 766 1581 831 csl;
1597 762 1667 819 item
1687 762 1717 819 in
1734 762 1812 823 litle-

111 872 125 901 «
141 848 220 923 quod
236 846 392 903 immemor
405 841 594 900 sacerdotalis
608 840 675 912 loci,
689 847 719 899 et
733 842 821 899 olllcii
836 859 870 899 ac
880 842 934 899 mi·
987 850 1039 921 rle,
1055 865 1129 921 quas
1143 848 1259 921 college
1270 850 1362 907 ncslri
1378 852 1413 906 ad
1430 850 1616 924 coepiscopos
1628 852 1659 909 in
1672 852 1814 911 Numidia

111 936 224 995 nisterii
246 935 294 993 sui
322 934 442 999 oblitus,
471 930 658 989 contumeliis
686 939 713 987 el
725 931 843 1004 injuriis
865 948 934 989 enm
988 940 1177 1014 presidentes
1192 944 1259 997 ante
1273 940 1508 1013 lecerunt,oujns
1522 940 1815 1017 utriusqneepislcle

110 1026 322 1086 exacerbasset.
339 1044 355 1075 ο
371 1021 678 1094 Laudavitcyprienns
691 1022 746 1077 viri
760 1021 934 1078 modestiam
989 1028 1122 1102 exempla
1145 1030 1301 1087 subdimus
1327 1029 1385 1087 hic.
1402 1053 1416 1081 ο
1436 1034 1576 1089 ceterum
1604 1032 1656 1090 illa
1687 1032 1816 1091 maxime

110 1116 162 1189 qui
177 1114 261 1187 queri
275 1112 311 1170 de
325 1127 359 1169 eo
373 1109 520 1182 maluerit,
530 1126 618 1183 quam
629 1110 802 1167 auctoritate
816 1127 890 1168 usus
905 1110 935 1167 in
989 1120 1247 1176 commemoranda
1257 1124 1340 1185 sunt,
1356 1136 1420 1192 qne
1436 1120 1539 1192 synodi
1548 1119 1650 1178 littere
1666 1126 1816 1195 postrema

111 1221 180 1264 cnm
196 1201 428 1261 animaduertere
444 1216 451 1257 ε
468 1199 519 1257 sed
543 1198 731 1272 indulgentia
756 1203 853 1256 tamen
876 1215 937 1255 mo·
989 1205 1107 1263 habent.
1124 1206 1237 1279 Quippe
1259 1198 1448 1263 manifestum
1463 1206 1532 1263 inde
1556 1206 1598 1273 tlt,
1626 1212 1720 1266 totam
1734 1208 1816 1266 illam

112 1296 184 1351 dum
198 1292 368 1366 ponendum
383 1290 476 1347 dirrit.
494 1288 650 1363 «Oportet,
661 1288 862 1363 inquitlepist.
878 1290 935 1360 65),
990 1295 1217 1352 controversiam
1233 1296 1268 1351 de
1283 1294 1431 1368 baptismo
1443 1296 1479 1353 ad
1495 1295 1644 1354 catholicas
1659 1297 1817 1371 prcicssic·

113 1384 280 1451 diaconum,
296 1380 404 1451 dequo
419 1378 536 1450 scribis,
565 1393 650 1451 agere
665 1378 793 1435 audacia
808 1394 936 1450 scapos·
991 1384 1037 1440 nis
1047 1399 1195 1440 summam
1211 1383 1332 1441 minime
1345 1383 1532 1457 pertinuisse,
1544 1388 1575 1441 et
1587 1386 1733 1443 contraria
1748 1402 1817 1445 scn-

114 1471 280 1541 nitentium,
306 1474 336 1526 et
362 1468 505 1525 honorem
529 1468 689 1525 sacerdotis
712 1483 880 1540 agnoscere,
908 1470 938 1525 et
990 1473 1095 1529 tientes
1120 1488 1202 1545 aque
1228 1472 1390 1531 catholicos
1415 1472 1534 1531 habitos
1561 1488 1636 1532 esse.
1655 1495 1667 1528 ι
1687 1475 1816 1549 Scimus,

113 1562 251 1635 episcopo
266 1558 423 1632 preposito
451 1573 505 1615 suc
533 1556 620 1630 plena
641 1555 938 1614 humililatesatisla·
991 1562 1139 1635 inquiunt,
1154 1563 1299 1635 quosdam
1324 1563 1402 1636 quod
1427 1562 1518 1621 semel
1543 1563 1722 1635 imbiberint,
1739 1562 1818 1623 nolle

114 1666 191 1710 cere.
210 1672 222 1701 ι
242 1649 279 1707 Et
301 1647 385 1705 atlert
409 1646 487 1703 idem
518 1646 648 1703 criminis
676 1646 841 1702 vindicandi
869 1661 939 1720 gra·
992 1653 1146 1725 deponere,
1158 1668 1211 1708 nec
1226 1652 1508 1726 propositumsuum
1523 1651 1608 1711 facile
1621 1658 1748 1723 mutare,
1763 1654 1818 1713 sed

114 1738 408 1797 vissimamcauanm.
427 1759 438 1789 ι
455 1739 521 1792 llac
544 1740 616 1792 sunt
630 1735 719 1806 enim,
735 1734 939 1807 inquit,initia
953 1782 978 1849 B
992 1740 1074 1798 salvo
1097 1740 1173 1799 inter
1191 1740 1316 1815 collegas
1349 1740 1431 1815 pacis
1462 1746 1490 1799 et
1512 1743 1673 1801 concordie
1699 1742 1818 1803 vinculo

115 1827 329 1897 hereticorum,
345 1831 374 1882 et
388 1832 469 1882 ortus
493 1829 581 1898 atque
594 1828 717 1881 conatus
737 1823 939 1882 schismatico·
993 1831 1126 1903 quadam
1140 1830 1336 1904 propriaque
1347 1831 1424 1905 apud
1441 1832 1574 1889 sesemel
1590 1833 1651 1890 sint
1677 1836 1820 1907 usurpata

115 1934 181 1976 rum
196 1916 273 1974 male
287 1915 492 1989 cogitantium,
508 1917 541 1970 ut
555 1912 610 1971 sibi
626 1913 770 1988 placeant,
784 1916 817 1970 ut
831 1930 941 1986 prapo·
994 1919 1128 1977 retinere.
1145 1922 1208 1987 Qua
1221 1920 1252 1977 in
1267 1936 1298 1977 re
1316 1936 1370 1977 nec
1384 1937 1438 1977 nos
1460 1920 1516 1977 rim
1541 1920 1679 1994 cuiqnam
1694 1920 1820 1979 lecimus

114 2008 205 2065 situm
220 2006 346 2080 superbo
359 2008 474 2061 tumore
489 2007 688 2060 contemnant.
705 2004 752 2059 Sic
762 2003 798 2060 de
812 2001 941 2060 Ecclesia
994 2012 1045 2065 aut
1060 2006 1155 2081 legem
1169 2008 1286 2074 damus,
1302 2009 1420 2083 quando
1444 2008 1552 2067 habeat
1573 2010 1602 2067 in
1622 2009 1757 2067 Ecclesia
1768 2010 1820 2069 ad·

115 2097 271 2163 receditur,
287 2094 329 2151 sic
343 2092 433 2149 altare
449 2093 604 2166 profanum
633 2090 941 2159 loriscollocatur,sic
996 2096 1210 2154 ministratione
1234 2097 1394 2156 uoluntatis
1418 2115 1478 2155 sne
1509 2098 1662 2157 arbitrium
1694 2098 1822 2157 liberum

115 2189 216 2244 contra
231 2200 331 2259 pacem
346 2181 462 2251 Christi,
479 2180 730 2239 etordinationcm
745 2184 833 2254 atque
844 2181 940 2237 unita·
996 2185 1200 2259 unusquisque
1216 2188 1822 2260 prepositus,rationemactussuiDomino

116 2282 174 2333 tem
189 2274 240 2332 liei
248 2272 442 2331 rebellatur.»
996 2275 1165 2332 redditurus
1182 2300 1194 2329 s
1213 2278 1254 2349 (l'.
1296 2276 1438 2349 Scmier.,
1466 2278 1498 2333 ic
1519 2278 1616 2335 tuost.
1643 2278 1783 2351 dicaci„
1799 2294 1822 2349 r,

150 2403 185 2460 V.
201 2404 307 2459 Pacata
321 2417 388 2457 uero
411 2402 544 2471 tempora
558 2401 586 2454 et
602 2398 771 2472 disputandi
787 2398 879 2455 otium
895 2412 942 2454 res
997 2364 1032 2437 Π·
1049 2382 1078 2439 Ρ·
1092 2364 1168 2437 ²²⁰i·

117 2493 191 2552 alias
204 2492 235 2548 in
251 2489 477 2547 controversiam
494 2487 650 2558 adduxere,
658 2491 852 2559 preterquam
862 2485 942 2559 quod
1032 2488 1079 2545 Vl.
1095 2488 1146 2545 llis
1170 2488 1207 2545 ad
1229 2488 1411 2561 Stephanum
1434 2488 1540 2547 litteris
1554 2490 1691 2565 Cypriani
1714 2494 1744 2549 et
1774 2492 1825 2550 Ρο-

116 2584 183 2657 lpsa
196 2579 322 2654 questio
337 2578 374 2635 de
402 2577 547 2649 baptismo
578 2574 765 2633 subdifficilis
791 2574 943 2631 multisne
996 2582 1076 2635 trum
1091 2576 1224 2634 omnium
1235 2578 1354 2635 nomine
1364 2578 1476 2645 missis,
1492 2578 1650 2636 dimissum
1665 2579 1824 2639 concilium

116 2664 942 2737 suhcbscuravidebantur.0uaprcplerconciliumiterum
997 2672 1051 2723 eet.
1067 2671 1107 2721 at
1121 2664 1250 2738 episcopi
1263 2666 1300 2721 ad
1315 2664 1459 2723 Ecclesiae
1473 2682 1543 2723 suas
1559 2670 1678 2738 reversi,
1696 2668 1824 2727 diricam

116 2762 186 2816 ante
199 2756 269 2815 anni
284 2754 393 2813 exitum
409 2753 472 2826 cogi
503 2768 621 2809 necesse
641 2752 708 2825 luit,
724 2752 760 2808 ad
773 2753 849 2823 quod
865 2752 943 2825 epis·
996 2759 1087 2811 totam
1111 2752 1349 2811 contentionibus
1377 2753 1573 2827 impleverunt
1594 2772 1601 2811 :
1628 2755 1826 2813 dissentienti·

115 2847 182 2921 copi
195 2844 332 2903 advenire
358 2842 546 2916 septuaginta
559 2846 588 2898 et
615 2857 694 2897 unus
721 2845 859 2915 partums
875 2857 943 2913 prc.
997 2845 1053 2900 bus
1067 2842 1223 2916 episcopis,
1234 2844 1286 2914 (lui
1302 2841 1332 2897 in
1348 2840 1477 2899 Ecclesia
1499 2860 1554 2900 sua
1569 2843 1731 2901 Romanam
1754 2860 1827 2902 ccn-

115 2935 211 2993 vincia
224 2930 437 3007 proconsulari,
449 2929 557 3004 partim
574 2946 590 2987 e
603 2928 753 2987 Numidia.
770 2928 861 2987 lllulta
876 2945 942 2987 verc
997 2930 1185 2989 suetudinem
1199 2929 1381 2999 invenerant,
1394 2947 1521 3004 quornm
1536 2948 1552 2989 e
1571 2948 1695 2990 numero
1711 2932 1826 3007 aliquos

114 3029 146 3085 in
162 3030 274 3086 ectum
294 3022 408 3099 prolato
432 3031 514 3095 cipue
537 3025 686 3078 trccscctc.
715 3022 852 3077 Testatur
879 3020 943 3092 ipse
997 3022 1126 3078 dceare
1155 3020 1190 3076 ad
1221 3017 1403 3092 Stephanum
1433 3020 1574 3093 scripisse
1601 3020 1740 3079 credibile
1769 3026 1826 3081 est.

114 3117 277 3192 cyprianus
292 3113 388 3188 (epist.
403 3114 450 3185 72)
466 3130 474 3183 ;
490 3111 541 3168 sed
571 3112 628 3170 duo
657 3110 844 3184 potissimum
861 3114 941 3182 sunt,
957 3150 979 3219 c
999 3110 1089 3167 Fuere
1103 3108 1192 3166 etiam
1208 3108 1259 3180 qui
1287 3106 1422 3181 Cypriani
1442 3109 1609 3166 testimonio
1623 3110 1720 3168 doceri
1734 3126 1827 3185 cupe-

115 3224 179 3280 que
190 3205 269 3263 idem
284 3204 515 3276 designatatque
529 3199 653 3274 explicat
668 3218 675 3269 ;
691 3199 868 3273 primum,de
883 3214 941 3272 quc
998 3204 1072 3267 rent,
1084 3214 1176 3272 eaque
1186 3197 1222 3254 de
1237 3213 1337 3266 causa,
1366 3200 1520 3256 accuratas
1543 3198 1579 3256 ad
1595 3199 1730 3257 cumdem
1745 3200 1825 3259 litte·

116 3300 146 3352 et
159 3295 190 3350 in
211 3292 362 3366 superiore
389 3290 512 3347 concilio
540 3293 638 3346 actum
666 3289 771 3359 luerat,
789 3310 804 3340 ο
817 3304 869 3344 ecs
890 3286 942 3359 qui
996 3305 1044 3345 ras
1060 3288 1173 3345 darant.
1188 3290 1220 3342 ln
1241 3286 1289 3344 his
1312 3285 1422 3344 eminet
1446 3286 1553 3361 ignotae
1568 3288 1652 3346 urbis
1666 3288 1823 3364 episcopus

117 3384 180 3441 sint
192 3380 264 3440 ioris
280 3386 360 3438 entra
371 3378 527 3436 Ecclesiam
538 3378 621 3435 tincti
636 3382 666 3434 et
684 3380 761 3450 apud
792 3378 942 3433 hereticos
994 3376 1169 3443 iubaianus,
1185 3391 1274 3449 quem
1289 3376 1541 3433 tamenNumidie
1552 3376 1709 3450 primatem
1720 3382 1825 3452 putare

118 3479 148 3530 et
156 3470 360 3530 schismaticos
366 3468 492 3543 prolana
500 3466 655 3539 aquaelabe
667 3464 815 3535 maculati,
823 3466 943 3540 quando
997 3468 1093 3541 possis
1108 3466 1148 3539 (l'.
1166 3464 1318 3531 Schelstr.,
1328 3466 1393 3521 Ant.
1407 3465 1493 3537 licei,
1506 3483 1526 3523 r.
1543 3468 1578 3537 ll,
1604 3484 1634 3541 p.
1646 3468 1724 3541 281.)
1741 3468 1823 3525 Hunc

116 3562 153 3619 ad
169 3577 219 3619 ecs
233 3564 322 3632 atque
350 3558 385 3615 ad
401 3556 504 3615 seeo
534 3555 705 3623 Ecclesiam,
734 3572 798 3628 que
814 3571 873 3611 una
887 3557 941 3624 est,
995 3556 1123 3613 Zonaras
1132 3552 1320 3611 lovinianum
1336 3552 1475 3627 appellat)
1489 3571 1497 3611 :
1511 3570 1579 3612 cum
1589 3556 1626 3612 ad
1640 3556 1824 3615 enmdeinds

116 3649 260 3718 venerint,
285 3646 425 3720 baptizari
454 3650 596 3718 oportere.
614 3644 773 3701 »Alterum
802 3648 858 3710 est,
886 3667 900 3695 «
917 3643 942 3700 si
995 3648 1025 3703 et
1039 3644 1075 3701 ad
1091 3644 1278 3716 coepiscopos
1287 3644 1351 3715 ejus
1363 3644 1550 3718 rescripsisse
1565 3646 1727 3719 Cyprianus
1742 3646 1822 3705 dica·

116 3736 344 3813 quipresbyteri
371 3740 422 3792 aut
450 3734 576 3805 diaconi,
605 3733 655 3806 qui
683 3733 727 3790 vel
756 3732 786 3789 in
815 3731 943 3789 Ecclesia
996 3740 1056 3791 tur.
1074 3733 1205 3789 llicuero
1226 3732 1319 3789 sicad
1353 3732 1650 3807 Cyprianummtl
1668 3752 1685 3792 ο
1705 3736 1823 3808 prouin-

116 3828 260 3887 cathclica
288 3826 369 3899 prius
399 3824 525 3881 ordinati
552 3822 671 3895 luerint,
699 3827 728 3880 et
754 3823 943 3896 postmodum
996 3822 1042 3880 cia
1055 3838 1110 3880 sun
1122 3820 1251 3893 scripsit,
1265 3823 1299 3878 ut
1312 3820 1479 3893 exemplum
1495 3838 1613 3895 quoque
1631 3823 1721 3881 libelli
1739 3823 1825 3881 addc·

116 3917 222 3992 perlidi
247 3932 281 3975 ac
295 3913 417 3973 rebelles
437 3917 538 3971 contra
559 3902 725 3970 ¹Ecclesiam
740 3913 884 3980 steterint,
899 3910 943 3968 vel
996 3916 1041 3969 ret
1054 3910 1114 3967 sire
1129 3909 1223 3967 Roma
1236 3909 1357 3982 accepti,
1374 3909 1479 3966 sivein
1503 3911 1601 3969 Africa
1623 3912 1735 3985 emissi,
1765 3928 1824 3986 quc

115 4008 194 4081 apud
209 4004 361 4064 haereticos
388 4021 406 4059 a
433 4002 699 4076 pseudoepiscopis
714 4008 744 4058 et
756 3998 944 4058 antichristis
997 3999 1029 4057 in
1050 3998 1149 4056 libello
1173 3997 1319 4055 sententie
1334 3998 1398 4071 ejus
1419 3998 1612 4057 refutabatur.
1629 4001 1825 4066 Quamobrem

117 4094 341 4155 contrachristi
360 4092 583 4164 dispositionem
611 4090 735 4162 prolana
761 4088 944 4147 ordinatione
997 4087 1087 4147 clilcii
1109 4085 1156 4144 sui
1180 4085 1293 4159 putavit
1321 4103 1387 4144 esse
1409 4086 1581 4163 cyprianus,
1606 4093 1640 4148 ut
1659 4090 1755 4149 lusins
1774 4091 1826 4151 lu·

117 4182 245 4259 promoti
260 4183 329 4254 sint,
341 4184 370 4237 et
384 4185 484 4236 contre
499 4180 589 4235 altare
605 4194 697 4235 unum
713 4182 799 4252 atque
812 4177 944 4235 divinum
998 4176 1103 4235 baiano
1119 4175 1293 4241 rescribens,
1300 4177 1429 4234 rationes
1437 4179 1825 4255 quoqueprclerret,quibns

117 4272 263 4332 sacrillcia
286 4270 357 4327 ioris
386 4267 460 4325 ialsa
488 4284 521 4325 ac
549 4267 692 4341 sacrilega
718 4269 820 4325 cllerre
847 4267 944 4325 conell
998 4264 1233 4323 adversariorum
1268 4270 1442 4337 argumenta
1482 4267 1574 4323 refelli
1616 4270 1824 4328 arbitrabatur.

118 4364 198 4433 sint,
227 4378 278 4419 ecs
307 4374 423 4433 quoque
454 4358 507 4413 hnc
535 4356 701 4414 conditione
728 4356 849 4430 suscipi,
876 4372 944 4414 cum
998 4356 1069 4428 Ejus
1081 4353 1160 4411 enim
1175 4368 1349 4425 responsum
1361 4353 1390 4409 in
1402 4353 1536 4412 omnium
1551 4364 1826 4417 mannsvcnturum

118 4454 315 4514 revertuntur,
331 4452 365 4503 ut
379 4446 597 4503 communicent
608 4444 943 4514 laici,etsatishaheent,
998 4444 1190 4518 intelligebat.
1206 4442 1263 4499 Sed
1290 4442 1506 4515 inquestione,
1534 4462 1599 4519 qne
1623 4453 1687 4504 tum
1703 4448 1828 4507 subobs-

119 4541 199 4615 qncd
228 4538 427 4595 admittuntur
455 4534 492 4591 ad
528 4550 640 4607 paoem,
665 4534 716 4608 qui
743 4534 843 4591 hostes
865 4514 1071 4608 paclslieura
1095 4536 1169 4606 erat,
1194 4533 1249 4589 hoc
1272 4533 1302 4590 in
1328 4532 1463 4606 Cypriani
1491 4534 1591 4593 animo
1615 4536 1774 4611 insederat,
1788 4538 1828 4597 ab

118 4627 286 4689 exstiterint
301 4644 308 4697 ;
325 4643 378 4683 nec
393 4626 498 4682 debere
526 4640 576 4682 ecs
604 4629 781 4682 revertentes
808 4641 843 4682 ea
868 4625 946 4699 apud
999 4622 1153 4693 hereticis,
1170 4620 1239 4695 qnia
1254 4620 1323 4678 mali
1351 4626 1459 4693 essent,
1475 4623 1550 4681 nihil
1576 4624 1646 4683 boni
1682 4626 1828 4701 proticisci

120 4736 175 4777 nos
191 4715 383 4775 ordinationis
399 4720 427 4771 et
441 4714 561 4771 honoris
584 4731 667 4771 arma
688 4715 823 4787 retinere,
838 4714 948 4787 quibus
1001 4728 1103 4788 posse:
1121 4727 1173 4767 nec
1196 4712 1296 4768 minus
1310 4709 1370 4767 illis
1394 4716 1531 4783 negatum
1551 4729 1626 4785 esse,
1655 4722 1687 4773 ut
1700 4718 1829 4793 baptisa-

122 4811 294 4865 ccntrunos
311 4804 523 4862 rebellaverint.
540 4826 555 4853 »
580 4804 767 4877 Porrccapnt
789 4807 949 4877 utrumque
1002 4805 1077 4871 rent,
1093 4818 1183 4873 quam
1212 4803 1246 4855 ut
1273 4804 1391 4873 peccata
1419 4800 1596 4863 absolvendo
1621 4806 1829 4865 remitterent:

121 4894 274 4953 communi
291 4892 406 4951 concilii
423 4908 567 4948 consensu
584 4894 730 4949 sancitum
754 4895 878 4949 constet.
892 4890 947 4948 Sed
1001 4890 1061 4948 vim
1075 4906 1143 4947 vero
1167 4888 1263 4960 ipsam
1286 4888 1435 4961 baptismi,
1461 4907 1525 4963 qua
1551 4893 1662 4951 nihile
1690 4894 1829 4953 ministro

122 4986 160 5043 de
175 4988 300 5057 utroque
315 4982 451 5039 etiamad
483 4982 664 5053 Stephanum
680 4982 844 5055 pontiilcem
858 4980 949 5037 mexi-
1004 4978 1513 5054 panderet,minusoonsidebrnbut.
1536 4986 1603 5040 llec
1631 4986 1691 5041 lore
1712 4998 1830 5041 summa

123 5090 206 5131 mum
223 5072 376 5146 potissime
392 5070 630 5137 scribundumst
643 5085 711 5125 cum
726 5070 800 5143 ojus,
817 5068 950 5139 utaiunt,
1003 5073 1049 5127 est
1062 5067 1192 5141 opiatclae
1206 5068 1242 5124 ad
1256 5066 1444 5140 lubaianum,
1461 5085 1549 5141 quam
1567 5076 1664 5129 tamen
1679 5072 1775 5149 ipsam
1788 5072 1831 5131 sic

122 5162 265 5237 gravitate
288 5178 322 5217 ac
351 5160 496 5233 sapientia
527 5159 736 5217 conterendum
762 5161 951 5217 censuerunt.
1006 5157 1164 5229 concludit,
1180 5161 1213 5214 ut
1232 5173 1264 5214 se
1291 5156 1442 5229 disputare
1465 5159 1575 5231 potius,
1599 5165 1629 5220 et
1655 5162 1831 5221 sententiam

123 5249 366 5325 Exstantsyncdi
381 5249 494 5320 littere,
512 5247 543 5304 in
572 5248 681 5320 quibus
708 5250 810 5305 eudem
840 5248 954 5305 sancita
1007 5264 1091 5305 suam
1107 5246 1332 5314 tuerivoluisse,
1363 5262 1453 5319 quam
1469 5251 1657 5319 prescribere
1670 5252 1831 5327 quidquam

124 5339 277 5411 dicuntur,
293 5344 323 5396 et
345 5340 380 5396 de
394 5336 528 5410 epistolis
543 5338 632 5393 etiam
656 5336 954 5410 lltmenlioqnesad
1007 5334 1368 5407 acdeuniresignincet.«
1387 5335 1450 5391 llac
1479 5336 1544 5408 tibi,
1573 5340 1682 5414 inquit,
1706 5344 1834 5402 breviter

125 5430 269 5495 Quintum
283 5428 312 5485 in
324 5424 534 5484 Mauretaniam
548 5440 578 5482 ec
594 5426 630 5482 ad
645 5427 797 5500 episcopos
811 5422 955 5482 Numidia
1008 5443 1061 5501 pro
1077 5430 1178 5483 nostre
1193 5422 1393 5480 mediocritate
1419 5426 1635 5501 rescripsimus,
1655 5432 1745 5491 irater
1762 5432 1833 5492 cha·

125 5514 954 5593 eorlptassuperiusindicavimus.«Baptismnmantem,·
1009 5513 1137 5586 risslme,
1153 5512 1262 5571 nemini
1282 5512 1504 5587 praescribentes
1521 5524 1574 5579 aut
1597 5523 1833 5597 maledicentes,

127 5607 270 5689 inquiunt
296 5606 380 5685 (llid.
404 5606 489 5680 Epist.
519 5604 556 5665 cd
582 5604 735 5680 Stephon.)
751 5626 767 5659 α
794 5620 854 5664 non
880 5620 957 5677 esse,
1011 5604 1171 5681 quominus
1195 5602 1402 5679 unusquisque
1425 5605 1629 5685 episcoporum
1649 5614 1728 5691 quad
1749 5616 1835 5695 putat
