3900 6112
113 228 173 291 art

781 216 815 285 S.
838 218 1022 285 curuata
1043 216 1159 285 PAPAE

1701 70 1704 75 .
1780 34 1886 71 '⁴¹.''.¹

112 357 185 416 821
204 374 258 415 nce
272 356 400 430 cogitare
412 372 462 413 cos
477 371 541 413 esse
552 356 711 423 itomanoa,
724 371 850 429 quorum
866 358 939 411 rides
954 358 982 423 Α
995 354 1165 427 pastoribus
1175 356 1269 428 portio
1279 354 1377 428 gregia
1387 352 1427 411 sit
1437 353 1587 428 adscripta
1596 357 1631 425 ¹⁸,
1642 358 1829 429 quamregat

112 446 322 521 (50)Apostelo
333 446 509 519 praedicante
523 444 641 502 lucidata
651 447 705 515 cst,
721 445 755 499 od
769 460 842 515 quos
854 444 938 516 perli-

112 535 338 593 diababereuoa
347 536 438 608 possit
450 550 611 591 neccarum.
619 536 686 599 Qum
695 538 792 589 autem
802 549 941 589 causave·

6 630 9 635 '
22 672 26 677 .
112 625 212 681 aiendi
222 628 252 681 et
261 625 545 698 pseudoepiscopum
559 626 581 659 ¹⁴
591 627 693 680 contro
702 622 871 695 episcopum
883 622 940 691 (51)

34 734 37 739 ·
113 714 225 771 iactum
241 714 420 771 nuntiandi?
432 716 489 771 Aut
503 714 581 770 euim
591 714 686 785 placet
699 711 758 767 illis
773 712 850 783 quod
867 713 940 768 leca-

17 880 21 885 .
114 808 195 875 runt,
210 807 239 861 ct
252 803 283 859 ia
299 821 352 861 sue
363 802 471 860 scelere
481 807 686 876 perseverant:
703 805 755 857 aut
768 801 793 857 si
809 800 944 873 displicet

115 896 145 951 ct
156 893 309 961 recedunt,
325 893 423 950 sciunt
437 909 494 965 quo
510 896 701 948 revertantur.
714 896 786 946 Num
803 907 869 946 cum
886 894 943 947 sta·

19 1036 22 1041 .
114 977 943 1053 tutumait¹¹abcmnibus(52luobis,etmquumsitpari·

994 442 1828 515 aurisquiaqueetgubcrnet,rationemsuiactusDcmino

994 532 1828 607 redditurus;oportetutirpaeos,quibusprasumus,non

995 622 1104 678 circum
1121 640 1248 691 cursare,
1258 624 1335 679 Μ’)
1352 638 1404 678 nee
1419 621 1623 695 cpiscoporum
1637 622 1829 679 concordiam

995 711 1187 768 cohaerentem
1205 729 1260 767 sua
1280 709 1405 769 subdola
1425 717 1455 768 ct
1470 710 1566 769 fallaci
1591 709 1830 768 temeritntacel·

995 799 1105 868 lidere;
1122 801 1173 857 sed
1190 817 1276 875 agere
1292 800 1351 857 illic
1367 816 1488 857 causam
1514 817 1611 872 suam,
1628 800 1680 857 ubi
1699 805 1728 856 et
1741 815 1831 857 aceu-

997 894 1108 945 satorcs
1123 890 1144 925 ¹⁷
1167 890 1272 946 habere
1297 894 1326 946 et
1348 894 1440 947 testes
1465 889 1512 946 sui
1536 889 1669 947 criminis
1693 888 1832 963 possint:

998 978 1106 1048 nisisi,
1133 978 1235 1052 paucis
1260 978 1422 1051 desperatis
1448 982 1477 1035 et
1497 978 1619 1052 perditis
1647 978 1715 1051 (54),
1733 978 1834 1036 minor

15 1128 19 1135 ,
115 1074 162 1129 ter
174 1088 209 1129 ac
220 1072 347 1144 justum,
365 1074 397 1127 ut
413 1070 646 1142 uuiuscujusque
666 1084 754 1125 causa
768 1068 828 1123 illie
843 1067 944 1124 audia-
998 1068 1114 1125 videtur
1128 1086 1193 1125 esse
1207 1068 1366 1124 auctoritas
1382 1068 1588 1141 episcoporum
1603 1068 1634 1124 in
1647 1067 1746 1125 Africa
1759 1085 1832 1126 cou-

117 1164 167 1219 tur
189 1160 257 1234 (53),
282 1161 332 1217 ubi
356 1164 402 1217 cst
425 1159 534 1217 eriraen
560 1159 741 1217 admissum:
768 1163 796 1215 et
818 1157 946 1231 siugulis
999 1158 1182 1227 stitutorum,
1196 1158 1245 1230 qui
1262 1159 1298 1215 de
1313 1157 1445 1230 illisjam
1457 1158 1713 1230 judicaverunt,ct
1726 1174 1833 1215 eorum

826 1301 929 1367 Variae
957 1302 1117 1365 lectiones.

154 1429 510 1502 “pseudoepiscoporum
534 1429 610 1484 Lora.
636 1426 742 1483 unua
784 1428 869 1483 ¹“Sic
896 1428 969 1483 Voss.
983 1428 1011 1483 2.
1041 1428 1195 1482 bialum.
1212 1427 1291 1483 Ebur.
1322 1428 1386 1484 uod.
1408 1426 1435 1493 l,
1457 1428 1526 1485 2.N
1536 1426 1565 1483 C.
1583 1428 1609 1495 1,
1624 1427 1651 1481 2.
1690 1426 1835 1501 ¹⁸Gragis

118 1501 158 1559 ait
171 1502 330 1559 commissa
352 1503 431 1557 Lam.
456 1502 537 1557 libor.
562 1501 587 1557 ll
598 1500 625 1555 C.
642 1498 669 1569 l,
695 1501 761 1556 Bod.
777 1500 804 1555 2.
843 1500 865 1536 ¹⁷
881 1499 917 1555 Ut
936 1504 965 1555 et
988 1504 1174 1556 accusatores
1197 1500 1276 1556 baua
1301 1501 1383 1555 Ebor.
1400 1501 1462 1555 tia.
1488 1500 1552 1556 bod.
1569 1498 1597 1555 3.
1617 1500 1643 1555 Ν
1653 1499 1682 1555 C.
1697 1499 1725 1556 l.
1742 1500 1835 1557 Mica.

834 1642 997 1705 variorum
1023 1648 1118 1704 notra.

12 1804 15 1809 '
120 1794 987 1871 scribunt,principalitatem.Hmcautempotentiapriuci·1}
1003 1800 1097 1851 exstat
1111 1798 1207 1851 ceuiro
1221 1796 1365 1867 episcopm.
1386 1795 1553 1867 Legendum
1565 1795 1722 1868 opinamur
1735 1802 1837 1852 matra

121 1868 197 1943 palis
212 1884 270 1925 nou
285 1873 381 1941 potest
395 1868 495 1925 reterri
507 1869 543 1924 ad
579 1873 721 1925 atentiam
736 1869 858 1923 ltomoui
877 1884 947 1940 pon·
1002 1869 1167 1939 episcopum,
1183 1867 1247 1923 scil.
1271 1867 1460 1938 Cypriacam,
1476 1868 1526 1939 qni
1546 1884 1578 1923 ao
1601 1867 1628 1922 le
1650 1868 1731 1923 itimc
1746 1867 1836 1923 iasti-

119 1942 209 1998 tillcia
221 1940 252 1997 iu
265 1941 399 2023 imperio,
425 1958 488 2011 qua
504 1886 576 1995 nuli]
1629 1884 1648 1995 ἱ

120 2014 280 2086 potentiam
292 2012 395 2082 epusin
408 2011 545 2080 Ecclesia,
558 2029 645 2083 quara
657 2016 771 2083 oportet
783 2012 872 2067 luisse
884 2027 944 2066 uro·
1002 2027 1084 2066 nuni.
1101 2012 1128 2077 6,
1146 2010 1288 2081 probavit,
1305 2018 1333 2065 et
1347 2013 1465 2065 eosdem
1481 2012 1666 2083 presbyteros
1681 2010 1769 2083 epist.
1786 2028 1837 2077 ac,

4 2102 15 2111 ·
120 2085 242 2154 ximam,
264 2100 331 2138 oum
358 2086 482 2139 lreaaua
506 2100 569 2139 eum
594 2091 675 2139 vocet
697 2082 898 2154 principalem,
914 2099 948 2138 ae
1002 2100 1064 2138 seu.
1081 2083 1126 2146 la,
1143 2088 1342 2153 repraesentat,
1359 2089 1391 2137 ut
1404 2084 1518 2154 avitique
1533 2092 1629 2139 currtra
1643 2084 1835 2155 episcopatum

121 2158 192 2283 pais,
207 2161 239 2211 ut
254 2154 350 2211 Merca
365 2155 406 2211 ait
425 2156 476 2209 lib.
491 2172 510 2221 1,
525 2172 588 2226 cup.
604 2156 631 2221 3,
646 2154 662 2227 ξ
682 2156 710 2221 o,
727 2155 762 2209 de
777 2153 946 2221 Concordia,
1000 2170 1101 2221 meari,
1117 2154 1222 2224 inquit,
1235 2169 1338 2208 crerreua
1348 2155 1506 2210 retiaeatcs.
1524 2158 1582 2210 Aut
1592 2158 1835 2211 certaoratcrum

567 1957 583 1996 a
608 1956 729 2012 prorsus
744 1945 816 2007 erut,
842 1941 893 1995 sed
908 1940 945 1994 ad
1000 1942 1098 1994 tntum
1117 1956 1150 1995 ue
1165 1955 1217 2010 pro
1233 1954 1300 1995 varo
1314 1940 1451 2010 episcopo
1462 1956 1578 2009 semper
1591 1939 1629 1995 ba
1651 1940 1725 1995 itum
1741 1955 1837 2011 supra

140 2230 167 2284 ic
195 2230 348 2283 Raraunum
374 2227 523 2297 irrrpcriam
551 2227 677 2280 curatrici.
701 2230 849 2281 Adversus
869 2225 947 2280 hunc
1001 2225 1121 2281 licentia
1135 2226 1271 2295 episcopos
1285 2225 1332 2280 hio
1347 2225 1464 2293 dixerit,
1479 2227 1626 2309 quomodo
1643 2226 1672 2281 iu
1686 2243 1755 2283 mon
1769 2225 1836 2281 lau·

120 2298 221 2353 lreuai
238 2297 345 2363 locum,
360 2302 460 2370 utpote
470 2313 583 2368 magma
593 2298 785 2364 auctoritatis,
795 2300 948 2352 vehcuiea·
1002 2299 1071 2352 datu
1086 2296 1208 2367 epistola
1230 2298 1266 2351 ud
1287 2296 1401 2367 plebem
1427 2298 1463 2352 do
1487 2299 1592 2353 iisdem
1616 2298 1753 2369 scripsit:
1770 2297 1836 2353 Soli

120 2374 165 2427 ter
180 2368 334 2440 disputant
345 2370 442 2424 lrauai
454 2370 627 2439 interpretes
637 2368 774 2424 Nicoluus
790 2368 946 2435 Cullnsius,
1002 2384 1065 2423 cura
1076 2369 1209 2439 ciacccpis
1222 2383 1277 2423 rica
1290 2370 1357 2435 aiat,
1373 2370 1423 2439 put
1436 2374 1532 2424 ceatra
1555 2372 1694 2451 episcopos
1708 2366 1835 2425 rebella-

120 2440 211 2500 Darid
227 2440 404 2512 Bloadellus,
421 2441 587 2496 ctiounues
599 2440 727 2496 Clericus
742 2441 772 2496 in
783 2456 837 2495 suu
852 2440 947 2496 llisto·
1002 2449 1079 2495 ruat.
1096 2440 1150 2495 Sed
1167 2440 1283 2511 tropica
1299 2440 1470 2511 hujusmodi
1487 2440 1626 2497 locutioni
1648 2441 1748 2497 minus
1762 2456 1837 2496 con·

121 2514 166 2569 ria
180 2510 387 2579 ecclesiastica,
405 2512 454 2567 ubi
470 2512 620 2568 contendit
644 2512 741 2567 lrcuai
759 2512 947 2583 interpretem
1004 2527 1108 2585 gruere
1122 2512 1238 2566 videtur
1253 2511 1299 2566 bic
1316 2511 1406 2567 locus.
1421 2512 1580 2568 Cousram.

122 2582 260 2641 debuisse
274 2584 402 2640 scribere
415 2585 548 2655 petieram
572 2584 775 2653 reliquatorem,
800 2583 899 2649 idest,
917 2587 950 2638 ut
1039 2584 1095 2664 (52)
1111 2584 1149 2637 ,lt
1164 2584 1303 2637 cruribus.
1320 2583 1350 2638 lu
1373 2582 1500 2655 vulgatis
1522 2585 1706 2640 desideratur
1721 2598 1836 2655 praepo·

10 2673 29 2713 ·.
122 2654 172 2711 illa
196 2654 331 2737 explieat,
349 2657 491 2728 majorem.
520 2654 655 2710 Poterant
679 2662 776 2709 tornea
802 2656 949 2711 advertere
1004 2654 1130 2719 sitienti,
1147 2671 1235 2725 quam
1252 2656 1343 2709 nostri
1360 2672 1431 2710 mss.
1449 2673 1516 2711 curn
1540 2655 1732 2727 octonnglic.
1748 2654 1838 2709 exhi·

6 2749 10 2759 ·
68 2776 72 2781 .
123 2725 949 2797 Tertullianumdiaisseiulrbrodcl'ra’rcriptiuur'irtrad-
1005 2726 1083 2781 beat.
1108 2725 1160 2780 llic
1183 2727 1331 2781 ‹lecretuui
1357 2728 1504 2783 coriimuui
1528 2728 1665 2782 Afrorum
1686 2742 1836 2782 consensu

122 2814 226 2855 versus
241 2797 403 2862 hereticos,
420 2798 497 2853 aubis
519 2800 709 2854 auctoritatem
732 2807 830 2869 prante
845 2814 901 2853 erec
916 2814 951 2854 aa
1005 2798 1196 2853 coustitutum
1214 2804 1340 2853 notatur.
1357 2802 1515 2854 Cousriar.
1532 2830 1564 2839 -
1581 2800 1651 2854 illrum
1664 2816 1727 2854 cam
1740 2805 1838 2853 atara·

5 2934 10 2941 ,
31 2889 40 2901 ··
123 2872 310 2933 arbaldum:
326 2875 354 2925 et
376 2870 553 2942 Cypriacam
578 2886 634 2924 nou
659 2870 750 2925 acrael
776 2869 885 2925 dixisse
898 2874 949 2927 Ec·
1006 2878 1075 2925 turri.
1098 2870 1248 2936 llaroaius,
1265 2870 1313 2939 qui
1331 2869 1457 2925 similem
1483 2871 1658 2925 sententiam
1674 2869 1793 2952 legebat
1806 2870 1836 2924 iu

124 2940 241 2999 alesiam
255 2942 423 3012 aedificatam
447 2957 503 2995 erac
525 2957 607 3011 crater
627 2946 736 2996 l’rtrrau
760 2948 787 2996 et
807 2940 951 2996 exordium
1006 2939 1129 3013 epistola
1143 2939 1227 2995 tertia
1254 2941 1374 2995 Fabiani
1400 2942 1483 3014 Papa
1499 2943 1535 2997 ud
1562 2941 1705 2997 Hilarium
1720 2957 1836 3013 cpisco-

128 3014 248 3072 diritatis
262 3013 296 3069 ab
310 3030 341 3069 ea
355 3014 500 3083 proficisci.
513 3012 579 3075 Qua
595 3012 682 3068 verbu
696 3014 793 3083 ruagai
810 3012 951 3068 momenti
1007 3029 1088 3084 pruni,
1105 3028 1161 3068 uou
1177 3012 1332 3068 dubitabat
1346 3012 1416 3084 quia
1432 3014 1469 3069 od
1485 3014 1560 3068 banc
1574 3013 1728 3085 epistolam
1743 3012 1839 3086 raspi-

23 3122 36 3159 ·.
76 3076 79 3087 '
127 3084 951 3155 suntinbaccauaa.Deniqueobscrruudumesthpriu·
1007 3089 1084 3140 caret
1099 3084 1259 3156 Cyprianus
1285 3101 1352 3139 cum
1369 3084 1424 3141 ista
1450 3085 1606 3141 scribebat.
1630 3085 1662 3140 ln
1682 3102 1740 3156 quo
1758 3090 1838 3141 certe

18 3178 23 3189 ¹
127 3172 211 3224 num,
226 3171 294 3213 eum
304 3157 494 3237 conqueritur
508 3157 544 3211 de
554 3154 950 3237 audaciasclrismeticorum,
967 3174 988 3239 C
1010 3156 1103 3237 lalsus
1114 3156 1209 3237 estvir
1219 3156 1419 3237 doctissimus.
1430 3156 1715 3281 Certumquippeast
1726 3156 1839 3229 episto·

128 3228 180 3301 qui
194 3226 416 3300 postjudicrum
440 3228 642 3298 episcoporum
661 3228 764 3283 Alrrcce
780 3243 952 3298 provocare·
1008 3228 1066 3283 lam
1082 3226 1162 3282 illum
1179 3229 1294 3283 labium
1304 3229 1614 3301 prorsusincogaitam
1638 3228 1715 3285 uisse
1731 3234 1838 3283 sancto

17 3316 23 3329 ³
127 3304 194 3357 rant
209 3300 245 3356 ad
270 3298 441 3356 Cuthedram
462 3300 537 3355 beati
554 3298 628 3353 Petri
644 3299 779 3371 atquead
799 3299 952 3355 ecclesiam
1007 3298 1137 3380 martyri.
1154 3299 1237 3369 Arrud
1252 3300 1423 3355 Gratianum
1439 3302 1466 3364 3,
1493 3316 1521 3373 q.
1537 3304 1565 3365 d,
1591 3318 1652 3372 cap.
1670 3303 1837 3371 Perepriaa,

58 3406 65 3439 .·
127 3370 331 3445 principalem,
347 3370 528 3427 nullomodo
543 3370 705 3442 respexisse
734 3371 770 3425 ad
788 3370 951 3443 magnitudi
1006 3370 1531 3443 tribuiturSirtoPapruinaatiquis
1555 3371 1748 3428 editionibus.
1768 3373 1839 3428 Cor-

127 3460 195 3501 uem
210 3442 291 3498 urbis
305 3443 413 3510 Roma,
430 3443 516 3512 cujus
530 3441 573 3497 illi
588 3442 755 3513 presidium
771 3458 827 3497 neu
844 3444 951 3513 imple·
1006 3448 1131 3497 rectores
1148 3441 1270 3497 ltomaui
1286 3442 1472 3510 addiderunt,
1487 3448 1761 3514 sumptumesseex
1775 3445 1837 3515 epi-

126 3515 241 3581 rabaat‚
257 3514 307 3570 sad
323 3515 359 3570 ad
375 3514 551 3570 Cornelium.
569 3514 636 3568 lirut
656 3514 732 3568 euim
750 3531 839 3569 carisa
854 3513 950 3569 llccle-
1006 3514 1081 3569 stolo
1092 3513 1162 3568 sixti
1172 3518 1256 3584 Papa
1271 3513 1316 3581 ltl,
1329 3514 1365 3567 ad
1376 3515 1530 3587 episcopos
1545 3515 1702 3570 orientales
1725 3519 1836 3571 Bnuuz.

126 3585 256 3643 siastiea.
282 3584 382 3656 ltaque
398 3591 511 3642 eertum
535 3600 599 3641 esso
614 3586 698 3640 debet
723 3584 770 3639 hie
782 3587 829 3651 uui
847 3588 883 3640 de
900 3602 951 3640 au·
1041 3586 1098 3653 (53)
1115 3586 1204 3640 Carisa
1218 3586 1276 3639 illic
1290 3586 1434 3641 audiatur.
1452 3586 1564 3657 Quippe
1587 3586 1648 3641 Al'ri
1662 3588 1839 3655 censebant,

126 3657 260 3713 ctoritate
274 3657 404 3729 episcopi
416 3656 597 3725 ltoruaui‚ad
613 3657 770 3728 quemauti
795 3664 950 3712 urtuscon·
1007 3658 1048 3711 uti
1065 3663 1164 3727 posteo
1178 3657 1233 3727 ipsi
1258 3657 1400 3729 scripsere
1425 3659 1462 3712 ad
1486 3659 1672 3714 Caelestinum
1711 3663 1841 3731 Papam,

126 3728 226 3801 lugere
249 3726 383 3783 solebant
407 3727 536 3800 episcopi
564 3728 614 3799 qui
643 3744 674 3783 se
702 3745 719 3783 a
746 3674 870 3800 ceilegis
889 3728 952 3784 auis
1006 3730 1361 3809 quaecuuquenegotiain
1386 3728 1449 3785 suis
1472 3730 1606 3785 locisubi
1632 3732 1786 3786 ortasunt
1803 3732 1838 3787 ti·

17 3834 23 3843 ,
126 3799 953 3873 oppressosquerobnutur,utistiscliismatici.Conlundit
1006 3800 1123 3867 nicode,
1149 3815 1201 3855 aec
1226 3800 1385 3871 unicuique
1409 3802 1562 3871 provinciae
1586 3802 1713 3872 gratiam
1742 3803 1839 3858 sancti

19 4584 22 4589 .
126 4516 266 4588 cipetum.
283 4515 387 4571 Berua.

19 5050 25 5121 J
127 5052 159 5108 ia
175 5050 310 5125 apologia
320 5068 374 5106 sun
384 5066 435 5105 scu
448 5046 601 5101 Calliclice
619 5048 684 5101 littei
698 5048 820 5103 ternaria
836 5052 913 5105 editu
926 5053 952 5105 iu

127 3878 225 3929 autem
251 3871 412 3955 Cyprianus
442 3871 609 3926 cathedram
635 3870 711 3925 Petri
732 3888 798 3925 cum
825 3870 952 3926 lleclesia
1006 3870 1133 3943 Spiritus
1150 3872 1325 3926 delaturam.
1353 3874 1543 3942 lmpcratcres
1569 3872 1840 3930 t’alentiaianusat

126 3942 292 4017 principali,
309 3942 379 4015 quin
394 3942 533 3998 cathedra
549 3942 621 3996 Petri
639 3948 684 3997 cst
701 3942 827 3998 Ecclesia
843 3942 951 4013 princi·
1007 3944 1123 4009 Valens,
1139 3940 1159 3996 l.
1176 3960 1192 3997 a
1207 3944 1274 3999 Cod.
1291 3943 1435 3998 Theodos.
1460 3945 1497 3998 de
1512 3947 1641 4000 accusat.
1666 3950 1695 3999 et
1709 3945 1839 4018 iuscrip-

126 4014 213 4143 pulis,
238 4019 267 4071 et
290 4014 417 4069 licelesiu
445 4014 614 4085 principalis
643 4020 687 4068 ost
710 4014 950 4069 catliedrul'etri.
1007 4015 1154 4069 tionibus:
1174 4016 1249 4071 Uitru
1266 4015 1408 4083 preriacia
1431 4016 1565 4071 terminos
1585 4016 1735 4070 accrrtaadi
1750 4018 1838 4072 lirra-

141 4087 208 4143 stod
220 4102 273 4159 ego
286 4091 355 4157 pulo
366 4085 465 4157 negari
477 4102 533 4140 aon
548 4100 642 4155 posse.
655 4090 762 4140 Auctor
774 4086 842 4140 t'ita
856 4086 952 4141 cuncti
1005 4090 1048 4142 liu
1072 4104 1125 4141 arua
1148 4086 1351 4156 promediator.
1378 4088 1485 4157 Oportet
1510 4089 1583 4142 cuim
1607 4088 1667 4143 illic
1681 4090 1838 4143 rrimiaum

127 4158 258 4213 anselmi
274 4156 402 4229 episcopi
415 4156 566 4221 Leucosia,
581 4157 712 4212 scribens
737 4157 877 4212 adversus
893 4162 951 4213 llu-
1002 4158 1110 4229 judicia
1125 4159 1228 4227 aptitai
1247 4158 1295 4212 ubi
1316 4160 1427 4227 ilicium
1451 4159 1556 4213 dicitur
1579 4160 1734 4214 cautinum
1749 4176 1759 4217 .·
1775 4166 1804 4215 et
1817 4161 1834 4215 Ι.

127 4246 233 4303 genem
248 4228 423 4299 Candidum,
439 4227 627 4292 cardinalem,
641 4228 682 4282 uit
697 4226 779 4282 illum
796 4244 952 4284 evacuasse
1006 4246 1077 4284 xiii.
1103 4231 1186 4283 litura
1209 4231 1364 4300 prouincia
1380 4232 1511 4285 terratica
1533 4232 1689 4287 accusatori
1711 4246 1769 4287 aou
1788 4234 1838 4287 crit

126 4300 296 4375 principalis
311 4302 436 4357 Ecclesia
450 4301 610 4373 priuilepiu,
629 4299 656 4353 id
673 4304 717 4354 cst
732 4303 879 4354 ltomanoe.
892 4300 951 4355 Cre·
1007 4303 1117 4356 ticcatiu
1131 4301 1270 4369 propredi,
1277 4304 1352 4426 puin
1367 4304 1470 4372 opera!
1488 4301 1550 4356 illic
1564 4304 1715 4357 criariaum
1725 4303 1836 4373 jadr'cm

126 4378 222 4429 terum
245 4372 437 4445 Augustinus,
463 4372 515 4426 lib.
533 4389 553 4427 a
577 4372 609 4426 de
624 4371 760 4441 bertuinum
779 4378 880 4426 contra
897 4377 950 4426 lto·
1006 4374 1258 4443 decretistarum
1296 4374 1383 4427 icitur
1406 4372 1568 4429 rrdrrriautm.
1593 4373 1834 4429 Videtutinnum

126 4444 251 4501 natistus
266 4461 328 4516 cap.
347 4446 372 4511 l,
389 4442 562 4517 agnoscitis
577 4446 663 4498 Pctro
678 4442 860 4515 apostolatus
876 4444 953 4514 prin·
1007 4450 1219 4500 untircessorem
1236 4460 1299 4515 cap.
1314 4444 1377 4499 210.
1395 4444 1497 4500 Bnm'z.

971 4547 993 4612 ὓ
1044 4516 1100 4587 (54)
1117 4516 1216 4569 l’arais
1238 4516 1388 4586 desperatis
1409 4524 1435 4571 ct
1458 4516 1586 4587 perditis.
1612 4515 1671 4572 lloc
1690 4519 1747 4582 cst,
1763 4514 1833 4573 Feli·

1009 4586 1128 4641 cissiruo
1143 4592 1172 4641 et
1186 4585 1251 4641 aliis
1267 4587 1317 4659 qui
1334 4603 1400 4641 cuni
1423 4586 1473 4642 ille
1491 4588 1612 4643 ltomam
1629 4592 1832 4655 convocarant,

1009 4662 1165 4729 postquam
1173 4658 1362 4713 l'ortuuutuur
1375 4660 1583 4730 pseudoepisco
1607 4658 1833 4715 umeonstiruis·

1010 4736 1084 4796 scat,
1101 4734 1129 4783 et
1144 4730 1179 4783 de
1194 4730 1303 4800 quibus
1316 4731 1376 4784 Al'ri
1393 4732 1568 4786 seutentiam
1583 4676 1727 4787 dixerant.
1744 4732 1766 4785 Α
1782 4732 1833 4802 Cp·

1031 4802 1104 4856 riuai
1121 4800 1210 4873 igitur
1224 4806 1320 4857 mente
1340 4801 1456 4857 aberrat
1478 4801 1651 4858 Orouiousis
1666 4802 1773 4870 editor,
1789 4800 1833 4858 cui

162 4622 221 4704 (50)
238 4620 450 4703 Quorumfidcs.
473 4620 565 4677 idest
588 4620 798 4702 llemuuorum.
809 4620 954 4704 'Hieronp-

126 4710 195 4751 mus
209 4709 238 4746 in
256 4710 394 4765 proaemio
408 4691 476 4750 libri
492 4693 610 4748 secundi
627 4698 903 4749 conirueatarrorum
924 4710 953 4749 in

126 4764 286 4835 Epistulam
302 4765 338 4821 nd
364 4763 500 4821 Galatas:
524 4764 617 4820 liaauu
638 4764 714 4819 rtrbis
729 4764 859 4820 laudatar
871 4766 951 4836 ficies.

126 4836 680 4982 iniciirrqriiirircimdllinrdriil'’dibilciiiiiuiiii
701 4834 785 4975 mr
799 4836 955 4964 ,iiiam
1010 4818 1084 4928 icaro
1100 4872 1148 4928 illc
1163 4871 1283 4943 llartpre
1302 4872 1397 4944 judice
1417 4889 1466 4944 pro
1491 4890 1661 4929 ocerannus
1682 4890 1717 4930 ar
1732 4890 1834 4931 esaon·

147 4980 154 4995 .
231 4982 237 4991 .
300 4982 305 4992 .
394 4980 399 4991 .
463 4978 494 4989 ..
909 4980 913 4990 -
1008 4960 1051 4999 ris
1074 4944 1199 4998 drrbcadi
1223 4952 1284 4999 auat
1320 4945 1418 4999 ruibm
1441 4947 1533 4999 miacr
1555 4944 1662 5001 eiciatur
1685 4948 1838 5002 numeratas

126 4998 166 5037 aa
181 4984 315 5053 majorari
330 4984 354 5035 et
373 4978 536 5049 errrrplmtua
551 4976 586 5031 ad
606 4976 779 5031 credendam.
797 4978 954 5034 bacharius
1009 5017 1199 5087 episcopam
1214 5018 1244 5071 in
1265 4964 1377 5085 ΛΞΜ-(αι,
1399 5033 1481 5088 quam
1506 5017 1547 5072 m
1563 5017 1688 5073 Cornan.
1702 5020 1792 5087 ipa-m
1807 5020 1838 5071 in

1008 5090 1086 5143 l'ctri
1107 5087 1236 5143 cutlralra
1261 5089 1353 5144 Roriam
1371 5089 1505 5144 seueras.
1530 5093 1591 5143 lmo
1607 5104 1661 5144 noc
1690 5087 1839 5145 Felicissi-

1009 5175 1076 5214 mus
1092 5175 1125 5214 uc
1150 5158 1218 5215 sccii
1234 5159 1299 5214 ideo
1314 5159 1391 5231 quod
1403 5158 1525 5214 Romam
1550 5166 1771 5232 provocassent,
1789 5160 1851 5217 sed

1009 5235 1128 5303 propter
1143 5230 1272 5287 schisma
1284 5229 1399 5303 aliaque
1419 5230 1541 5286 inl'nnda
1563 5232 1689 5287 crimina
1705 5228 1856 5297 desperati

1008 5308 1036 5357 et-
1049 5302 1151 5373 perditi
1166 5302 1359 5374 appellantur.
1385 5302 1547 5374 Cyprianus
1572 5302 1664 5375 igitur
1678 5320 1747 5359 cum
1765 5303 1855 5359 arri-

1009 5374 1089 5455 cuuis
1105 5374 1249 5501 episeopis
1264 5391 1322 5429 nou
1344 5373 1522 5456 Comelium,
1539 5375 1588 5430 scd
1611 5374 1775 5447 Privatam,
1789 5376 1854 5458 Fc-

125 5480 255 5537 idearum
272 5480 348 5537 l’ctri
368 5480 416 5536 ltoc
436 5482 475 5535 cst
489 5479 578 5534 sedem
603 5478 669 5549 p'dri
682 5486 732 5535 aut
757 5483 850 5536 tencre
862 5482 955 5552 potuit
1009 5445 1106 5512 ¹¹⁰⁰¹¹¹’
1139 5462 1256 5529 mimus*
1272 5452 1300 5501 ⁰¹
1320 5446 1490 5513 Mummum’
1507 5446 1647 5503 ²dve¹⁸⁸u⁸
1669 5462 1747 5519 (1⁰⁰⁸
1762 5447 1847 5503 ‘ism‘

126 5556 176 5610 ω
191 5566 298 5609 movere
324 5556 418 5609 Bm
1009 5533 1149 5572 canorum
1160 5518 1274 5584 judicia
1288 5517 1375 5589 paulo
1390 5523 1457 5574 nuta
1480 5522 1667 5575 recensuerat
1680 5519 1839 5577 conterens

301 5592 307 5605 ·
421 5590 427 5604 ’
1009 5588 1068 5646 uit:
1084 5588 1147 5647 Nisi
1157 5590 1230 5647 l'orte
1239 5590 1442 5662 episcoporum
1452 5588 1483 5646 iu
1494 5590 1592 5649 Africa
1603 5590 1835 5649 constitutorum

164 5658 221 5733 (51)
236 5656 337 5719 Contra
348 5660 515 5733 episcopum.
532 5657 565 5715 ln
583 5656 721 5731 vulgatis,
741 5661 836 5717 ccatra
849 5659 953 5733 rpuca·
1008 5659 1167 5719 auctoritas
1181 5676 1343 5736 paucorum
1358 5660 1476 5719 illorum
1494 5661 1718 5739 desperatarum
1732 5666 1836 5725 aucto·

124 5746 185 5837 pm,
200 5748 265 5817 qua
292 5732 381 5803 rerba
408 5730 548 5791 abeunte
574 5728 659 5793 Corb.
690 5730 849 5795 inretorto
872 5730 953 5796 orb.
1008 5730 1095 5797 ritate
1108 5732 1355 5797 minerddeatar.
1369 5734 1531 5799 sonaim.

128 5130 209 5181 tomo
223 5123 352 5180 seeundo
364 5122 569 5175 analectorum
584 5118 753 5175 lllurotorii:
769 5120 801 5174 Si
808 5138 860 5192 pro
874 5128 955 5194 culpa

128 5197 212 5253 arrius
227 5195 309 5251 totius
321 5191 473 5265 prouincia
483 5190 742 5247 ‹anathematis-uada
753 5195 893 5261 perieratio
904 5197 953 5265 cal,

128 5266 276 5323 damaatur
289 5269 314 5320 et
328 5264 383 5319 illu
399 5262 558 5319 declinatura
572 5261 718 5334 discipula,
736 5264 784 5319 laec
801 5269 840 5320 cst
857 5268 954 5332 Roara,

128 5338 161 5394 dc
175 5354 229 5409 qaia
243 5352 319 5391 rrurrc
340 5352 396 5393 rica
410 5352 478 5399 arria,
504 5334 551 5389 eccl
566 5333 629 5391 dru'c
653 5336 693 5391 ucl
708 5339 762 5390 lrcs
785 5345 833 5392 caut
847 5354 876 5393 co
891 5354 953 5393 arrr-

125 5410 200 5483 pliar
216 5409 330 5464 harcies
343 5406 533 5479 pirelluluruat,
549 5415 574 5461 cl
588 5416 680 5462 tiriaca
696 5408 887 5463 cardiacorum
908 5426 953 5463 ca-
