3892 6104
121 268 199 331 {2¹15
582 316 588 325 ·
651 272 703 333 ult
725 274 1022 337 flmaeslcoseh
1043 276 1306 339 BAP'l'lSHA'l'H.
1752 278 1821 339 tale

120 400 202 457 urbis
217 400 387 474 episcopum
407 404 469 475 qni,
485 422 503 459 a
517 404 549 459 ll.
566 406 648 461 Petro
666 406 826 477 vigesimus
840 411 942 462 sextus
957 412 984 475 Α
999 408 1209 475 ausbertatur,
1220 408 1820 483 mdsteNnmquiddixit,llebaptizen·

120 488 186 554 luit,
201 506 290 560 super
304 488 357 545 bae
373 508 402 545 re
417 492 581 547 Africanam
603 496 746 566 synodum
761 495 874 551 dixerit.
892 495 945 551 Sed
1001 499 1106 569 tarqui
1117 498 1146 553 in
1158 498 1368 555 Nicolaitarum
1380 500 1436 555 tide
1446 500 1582 571 baptizati
1594 496 1820 571 sunttouiupo·

122 586 244 633 conatus
259 578 324 649 ejus
340 579 449 636 frustra
463 582 527 637 suit.
545 582 675 655 Denique
690 582 732 637 illi
747 584 803 656 ipsi
818 584 946 657 episcopi
1002 586 1070 653 tius,
1083 588 1150 659 Age,
1165 587 1270 660 inquit,
1281 588 1493 661 paenitentiam,
1504 594 1560 643 etc.
1579 590 1649 642 -Sic
1661 586 1712 643 ille
1723 588 1819 645 ina-ete-

122 666 172 739 qui
189 667 412 738 rebaptizandos
429 668 579 727 haereticos
594 688 660 727 eum
673 687 706 727 ee
722 677 894 742 statuerant,
910 672 946 727 ad
1003 680 1189 747 ratamquam
1201 677 1367 749 Stephanus
1375 676 1820 733 mordiensdefensabateoosue·

122 754 273 827 antiquam
289 758 532 813 consuetudinem
553 758 685 827 revoluti,
702 776 808 816 novum
824 760 948 817 emisere
1002 764 1133 820 tudinem
1147 767 1183 821 ah
1194 766 1268 838 ipsis
1280 783 1373 839 usque
1383 764 1524 839 apotolis
1535 766 1748 831 derivatam,et
1758 764 1819 837 ipsis

121 844 281 901 decretum.
300 846 373 909 Ouid
393 846 537 903 tacimus?
552 848 593 903 lta
608 854 636 905 et
653 850 736 905 nobis
751 852 877 919 majores
900 865 948 904 no-
1001 852 1155 925 Scriptara
1179 856 1281 909 (lirina
1307 856 1421 927 paginis
1446 854 1651 925 consignatam
1674 852 1763 909 fuisse
1777 854 1817 909 de·

121 932 175 989 stri
190 938 219 989 et
233 933 503 992 illissuitradidere
515 939 651 1008 maiores.
665 962 678 987 n
692 940 779 994 Vides
790 944 822 993 ut
838 938 946 994 notita-
1001 946 1155 997 mnnstrat.
1185 946 1273 998 Porro
1303 948 1336 999 ut
1362 943 1539 1015 Stephanus,
1570 944 1611 997 ita
1636 942 1818 1013 Hieronymus

122 1028 181 1079 tem
196 1022 350 1095 Cypriane,
368 1030 543 1081 vetustatem
559 1027 723 1083 traditionis
737 1028 883 1099 StepHano
899 1045 947 1083 as·
1002 1029 1081 1085 nullo
1096 1030 1264 1087 discrimine
1280 1031 1431 1088 haereticos
1446 1032 1600 1104 dispescit,
1614 1046 1719 1086 ornnes
1729 1030 1818 1085 uaain

120 1111 946 1187 signet,Cypriani,deniquecollegasaliquandotandem
1003 1118 1067 1171 navi
1085 1117 1171 1187 locat,
1193 1137 1296 1176 omnes
1318 1120 1490 1193 paenitentia
1515 1136 1572 1175 non
1588 1119 1736 1192 baptismo
1746 1119 1820 1187 jabet

121 1199 168 1255 sui
185 1200 358 1271 poenituisse
377 1210 510 1269 conatus,
535 1210 563 1260 et
578 1207 614 1259 ed
639 1208 790 1276 antiquam
807 1205 946 1277 Stephani
1002 1206 1091 1261 ablui.

123 1288 326 1359 majorumque
340 1290 470 1361 ipsorum
487 1310 607 1349 suorum
626 1296 846 1350 cosuetudinem
865 1309 947 1349 revo-

123 1376 201 1433 lutos
217 1377 307 1433 luisse
322 1379 408 1435 dicat.
426 1386 460 1435 Et
482 1382 559 1437 idern
583 1400 649 1437 mox
673 1384 813 1455 Stephani
829 1389 946 1439 senten·

123 1466 194 1523 tiam
222 1474 251 1522 et
279 1468 465 1527 traditionem
495 1488 559 1527 vere
588 1472 787 1544 apostolicam,
816 1488 881 1527 vere
911 1472 946 1527 ab
1037 1463 1145 1521 Verum
1161 1465 1309 1522 luculenta
1325 1484 1382 1539 pra
1394 1467 1504 1523 ceteris
1516 1474 1586 1523 unt
1600 1484 1665 1537 qum
1679 1466 1755 1521 inira
1767 1465 1819 1521 dis·

124 1554 263 1627 apostolis
279 1557 375 1612 adhuc
398 1560 608 1631 superstitibus
634 1567 834 1633 propagatam,
849 1577 947 1617 exam·
1002 1558 1087 1625 putat
1101 1555 1176 1610 idem
1194 1556 1387 1629 Hieronymus
1402 1558 1543 1614 adversus
1568 1556 1715 1611 Hilarium
1730 1555 1818 1610 diaeo·

123 1644 240 1717 piisque
254 1646 455 1703 confirmatam
483 1650 573 1705 tuisse
595 1652 711 1716 astruit,
735 1648 947 1723 paratisparatis
1002 1660 1072 1699 num
1090 1644 1263 1701 Lucit'eriani
1278 1646 1444 1701 schismatis
1457 1663 1632 1717 preconem,
1647 1646 1715 1701 inde
1730 1660 1817 1699 aeona

124 1740 324 1804 apostatarum
353 1742 382 1791 st
412 1738 612 1794 hereticorum
640 1740 763 1795 catervis
791 1756 855 1811 que
883 1738 948 1809 ipsa
1002 1731 1074 1785 ordia
1091 1732 1290 1788 Derteulioncm
1305 1734 1514 1805 lacturn,quod
1531 1735 1682 1789 venientes
1698 1733 1734 1787 ab
1749 1734 1819 1788 dria·

127 1822 259 1879 Ecclesia
275 1824 421 1880 cunabula
434 1826 756 1899 infestarunr‚q110rufli
774 1833 871 1883 [aman
883 1826 948 1882 nul.
963 1784 986 1850 B
1003 1819 1149 1876 nisdenuo
1159 1822 1474 1893 tingendosinsaniret.
1484 1822 1818 1894 uSihaereticibaptisma

123 1910 182 1968 lina
197 1912 334 1969 iteratum
349 1915 457 1987 legitur
471 1916 626 1988 baptisma,
646 1938 659 1969 a
675 1917 730 1973 sed
743 1917 814 1987 quid
830 1916 865 1971 da
880 1932 948 1988 pas.
1002 1924 1059 1963 non
1075 1909 1184 1967 habent
1200 1916 1227 1967 et
1242 1913 1306 1967 ideo
1322 1912 1522 1983 rebaptizandi
1537 1914 1575 1967 ab
1597 1911 1730 1968 Ecclesia
1749 1918 1818 1975 sunt,

121 2002 279 2058 carioribus
293 2002 421 2073 10quary
443 2006 591 2077 ,apostolis
611 2006 706 2063 adhuc
731 2006 759 2060 yn
776 2004 881 2061 syculi)
896 2022 946 2060 su.
1001 1998 1070 2069 quia
1086 1998 1114 2053 in
1131 2000 1258 2055 Ecclesia
1269 2017 1327 2056 non
1340 2002 1477 2057 luerunt:
1493 2000 1555 2073 ipse
1569 2017 1690 2073 quoque
1702 1998 1818 2055 Hilarior

120 2092 304 2163 perstitihus,
322 2092 417 2148 adhuc
433 2096 509 2165 apud
531 2095 662 2150 Juaoeam
679 2094 786 2150 christi
802 2093 945 2165 sanguina
1001 2089 1347 2145 nonestClrristianus.ln
1358 2092 1511 2163 eaquippe
1519 2089 1651 2146 Ecclesia
1665 2089 1818 2162 baptizatas

120 2179 239 2247 recenti,
267 2180 443 2252 phantasma
470 2182 586 2239 Donrini
609 2201 716 2255 corpus
738 2183 943 2239 asserebatur:
998 2180 1120 2249 estque
1141 2195 1257 2250 semper
1278 2179 1314 2235 ab
1339 2179 1482 2235 haereticis
1508 2180 1692 2251 baptismum
1709 2178 1818 2250 recepit

118 2267 237 2323 Galatas
252 2269 288 2323 ad
302 2270 531 2327 observationem
542 2272 614 2345 legis
626 2270 944 2343 traductoshpostolus
997 2268 1159 2337 Antequam
1182 2268 1376 2325 Ariminensis
1403 2270 1532 2343 synodus
1548 2269 1643 2339 lieret,
1669 2272 1817 2341 autequam

117 2354 225 2411 iterum
241 2358 366 2428 pertarit
377 2375 384 2413 :
396 2358 562 2415 Corinthios
583 2362 824 2416 resurrectionem
840 2376 941 2432 corpo·
998 2353 1108 2412 Lucifer
1124 2362 1280 2426 exsularet,
1304 2358 1433 2415 Hilarius
1449 2360 1586 2415 Humana
1614 2358 1750 2414 Ecclesia
1763 2357 1817 2412 dia-

118 2442 160 2499 ris
176 2460 234 2500 non
249 2446 399 2502 eredentes
419 2446 553 2518 pluribus
577 2450 759 2521 argumentis
780 2450 815 2504 ad
840 2464 941 2504 verum
995 2459 1086 2499 eunus
1101 2445 1138 2500 ah
1154 2445 1297 2503 haereticis
1311 2450 1468 2513 venientes,
1485 2448 1514 2501 in
1529 2464 1563 2502 eo
1581 2447 1662 2520 quod
1678 2447 1761 2519 prius
1773 2462 1815 2501 ae·

116 2532 172 2588 iter
180 2534 294 2590 trahere
305 2541 435 2591 conatur.
447 2538 528 2593 Turia
539 2538 640 2593 Simon
652 2555 755 2611 magua
777 2544 805 2595 at
823 2538 940 2593 Menan·
995 2540 1142 2603 ceperant,
1159 2536 1334 2607 baptismate
1350 2537 1516 2609 recipiebat.
1533 2536 1594 2591 Nisi
1615 2537 1690 2592 sorte
1706 2542 1811 2591 tantum

117 2622 168 2677 der
182 2622 348 2695 discipulus
363 2625 427 2695 ejus
444 2625 489 2679 hei
507 2642 537 2681 se
552 2642 705 2681 asseruere
719 2626 941 2682 virtutes'lune
995 2622 1094 2677 Ariani
1110 2624 1235 2680 haretici
1260 2629 1373 2681 suntet
1395 2626 1432 2680 ab
1452 2626 1525 2697 ipsis
1550 2624 1624 2681 solis
1640 2625 1812 2697 baptizatum

115 2710 267 2779 Basilides,
296 2718 351 2768 etc.
394 2714 531 2770 Nicotaus
566 2731 692 2787 quoque,
722 2721 776 2771 etc.
807 2716 940 2772 Saturni·
994 2711 1120 2784 recipere
1136 2730 1192 2768 non
1208 2714 1284 2780 licet,
1310 2716 1346 2771 ab
1361 2714 1428 2770 aliis
1451 2714 1527 2770 licet.
1550 2714 1702 2771 Diaconos
1716 2729 1813 2779 eras,o

116 2815 198 2871 num,
223 2806 278 2856 ete.
303 2800 517 2873 Carpocratem,
544 2808 573 2859 at
596 2804 777 2875 Corinthum,
803 2809 831 2861 et
851 2804 940 2875 hujus
994 2800 1096 2871 Hilari,
1112 2807 1172 2857 eta
1192 2804 1359 2859 llanichaeis
1384 2804 1546 2873 baptizatos
1567 2802 1743 2874 recipiebas.
1759 2802 1813 2857 bia·

115 2904 315 2945 successorem
331 2890 500 2961 Hebionem,
518 2896 547 2947 et
561 2898 680 2949 ceteras
695 2900 802 2966 pestes,
814 2909 939 2965 quorum
993 2906 1085 2945 conus
1109 2907 1185 2959 eras,
1210 2898 1239 2946 et
1263 2892 1401 2948 Hebionis
1425 2890 1572 2964 baptisma
1598 2890 1813 2963 comprobabas.

116 2977 236 3051 plurimi
250 2977 364 3035 vivente
379 2980 475 3037 adhuc
489 2982 602 3039 loanne
616 2982 747 3054 apostolo
768 2987 938 3056 eruperunt.
993 2978 1122 3050 Repente
1146 2984 1303 3052 postquam
1328 2984 1447 3035 exortus
1472 2984 1517 3034 est
1540 2980 1643 3045 Arius,
1668 2984 1748 3035 totus
1767 2976 1811 3032 tibi

115 3068 262 3123 attamen
277 3067 392 3124 nullum
409 3086 510 3127 eornm
532 3070 658 3143 legimus
681 3073 906 3144 rebaptizatum.
922 3094 936 3122 a
993 3067 1148 3141 displicere
1163 3069 1285 3141 coepisti.
1303 3092 1317 3119 a
1341 3073 1373 3123 at
1387 3068 1475 3140 paulo
1501 3074 1568 3139 post
1592 3066 1751 3123 Ecclesiam
1766 3066 1812 3121 llo·

115 3154 300 3211 Videsnulla
324 3157 479 3229 partitione
499 3160 543 3215 uti
566 3160 773 3233 Hieronymum
804 3166 834 3216 ut
865 3153 975 3221 aliosi]
995 3172 1111 3212 munem
1142 3157 1265 3226 inducit,
1295 3158 1330 3212 ad
1361 3156 1503 3212 Hilarium
1532 3158 1621 3213 verba
1652 3156 1810 3211 facientem:

116 3244 320 3301 hereticorum
336 3247 490 3319 tingendos
506 3249 536 3303 in
552 3248 689 3315 Ecclesia,
712 3248 784 3305 alios
808 3266 867 3305 non
882 3250 940 3304 tin·
997 3266 1011 3293 e
1025 3246 1054 3299 Si
1071 3246 1099 3300 in
1115 3246 1180 3301 sinu
1205 3263 1268 3301 meo
1288 3252 1386 3315 natus,
1412 3246 1436 3301 si
1453 3246 1574 3300 uberum
1602 3262 1736 3301 meorum
1749 3242 1810 3297 laete

114 3334 225 3407 gendos
240 3335 352 3392 doceat.
377 3337 433 3393 Sed
454 3337 613 3393 universim
640 3338 764 3393 inliciuri
785 3338 940 3410 tingendos
995 3334 1133 3399 nutritus,
1151 3336 1305 3391 adversum
1327 3352 1373 3391 me
1389 3334 1518 3403 gladium
1536 3333 1627 3395 levas.
1644 3334 1731 3389 redde
1743 3330 1808 3404 quod

112 3422 218 3479 iterum
244 3424 319 3480 ullos
344 3442 418 3496 esse,
445 3428 521 3483 ullus
548 3428 584 3481 ah
607 3427 748 3500 apostolis
773 3426 814 3484 vel
839 3444 940 3483 eorum
995 3423 1072 3491 dedi,
1089 3429 1193 3480 ctesto
1209 3425 1232 3480 si
1260 3430 1353 3497 potes,
1369 3424 1455 3480 aliter
1478 3424 1676 3479 Cirristianus.
1691 3418 1808 3477 Meretrix

114 3513 334 3570 successoribus
350 3514 456 3571 tinctos
471 3516 577 3571 iterum
591 3518 691 3586 luisse,
703 3515 757 3573 etsi
768 3533 869 3573 eorum
877 3519 940 3587 jam
995 3529 1073 3577 surra,
1089 3514 1138 3568 sed
1155 3518 1252 3569 tamen
1276 3518 1369 3569 mater
1385 3519 1435 3569 tua
1449 3529 1528 3568 sum.
1554 3512 1619 3567 lion
1635 3528 1718 3567 serra
1734 3510 1806 3565 unius

113 3604 177 3656 tum
192 3600 324 3673 plerique
339 3607 507 3673 portentosa
521 3606 654 3677 quedam
669 3606 809 3678 figmenta
832 3607 867 3661 de
883 3606 940 3662 Deo
995 3601 1071 3656 thori
1085 3602 1248 3659 castitatem
1261 3602 1363 3658 ?Tulis
1379 3619 1457 3657 aram
1475 3602 1594 3674 qnando
1610 3608 1804 3674 conceptases.

115 3694 308 3746 eructassent.
338 3691 397 3749 Nec
426 3692 545 3748 fallebat
570 3694 776 3766 Hieronymum
802 3694 830 3750 in
859 3699 942 3751 tanta
995 3690 1066 3747 Cum
1083 3691 1149 3747 hrio
1164 3691 1308 3747 adulteria
1322 3691 1497 3748 committo?
1521 3692 1585 3747 l'eci
1602 3696 1631 3747 et
1655 3696 1802 3746 anteat-un

116 3778 181 3848 ejus
197 3778 247 3835 evi
263 3778 336 3851 luce,
349 3782 475 3837 maxime
491 3782 591 3838 tandiu
604 3783 878 3854 poethrelatensem
894 3800 940 3857 sy·
994 3784 1112 3847 Praxca,
1139 3798 1207 3836 eum
1233 3781 1371 3848 llebione,
1402 3797 1469 3836 cum
1493 3780 1644 3849 Cerintho,
1669 3780 1776 3835 Novato.
1792 3798 1802 3822 s

117 3868 239 3939 nodum,
255 3874 352 3925 ratum
369 3888 426 3927 noa
441 3872 571 3928 essenisi
586 3873 662 3943 quod
678 3874 707 3927 in
723 3873 875 3928 Trinitatis
888 3889 939 3929 no·
994 3868 1082 3923 Vides
1097 3874 1127 3922 ut
1144 3873 1172 3923 et
1187 3869 1233 3924 hic
1246 3886 1348 3925 omnes
1365 3886 1482 3941 pnrrsus
1498 3868 1653 3924 haereticos
1671 3869 1801 3924 sincaere

116 3959 195 4015 mina
210 3960 443 4017 sanctificaretur
459 3963 617 4035 baptisma,
633 3964 708 4035 argo
721 3964 746 4019 εἰ
757 3964 866 4028 symon,
880 3964 939 4019 Ma.
994 3956 1140 4028 baptismo
1150 3974 1200 4029 per
1211 3958 1305 4013 solum
1313 3958 1578 4029 poenitenitentiam
1590 3954 1801 4012 abEeclesiallo·

114 4049 236 4118 nander‚
269 4050 421 4117 Basilides,
450 4054 620 4125 Carpocras,
652 4053 818 4121 Corinthus,
848 4054 938 4109 libion
995 4052 1228 4117 masserecstpius
1250 4046 1396 4117 defendat,
1419 4046 1508 4117 idque
1531 4047 1643 4117 juressl
1666 4041 1800 4117 89⁰⁸¹⁰¹H¹³

114 4137 252 4209 baptismi
265 4138 454 4197 aeclesiastici
467 4142 589 4197 sormam
599 4141 939 4197 nonadulterayerantul
993 4136 1138 4203 instituio,
1150 4138 1648 4209 alqueinculinussoScrlpiurdrum
1659 4134 1798 4192 divinarunt

114 4244 166 4283 nec
182 4245 283 4284 eorum
298 4229 466 4302 baptismus
484 4232 513 4285 in
531 4232 647 4287 irritum
664 4232 827 4287 mittendus
842 4234 937 4287 esset:
993 4230 1137 4298 precepto
1153 4226 1262 4281 seclum
1280 4230 1405 4282 lucatur·
1417 4228 1555 4298 Adeoque
1571 4232 1600 4281 01
1622 4225 1740 4280 Αΐῑθῦῡῦ
1752 4222 1798 4277 θῑΰθ

113 4316 191 4374 idem
206 4320 408 4391 aequissimum
423 4326 467 4377 est
483 4321 518 4376 de
529 4322 639 4377 caeteris
650 4337 744 4393 usque
754 4321 790 4376 ad
800 4320 938 4393 Stephani
992 4313 1168 4385 baptismate
1184 4315 1383 4371 admittendos
1397 4314 1563 4371 eonetludat.
1581 4315 1669 4371 Porro
1683 4314 1738 4369 hac
1750 4308 1796 4365 llie-

113 4411 247 4481 tampam
261 4410 410 4481 augurari,
991 4420 1131 4475 rouymus
1141 4404 1414 4475 poetdrelatensem
1424 4405 1582 4477 synodum,
1592 4410 1659 4476 post
1668 4403 1792 4458 Nicaeum

953 4520 977 4586 D
993 4492 1029 4547 de
1045 4492 1191 4564 baptismo
1207 4494 1358 4549 decretum
1377 4493 1536 4549 scribebat.

1231 1325 1301 1381 xvi.
1315 1327 1357 1381 dx
1370 1327 1464 1381 eodem
1478 1328 1589 1381 iterum.

359 4567 416 4623 XV.
434 4571 537 4625 iterans
551 4570 697 4625 eaeodcm.

150 4712 230 4766 ldenr
247 4727 280 4765 ex
303 4711 474 4784 Apocalypsi
500 4713 697 4783 argumentari
724 4713 817 4785 pergit
838 4712 936 4768 Hiero·
1277 4662 1362 4717 RVH·
1378 4662 1420 4717 Εἰ
1434 4660 1538 4719 mm·

114 4818 221 4873 aymus
239 4800 358 4867 ibidem,
374 4801 423 4855 ubi
437 4802 604 4873 complures
631 4810 833 4858 memorantur
847 4803 938 4857 hara-
1029 4802 1160 4874 Denique
1175 4803 1252 4859 idem
1277 4808 1489 4876 consequenter
1511 4802 1640 4860 validius
1662 4804 1688 4859 id
1704 4809 1792 4875 qaoque

113 4890 172 4946 tica
187 4890 292 4944 imbuti
318 4890 452 4957 insania;
479 4906 531 4945 nee
556 4890 628 4961 ipsis
654 4898 751 4946 tumen
766 4891 808 4945 vel
837 4907 938 4946 eorum
994 4894 1101 4947 munit.
1115 4894 1196 4958 Quod
1214 4894 1239 4947 si
1256 4893 1423 4965 negandum
1441 4892 1591 4965 quispiam
1610 4888 1793 4965 putaveritha·

115 4978 268 5050 discipulis
284 4979 460 5049 baptismus,
477 4979 527 5034 sed
542 4979 712 5049 penitentia
727 4980 763 5033 ad
779 4977 939 5036 abluendas
993 4982 1097 5037 reticos
1108 4998 1125 5035 a
1135 4982 1416 5053 majoribusnostris
1430 4998 1547 5055 semper
1559 4981 1791 5049 tuiasaausreptu.

114 5070 217 5125 sordes
233 5068 381 5123 indicitur.
399 5092 412 5117 a
430 5067 470 5122 lle
485 5068 657 5140 Apocalypsi
669 5084 786 5139 qunque
797 5070 937 5139 approbe—
993 5069 1071 5139 legat
1087 5070 1117 5124 B.
1133 5069 1270 5141 Cypriani
1293 5069 1434 5142 epistolas
1450 5072 1481 5126 in
1507 5071 1618 5143 quibus
1641 5070 1791 5142 Stephanum

114 5176 180 5213 nnus
196 5156 341 5213 haereticis
356 5158 419 5211 sine
431 5156 607 5227 baptismate
618 5158 722 5212 dehere
738 5158 939 5229 poenitentiam
994 5159 1131 5213 Humanae
1147 5159 1230 5214 urbis
1243 5160 1425 5231 episcopum,
1442 5166 1471 5215 et
1483 5160 1651 5216 inveterata
1666 5162 1791 5215 consuetu·

114 5247 245 5302 concedi.
264 5251 293 5301 ln
310 5246 416 5317 angelo
440 5250 615 5316 Pergamena
640 5245 770 5301 aeclesia
795 5246 938 5319 idolothy·
994 5246 1072 5303 dinis
1083 5247 1191 5302 laceret
1201 5264 1340 5303 errorem.
1354 5248 1443 5320 Legat
1454 5251 1481 5303 et
1493 5248 1588 5320 ipsius
1600 5246 1700 5303 Hilarii
1710 5240 1791 5301 libellos

115 5342 212 5389 torum
229 5336 293 5403 ejus
303 5342 331 5389 ct
342 5334 549 5389 Nicolaitarum
565 5335 696 5389 doctrina
707 5335 938 5407 reprehenditur.
995 5353 1068 5408 quos
1083 5337 1237 5392 adversum
1254 5353 1308 5393 nos
1323 5338 1359 5392 de
1375 5337 1592 5409 rebaptizandis
1605 5336 1740 5393 hereticis
1750 5326 1791 5385 edi·

115 5422 188 5477 Item
204 5424 281 5493 apud
296 5423 438 5495 Angelum
454 5424 657 5496 'l'hyatirorum
674 5424 805 5480 lliesabel
822 5425 942 5496 prophe·
995 5425 1048 5493 dit,
1065 5426 1141 5480 etibi
1161 5426 1284 5497 reperiet
1298 5426 1397 5499 ipsum
1408 5426 1551 5483 Hilarium
1565 5418 1781 5484 confiterialulie

41 5512 44 5517 '
117 5508 200 5579 tissa,
217 5515 245 5564 et
259 5512 485 5568 simulacrorum
501 5528 574 5568 escae
587 5517 614 5567 et
628 5512 832 5569 fornicationes
847 5515 940 5569 inere·
996 5513 1103 5582 Marco,
1131 5512 1276 5586 sylvestro
1304 5519 1334 5571 et
1361 5516 1474 5573 ceteris
1504 5517 1652 5574 veteribus
1673 5504 1787 5587 episcopis

117 5600 389 5670 pantur.Etta11mu
406 5617 507 5657 ornnes
518 5600 572 5656 hos
583 5602 616 5655 ad
632 5601 831 5673 pantomimi
849 5602 942 5657 itonri·
996 5602 1131 5659 similiter
1145 5604 1172 5657 in
1198 5604 1398 5675 penitentiam
1422 5620 1527 5662 omnes
1549 5606 1698 5663 haereticos
1715 5610 1788 5657 suste·
