3892 6104
166 339 237 415 ¹sor
840 346 884 411 6.
907 346 1062 413 666666
1082 344 1235 411 66666
1826 299 1921 411 aa&

7 435 39 536 .“-1
53 516 57 527 ·
130 456 133 462 ¹
177 484 325 551 naturam,
340 496 407 555 666
419 480 564 557 imagines
577 479 656 540 m
671 479 778 539 lundat
790 480 858 555 (15),
873 485 902 537 61
915 478 1004 537 16161-
1016 482 1046 551 A
1058 480 1130 539 deos
1148 479 1296 538 elementa
1313 494 1379 537 esse
1397 455 1602 546 monstrando,
1622 474 1775 551 publicum
1791 478 1888 553 arguit
1911 517 1914 523 -

71 602 75 613 ·
176 568 1003 645 1166611666,66661666116618166166666666611666
1057 568 1184 643 graviter
1209 572 1239 626 et
1267 568 1391 625 revincit
1417 581 1559 625 errorem.
1586 566 1698 623 lisdem
1725 566 1805 625 m
1830 566 1887 627 lere
1926 577 1942 594 ⁹

177 664 312 719 naturam
337 658 404 731 (idle
431 658 521 717 etism
544 658 687 731 Epicurus
712 658 835 731 illequi
859 660 929 717 6666
952 662 1004 715 661
1057 658 1249 733 Chrysippus,
1261 657 1318 715 vim
1330 656 1461 714 divinam
1472 654 1728 730 (51),661166616ι6
1740 660 1888 727 naturam,
1924 663 1934 688 ·'

7 713 68 836 ‘tf-'2
178 746 387 821 otiosostingit
408 746 572 806 nonnullos
586 746 655 820 (17),
681 753 816 803 naturam
832 751 930 804 tamen
954 764 1004 805 su·
1058 751 1088 804 61
1103 749 1248 804 mundum
1263 748 1392 817 interim,
1406 750 1435 803 et
1445 745 1565 803 letalem
1575 744 1781 803 necessitatem
1796 750 1889 803 116666
1915 766 1937 797 .·

178 836 324 913 perperit.
351 834 522 893 Aristoteles
548 834 652 904 uariat,
682 840 713 893 et
740 837 873 909 assignat
905 840 1005 894 tumen
1059 837 1161 905 credit,
1179 836 1383 907 Zenonemque
1398 833 1640 907 interpretatione
1653 832 1846 908 physiologia
1859 834 1890 891 16
1935 855 1938 861 ·

15 965 61 998 .-.,
106 977 109 983 .
180 942 271 985 unam
285 928 471 999 potestatem.
483 924 556 981 Nam
572 924 690 981 iuterim
705 930 843 993 mentem,
860 926 1005 982 mundum
1060 924 1188 991 Hesiodi,
1208 924 1322 981 tlomeri
1346 924 1514 997 Orpheique
1538 922 1721 979 carminibus
1745 921 1889 980 imitatur.

179 1014 299 1073 iuterim
313 1012 406 1071 Deum
421 1013 503 1085 dicit,
514 1012 630 1069 interim
642 1015 752 1071 mundo
769 1019 859 1071 Deum
875 1015 1006 1088 praelicit.
1061 1014 1134 1089 (χιιι)
1150 1012 1308 1087 Babylonio
1327 1012 1416 1069 etiam
1433 1011 1553 1085 Diogeni
1570 1010 1730 1083 discipline
1743 1017 1790 1069 est
1803 1028 1891 1087 expc-

180 1101 352 1161 Aristctelee
379 1102 517 1159 Ponticus
548 1102 652 1171 666161,
683 1102 756 1159 61166
785 1104 906 1172 mundo,
935 1104 1008 1163 alias
1062 1104 1151 1161 nendi
1175 1103 1276 1176 (5661
1299 1101 1463 1159 disserendi
1488 1102 1567 1159 lovis
1592 1106 1710 1173 partum
1739 1106 1768 1158 et
1792 1106 1892 1159 ertum

182 1191 274 1252 menti
288 1190 393 1248 616166
402 1191 536 1249 tribuens
550 1190 747 1265 principatum
758 1192 825 1265 (18).
843 1192 1008 1250 6666611666
1062 1192 1206 1263 16166666,
1218 1196 1247 1247 61
1260 1190 1315 1247 boc
1326 1207 1419 1263 genus
1434 1194 1605 1246 caeterarum
1621 1206 1720 1247 rerum
1735 1190 1794 1263 (53)
1811 1206 1895 1247 roca-

182 1278 321 1339 Pontleus
342 1294 461 1353 quoque
483 1282 541 1337 Dec
565 1279 694 1338 divinam
711 1284 849 1349 mentem,
875 1280 1010 1354 qrrnmvis
1063 1280 1132 1337 bula
1147 1297 1222 1346 esse,
1237 1296 1295 1335 non
1307 1280 1438 1335 deorum.
1450 1276 1519 1351 [siv]
1534 1278 1607 1334 Nam
1619 1277 1789 1335 Socraticus
1799 1278 1895 1335 Xeno·

182 1369 273 1439 varie,
287 1368 418 1427 ascribit.
442 1370 675 1444 Theophrastus,
690 1375 720 1426 et
739 1370 848 1442 Zenon,
867 1374 896 1427 et
919 1370 1009 1444 Chry·
1064 1368 1143 1443 phou
1159 1370 1283 1425 termam
1309 1367 1359 1425 Dei
1373 1367 1434 1424 veri
1458 1371 1547 1441 neget
1560 1367 1651 1423 videri
1666 1368 1725 1441 [27]
1744 1384 1845 1441 posse,
1868 1372 1900 1425 et

7 1440 71 1533 ,’·.·
182 1458 298 1533 slppus,
315 1462 344 1515 et
358 1456 522 1525 cleanthes,
534 1461 606 1515 sunt
619 1466 648 1515 et
659 1458 717 1531 ipsi
727 1457 942 1528 multiformem
959 1460 1011 1516 sed
1063 1458 1128 1516 ideo
1150 1458 1241 1531 queri
1267 1474 1327 1513 non
1351 1460 1505 1529 oportere;
1533 1456 1630 1513 rtristo
1658 1456 1775 1513 Stoicus
1800 1456 1899 1531 [impr.

7 1573 66 1647 p-
183 1548 220 1607 66
237 1546 1012 1620 66116166666616661166666666661666166.111666-
1065 1546 1155 1603 Chius
1170 1546 1250 1619 (51)),
1266 1544 1478 1617 comprehendi
1489 1543 1608 1601 omnino
1625 1560 1684 1599 non
1700 1560 1800 1617 posse.
1819 1544 1902 1603 Uter·

182 1636 250 1695 thes
277 1634 357 1693 enim
382 1638 521 1705 mentem,
548 1636 635 1693 modo
667 1636 801 1696 animum
828 1637 897 1709 (19),
925 1636 1011 1693 modo
1066 1653 1124 1709 666
1138 1636 1321 1705 maiestatem
1337 1635 1399 1702 Dei,
1411 1632 1593 1707 intelligendi
1604 1634 1822 1706 desperatione,
1834 1650 1902 1691 sen·

184 1726 304 1797 athera,
319 1724 494 1797 plerumque
510 1725 655 1781 rationem
678 1726 769 1782 Deum
786 1724 928 1781 disseruit
942 1726 1011 1799 (56).
1066 1728 1177 1782 serunt.
1190 1722 1303 1781 Platoni
1313 1722 1439 1794 spertior
1449 1724 1485 1777 dc
1497 1722 1556 1778 Deo
1568 1726 1596 1778 et
1611 1723 1700 1778 rebus
1711 1722 1785 1794 ipsis
1800 1723 1856 1794 (55)
1872 1726 1904 1779 et

185 1816 294 1887 Zenon,
307 1814 440 1887 ejusdcm
457 1814 607 1888 magister,
630 1814 795 1871 naturalem
815 1814 908 1887 legem
925 1819 1013 1887 atque
1068 1814 1238 1870 nominibus
1252 1812 1345 1868 oratio
1362 1816 1426 1878 cst3
1450 1814 1559 1883 61666
1584 1814 1645 1867 1616
1659 1815 1737 1868 66661
1759 1810 1902 1879 caelestis,

187 1904 328 1970 divinem,
338 1907 366 1958 et
376 1902 484 1959 athera
495 1903 625 1969 interim,
640 1904 848 1974 interdumque
859 1903 1012 1972 rationem,
1067 1902 1124 1959 nisi
1153 1900 1351 1975 persuasionis
1371 1898 1463 1955 civilis
1485 1916 1699 1971 nonnunquam
1722 1898 1903 1959 admistione

187 1993 252 2051 vult
264 1992 398 2049 omnium
413 2006 479 2047 esse
499 1990 690 2063 principium.
708 1992 780 2047 Item
795 1991 1015 2064 interpretando
1069 1990 1258 2050 sordesceret
1272 1988 1386 2045 Plutoni
1401 1988 1501 2060 itaque
1516 1987 1545 2043 in
1560 1986 1668 2045 'limae
1684 1993 1760 2046 Deus
1776 1994 1824 2046 est
1838 1990 1904 2063 ipsc

187 2084 336 2141 iunonem
359 2095 437 2147 aera,
456 2082 558 2136 lovem
581 2078 698 2149 eoelum,
726 2080 898 2153 Neptunum
922 2097 1014 2147 mars,
1068 2097 1123 2139 sue
1149 2079 1266 2137 nomine
1295 2080 1352 2149 (56)
1376 2077 1481 2133 mundi
1507 2094 1624 2150 parens,
1655 2078 1759 2135 artilex
1783 2078 1903 2149 animes,

188 2170 289 2245 iguem
303 2184 365 2227 esse
385 2166 562 2239 Vulcanum,
584 2174 613 2226 et
634 2174 753 2227 ceteros
776 2168 913 2227 similiter
936 2170 1015 2244 vulgi
1069 2167 1231 2227 coelestium
1251 2172 1494 2240 terrenorumque
1508 2164 1685 2237 febrientem
1711 2183 1802 2240 quem
1817 2172 1849 2225 et
1861 2166 1905 2225 in·

913 2312 1079 2375 variorum
1094 2318 1190 2373 notae.

189 2422 319 2483 inventio
340 2422 480 2481 doctrinar
494 2426 660 2481 atomorum
677 2424 823 2499 Leucippo
848 2426 1015 2483 ascribitur.
1106 2425 1164 2498 (51)
1181 2424 1240 2481 Vim
1262 2422 1396 2480 diuinam.
1424 2423 1460 2479 11.
1480 2438 1506 2479 e.
1531 2426 1597 2492 eim,
1619 2421 1741 2497 scilicet,
1766 2424 1904 2495 divinam,

190 2498 233 2557 De
257 2494 432 2552 6611611616
456 2494 538 2551 illius
586 2496 1018 2569 6116666616611616616666
1072 2494 1510 2566 1166666666666611.1666666.

190 2568 260 2625 licet
274 2568 306 2623 in
320 2510 649 2650 166661116616616616,
665 2567 686 2623 l.
702 2585 722 2633 ι,
738 2585 763 2624 c.
778 2570 806 2636 7,
857 2586 922 2625 666.
939 2569 970 2626 11.
986 2570 1017 2625 16
1108 2568 1164 2651 (51)
1179 2567 1332 2649 Disciplina
1356 2568 1520 2637 6666616661.
1549 2566 1708 2649 peregrine
1729 2566 1793 2623 hac
1816 2566 1906 2651 verba

192 2638 1018 2712 serumsententiamquiputnnlhanchypetbesincrturu
1072 2638 1172 2695 latinis
1191 2640 1314 2694 auribus
1341 2643 1440 2694 censet
1465 2642 1579 2694 ileum:
1603 2639 1728 2711 6666666
1756 2638 1904 2707 rescribit,

192 2712 299 2769 debere
313 2708 457 2783 Leucippo
482 2715 534 2766 aut
558 2711 730 2767 Democrito.
756 2711 953 2769 Gudworthue
972 2713 1020 2769 de·
1072 2710 1141 2767 licet
1166 2710 1350 2767 dubitanter:
1390 2710 1544 2781 Babylonio
1579 2712 1654 2765 enirn
1692 2712 1813 2779 Diogeni
1860 2712 1906 2767 nt·

193 2782 379 2851 monstrevit,
390 2785 424 2837 ut
435 2786 515 2855 puto,
525 2781 551 2837 ei
562 2784 703 2854 majorem
719 2783 924 2855 antiquitatem
935 2784 1020 2839 attri-
1073 2782 1180 2854 scipnlo
1199 2782 1259 2852 ejus
1283 2783 1371 2853 616661
1399 2781 1429 2836 id
1456 2782 1610 2850 disserenti,
1640 2784 1709 2849 etc„
1735 2782 1788 2837 sed
1813 2754 1905 2840 166166-

15 2816 40 2854 ·:
111 2900 114 2907 .
194 2852 354 2911 bueudem.
376 2852 1020 2941 61611168661666.161611.1.ι,6.ι,161166·
1075 2870 1143 2911 mus
1168 2853 1350 2925 disciplinam
1375 2852 1510 2919 diceruti;
1534 2851 1633 2907 Cicero
1662 2851 1741 2908 Oret.
1773 2869 1826 2939 pro
1855 2865 1904 2909 66-

213 2940 302 2989 crans,
329 2924 533 2993 Empedoclen,
571 2926 777 2993 1666666666,
816 2927 1021 2991 Parmeniden,
1075 2926 1143 2982 chin
1164 2942 1184 2987 ι,
1207 2928 1235 2991 2,
1261 2924 1441 2995 Disciplinam
1464 2923 1635 2995 capessente
1659 2924 1834 3051 reipublicae.
1862 2924 1904 2982 ld.
1940 2967 1945 2978 .

195 2942 379 3069 1666661666,
407 2996 589 3053 1666616666
615 3002 667 3052 661
693 2997 869 3065 Archelaum,
902 3004 935 3053 ut
959 2997 1020 3055 Sid.
1076 3015 1128 3081 pro
1151 2996 1246 3051 Sextio
1268 3012 1330 3068 cap.
1352 2996 1388 3049 b:
1415 2995 1588 3066 intelligendi
1610 2995 1697 3067 discip
1711 2998 1800 3053 inam.
1825 2996 1905 3053 idem

196 3066 373 3141 Apollinaris
394 3067 430 3123 66
445 3084 479 3123 66
502 3071 637 3135 16616166,
662 3068 730 3123 huic
759 3069 891 3140 opinioni
915 3071 1021 3137 lavere,
1076 3087 1106 3125 ι6
1123 3068 1201 3124 0661.
1216 3068 1249 3123 71
1264 3082 1270 3120 :
1288 3069 1339 3123 list
1362 3066 1434 3121 mibi
1456 3066 1623 3139 disciplina,
1647 3066 1724 3123 idern
1741 3072 1789 3123 661
1806 3084 1842 3123 ae
1855 3068 1905 3125 66-

200 3144 234 3197 61
246 3142 276 3195 61
290 3136 448 3195 maximam
464 3142 574 3209 partem
599 3144 729 3195 veterum
754 3140 941 3212 physicorum
956 3146 1023 3196 ante
1078 3155 1139 3210 ceo,
1155 3137 1302 3221 profiteor.
1330 3138 1366 3193 Ut
1381 3138 1537 3210 disciplina
1561 3137 1676 3193 dicendi
1691 3143 1736 3195 cst
1752 3138 1904 3209 rhetorica,

199 3208 416 3267 Democritum:
446 3211 643 3266 Democritum
672 3215 771 3265 nutem
793 3216 822 3265 et
845 3212 1023 3284 Leucippum
1077 3210 1228 3267 itadrcerc
1263 3225 1376 3273 666666,
1399 3210 1905 3282 116166116161661611666166661,Ιι.

201 3282 294 3339 luisse
308 3280 419 3354 primos
440 3280 541 3337 atheos
562 3280 724 3345 atomicosr
745 3286 911 3338 atomorum
926 3288 1025 3339 autem
1079 3298 1105 3338 e.
1122 3280 1187 3336 dieo
1211 3228 1261 3335 661
1272 3282 1408 3353 proiileer
1432 3280 1623 3350 rhetoricam,
1649 3285 1694 3336 est
1718 3281 1793 3338 mibi
1819 3282 1909 3339 discl-

201 3354 406 3411 luutoreeante
421 3351 618 3409 Democritum
630 3351 985 3425 inisseincerporeelistas
999 3358 1064 3424 etc
1084 3352 1164 3425 plina
1178 3353 1362 3425 capessenda
1387 3351 1471 3424 reip,
1496 3352 1526 3407 h.
1552 3368 1578 3407 6.
1594 3368 1714 3422 6666666
1743 3368 1839 3425 remp.
1866 3350 1910 3411 vel

201 3424 336 3483 theletus.
351 3423 465 3481 11166611.
484 3424 550 3481 016.
567 3424 646 3492 Crit,
662 3423 718 3481 vol.
735 3441 773 3492 ιιι,
796 3431 817 3481 t.
835 3425 883 3492 111,
899 3443 965 3499 pag.
980 3428 1028 3497 59,
1084 3424 1222 3498 proliteor
1249 3422 1416 3495 politienm;
1442 3428 1487 3480 661
1515 3422 1587 3479 mihi
1616 3423 1775 3495 disciplina
1800 3424 1911 3481 intelli·

203 3500 345 3551 Latrones.
1086 3495 1183 3569 gcudi,
1199 3495 1228 3551 b.
1245 3512 1270 3551 6.
1285 3494 1417 3565 intelligo
1431 3512 1455 3551 s.
1471 3494 1648 3551 intellectum
1661 3494 1814 3581 preceptis
1831 3512 1913 3565 6666,

239 3566 296 3637 (15)
319 3566 383 3634 orias
411 3564 468 3619 ima
491 3565 549 3620 ines
576 3565 684 3635 (66661.
715 3566 887 3634 Simulacrn,
917 3563 1029 3639 ebone,
1087 3565 1270 3639 vellegicam
1318 3568 1454 3635 rotitror;
1479 3566 1521 3621 sic
1541 3566 1672 3621 estmibr
1696 3565 1915 3639 disciplinam·

204 3582 637 3719 quibusincidentigusvisum
658 3636 756 3710 peragi
772 3638 1030 3719 Democritusexi·
1087 3638 1214 3711 ponendi
1239 3643 1267 3694 et
1292 3584 1467 3719 1166666661,
1496 3636 1526 3693 16.
1557 3654 1582 3693 6.
1599 3654 1711 3720 erpone
1739 3646 1770 3695 et
1792 3638 1917 3707 dissero,

203 3710 345 3765 stimevrl.
367 3706 434 3762 Vrd.
461 3706 618 3779 Diogenem
645 3709 739 3764 baert.
763 3708 816 3764 bb.
833 3726 871 3778 rx,
898 3711 977 3779 511ς
1002 3714 1032 3767 61
1085 3709 1283 3781 velprofilenr
1307 3710 1471 3764 doctrinam
1500 3724 1563 3781 quae
1596 3708 1715 3765 disserit
1742 3711 1779 3766 de
1803 3714 1918 3768 ratione

204 3776 453 3836 (lieendctlioin.
478 3776 530 3834 lib.
547 3796 579 3850 ιι,
604 3795 671 3853 pag.
688 3779 741 3835 103
765 3779 940 3839 etlib.1de
968 3783 1031 3839 1161.
1086 3783 1208 3838 deorum
1225 3781 1260 3837 66
1273 3780 1488 3853 physiologiam
1502 3779 1692 3838 traducenda.
1710 3781 1855 3839 1666666.

204 3850 285 3909 Deor.
302 3864 367 3921 cup.
383 3850 427 3905 12.
445 3853 539 3905 Dnvrs.
1122 3852 1178 3924 (53)
1194 3852 1365 3909 (lateranam
1383 3868 1488 3917 rernm,
1513 3868 1580 3907 mss
1608 3853 1685 3908 unde
1710 3852 1858 3910 Meursius
1872 3868 1916 3909 re·

240 3920 299 3995 (ld)
314 3924 347 3977 ut
368 3921 428 3994 ipse
449 3924 593 3977 66166666.
617 3920 664 3978 Sc.
686 3920 778 3978 Deum
804 3937 867 3979 esse
890 3919 1030 3995 loquitur.
1087 3924 1170 3996 ponit
1184 3933 1320 3979 coriorum
1343 3923 1917 3981 666666.1166616666666111616116·

206 3992 348 4051 1666666.
1086 3996 1214 4052 6166661
1239 3996 1305 4050 Gbr.
1324 3994 1475 4062 (tellarius,
1498 3994 1605 4063 6611666
1632 3994 1743 4067 6166611
1766 3996 1818 4053 tce
1831 4010 1917 4068 66661

241 4064 300 4135 (17)
315 4066 384 4119 11666
406 4071 454 4119 661
479 4065 577 4118 otiosos
596 4062 689 4132 fingit,
714 4067 765 4119 661
788 4063 893 4120 inultos.
921 4064 969 4121 Sic
989 4063 1033 4121 lo·
1088 4084 1180 4123 rernm
1210 4082 1276 4131 esse,
1302 4076 1380 4122 rte:
1411 4065 1492 4121 66116
1518 4068 1595 4122 enirn
1624 4066 1795 4123 necessitate
1824 4066 1916 4125 coacti

206 4134 308 4209 quitur
322 4134 478 4199 tlinuciue,
495 4132 627 4206 6616661
646 4135 864 4191 Providentiam
879 4134 965 4209 tellit,
981 4136 1032 4194 Dei
1087 4154 1185 4194 vocem
1206 4139 1390 4193 commodam
1417 4138 1550 4194 ourisere.
1568 4138 1665 4194 Davis.
1689 4155 1724 4195 ex
1738 4138 1851 4197 codicis
1863 4154 1915 4195 666-

206 4206 408 4264 exeistentlam
420 4222 454 4261 ne
477 4222 526 4260 666
536 4206 753 4263 censendusesl
764 4224 771 4274 ;
784 4224 863 4275 unm,
875 4210 909 4262 ut
919 4207 1034 4279 elegen·
1088 4219 1146 4266 1666
1161 4218 1229 4271 tum,
1247 4209 1314 4264 iacit
1327 4218 1425 4264 661666
1438 4212 1555 4265 tantam.
1573 4209 1704 4267 666666.

206 4282 254 4335 166
279 4278 431 4334 itali-ianus
457 4222 494 4333 56
523 4275 639 4333 661666.
657 4277 706 4333 1161
730 4276 781 4333 lib.
798 4294 837 4346 ιν,
867 4294 933 4351 peg.
964 4281 1032 4337 116:
1123 4281 1181 4352 (54)
1196 4282 1284 4335 161616
1302 4280 1392 4336 Citius.
1415 4279 1556 4335 llemsna.
1581 4279 1610 4335 16
1626 4280 1917 4337 66111666661161616

207 4349 348 4420 Quintilii
370 4349 457 4476 aspici
478 4366 496 4403 6
519 4350 571 4404 Dec
592 4348 746 4419 asfirrnant,
768 4364 851 4421 prope
873 4361 913 4406 est
936 4355 965 4406 61
988 4352 1035 4407 cni
1088 4351 1204 4407 8161666.
1231 4352 1367 4415 Quadam
1391 4352 1460 4406 edit.
1485 4351 1594 4406 babent
1621 4354 1715 4409 ,461616
1737 4350 1822 4407 circas
1846 4352 1916 4409 Stei-

205 4426 348 4493 amnon
375 4424 513 4489 aimurst,
542 4422 626 4475 ctiam
653 4421 838 4477 substantium
860 4422 981 4478 tollant:
1006 4427 1034 4479 et
1088 4438 1145 4477 cus.
1163 4424 1217 4479 Sed
1239 4423 1333 4477 oniitti
1358 4423 1494 4477 debuisse
1520 4424 1640 4479 verbum
1683 4429 1861 4495 ostremum,
1883 4438 1918 4479 ex

108 4558 114 4563 .
206 4490 275 4547 binc
291 4494 411 4555 lactum,
427 4497 460 4548 ut
480 4490 632 4547 nonnullis
656 4491 803 4547 videretur
824 4494 983 4566 Epicurum,
999 4508 1035 4550 ns
1088 4495 1280 4565 verojudicat
1305 4494 1374 4550 Lud.
1395 4494 1503 4561 Carrio,
1531 4494 1641 4551 limerrd.
1664 4440 1718 4551 1116.
1734 4513 1764 4563 ιι,
1791 4512 1858 4567 666.
1873 4495 1916 4551 16.

206 4562 238 4619 in
261 4562 436 4635 offersionem
470 4562 678 4617 Atlrcniensinrn
700 4563 820 4631 6666661,
852 4566 944 4621 666116
971 4566 1035 4621 reti·
1090 4570 1185 4621 11666.
1202 4598 1235 4606 -
1252 4567 1332 4632 0666
1364 4564 1511 4621 111666166
1539 4566 1637 4621 Aristo
1662 4565 1745 4629 Chio,
1771 4566 1800 4621 id
1817 4566 1917 4623 Cicero

206 4634 384 4759 peierantem,
410 4649 440 4689 66
462 4634 616 4715 sustulisse,
641 4638 714 4690 teste
736 4636 872 4693 cicerone
895 4638 929 4693 66
952 4638 984 4691 Ν.
1002 4638 1033 4693 D.
1088 4637 1194 4691 tribuit
1218 4636 1352 4701 16161661,
1378 4637 1476 4717 166611
1497 4636 1641 4705 11166666,
1655 4637 1706 4763 661
1725 4636 1918 4709 incogitantia

218 4704 257 4760 ib.
273 4720 292 4776 ι,
317 4720 343 4761 6.
364 4704 415 4761 30:
446 4704 570 4775 ideoque
597 4704 681 4760 illum
710 4704 856 4776 ἀθεότητος
879 4706 1033 4764 insimula-
1050 4729 1073 4794 6)
1089 4707 1190 4779 lapsus
1205 4716 1268 4776 ost,
1283 4709 1378 4763 Aristo
1393 4724 1470 4762 enim
1488 4724 1543 4763 666
1561 4714 1617 4767 661,
1636 4726 1669 4764 ve
1696 4711 1756 4765 dat.
1779 4708 1826 4765 661
1846 4708 1917 4779 abb,

207 4780 287 4831 6661.
303 4774 435 4831 AElianus
453 4776 479 4831 l'.
496 4778 527 4831 ll.
551 4776 602 4831 lib.
617 4792 648 4842 ιι,
665 4792 699 4833 66
722 4819 729 4834 .
744 4778 790 4845 31,
806 4784 835 4835 61
855 4777 1035 4851 ’1666611166
1089 4782 1140 4836 666
1156 4787 1201 4837 661
1215 4780 1422 4837 nominativus.
1439 4780 1521 4837 Gont'.
1538 4780 1626 4836 Bnelii
1642 4782 1763 4837 Diclion.
1776 4780 1835 4837 sub
1849 4794 1918 4837 6666

207 4846 337 4905 6616161
356 4862 392 4915 6.,
407 4845 458 4903 lib.
473 4863 515 4915 ιιι,
532 4862 568 4919 66
589 4885 597 4902 .
616 4847 677 4903 121.
694 4794 792 4906 Baris.
1085 4853 1195 4909 Aristo.
1215 4852 1356 4908 Lmnrcen.

241 4918 300 4991 (16)
322 4862 476 5001 ,genista
512 4862 640 5001 (16611666
676 4921 779 5002 cariat,
809 4921 881 4977 alins
915 4920 1028 4991 666666,
1121 4925 1178 4995 (55)
1205 4925 1238 4978 lit
1270 4926 1350 4979 retus
1377 4922 1456 4991 ipsis.
1486 4922 1519 4977 ll.
1556 4937 1581 4977 6.
1618 4922 1714 4993 66666
1750 4938 1798 4980 666
1836 4922 1918 4997 ipsas

206 4991 278 5047 alias
289 4992 377 5047 menti
390 4991 495 5046 616666
509 4990 635 5045 tribuens
653 4993 848 5062 principalem.
866 4993 929 5049 Doec
943 4994 1031 5049 verba
1085 4994 1199 5060 attinet,
1216 5012 1290 5061 6666
1310 4992 1464 5059 6161611666,
1480 5009 1547 5048 cum
1563 5010 1581 5049 a
1595 4992 1802 5075 praepositione
1816 4994 1852 5051 de
1866 4994 1918 5052 de·

206 5064 278 5119 sunt
313 5076 398 5119 urum
415 5066 518 5133 putum
533 5061 690 5133 glossema.
706 5062 820 5119 Meuns.
1085 5066 1191 5122 rivaret
1212 5066 1365 5129 tleursius,
1392 5080 1450 5120 non
1475 5064 1619 5121 dubitavit
1634 5066 1812 5121 emendare:
1833 5069 1919 5123 6166-

242 5078 444 5205 (191111661666,
468 5132 548 5189 meite
569 5133 703 5188 66666666.
728 5136 832 5189 ileum.
852 5133 879 5189 le
902 5134 933 5206 it,
956 5150 1032 5192 inen-
1086 5138 1136 5193 666
1158 5140 1225 5208 ipsis
1254 5145 1279 5194 61
1303 5136 1470 5204 tonitribus,
1496 5151 1549 5208 pro
1575 5137 1745 5193 oraminibus.
1774 5138 1919 5195 1666666.

206 5210 259 5261 tem
274 5204 544 5273 616666166166666,
560 5205 611 5287 sed
627 5202 700 5260 nihil
716 5221 732 5260 o
755 5149 1029 5289 66.]1616616616666,
1084 5210 1163 5263 -lit
1182 5209 1261 5264 rebus
1275 5208 1343 5279 ipris
1356 5215 1382 5263 61
1401 5208 1572 5263 nominibus.
1594 5208 1663 5265 Vult
1677 5208 1828 5266 Minucius
1854 5207 1919 5267 Pla·

205 5276 285 5331 mocle
305 5286 433 5345 mentem,
458 5276 536 5331 modo
560 5292 698 5331 antinum.
742 5277 777 5334 66
792 5294 900 5350 sapius
928 5278 1031 5335 Noster
1085 5282 1184 5336 tonem
1200 5298 1257 5335 non
1275 5296 1340 5335 vero
1363 5284 1478 5334 teritum
1495 5278 1623 5345 666666,
1648 5280 1699 5336 666
1716 5284 1745 5335 61
1769 5280 1919 5338 66611661·

205 5346 391 5417 vocabulum,
408 5348 486 5418 6666
502 5352 622 5403 tereret
637 5349 816 5420 ponendum,
833 5348 923 5405 semel
941 5349 1030 5406 omit·
1083 5351 1204 5407 tributis
1227 5367 1378 5407 summum
1394 5350 1509 5405 Numen
1532 5349 1712 5423 insigniisse.
1730 5368 1797 5408 cum
1825 5350 1920 5408 Deum

206 5416 464 5489 tilecastrum
491 5422 635 5487 6616661666,
662 5420 768 5491 alitem,
797 5425 855 5478 tam
882 5422 1029 5479 6616166666.
1085 5423 1225 5479 lactarem
1240 5428 1447 5494 parentemque
1471 5421 1604 5478 omnium
1649 5422 1779 5479 radicat.
1800 5422 1922 5481 Vldesls

206 5486 268 5551 Vel,
282 5488 307 5543 61
322 5490 392 5571 6616
408 5492 584 5547 mutandum
599 5494 653 5556 est,
667 5490 797 5557 mallem,
811 5502 926 5549 mentem
940 5492 1030 5559 modo,
1085 5494 1163 5550 iuter
1176 5494 1249 5551 alios
1263 5494 1454 5559 Clementem,
1471 5494 1606 5564 Recepit-it.
1629 5440 1685 5551 lib.
1701 5510 1765 5565 6ιιι,
1789 5510 1855 5569 cap.
1871 5496 1920 5553 60.

205 5558 435 5617 moderannum.
466 5562 523 5618 Nec
551 5562 717 5619 audiendus
744 5564 888 5632 Davisius,
939 5566 968 5620 ui
993 5566 1030 5621 ad
1084 5566 1185 5622 Dnvrs.

208 5626 297 5686 Cicer.
315 5630 399 5686 6611.
415 5634 445 5688 D.
467 5634 545 5703 ’,11,
567 5632 724 5705 legendum
738 5635 885 5701 censebat,
911 5582 943 5693 2
956 5652 1031 5693 66666
1121 5637 1255 5707 156)1)666
1276 5652 1325 5693 sno
1349 5636 1469 5693 nornine.
1495 5634 1595 5692 Oratio
1621 5635 1748 5693 eoelsslis
1772 5640 1813 5693 est
1837 5636 1919 5695 clri-

206 5700 352 5764 66666661,
367 5703 591 5761 6661666166666.
610 5706 749 5761 brunnen.
1083 5708 1253 5765 6116666116.
1272 5709 1363 5765 buno.
1389 5738 1422 5749 -
1445 5706 1519 5775 0616
1541 5705 1639 5764 Cicero
1662 5710 1750 5763 Deum
1772 5708 1920 5765 nominari

243 5772 300 5855 (56)
322 5774 462 5829 Disseruit.
493 5776 564 5841 tege
591 5776 722 5839 disserit:
750 5794 820 5833 unm
843 5777 931 5835 verba
959 5794 1030 5847 prce·
1084 5782 1197 5835 omnino
1221 5785 1308 5852 neget
1328 5794 1416 5851 pesse,
1435 5782 1465 5835 ct
1488 5778 1631 5851 Apuleius
1646 5777 1691 5837 Ι.ι
1715 5778 1753 5837 66
1779 5780 1917 5866 Degmnl.

208 5846 1029 5921 16666166666616661666666161666666666166.[1666.
1086 5849 1157 5907 Plut.
1179 5852 1265 5907 Deam
1288 5866 1383 5907 carere
1406 5850 1519 5907 nemim
1546 5848 1597 5907 611.
1623 5848 1734 5909 1161666
1758 5850 1936 5911 1161666166·
