3892 6104
114 240 196 303 tire
638 243 691 305 DE
711 240 1006 307 amauricoaott
1029 240 1296 307 aemeliano.
1744 245 1826 309 ΗΜ

114 370 172 425 Nec
186 370 265 425 enini
279 373 376 442 potest
389 371 481 444 accipi
509 372 647 445 Spiritus,
675 372 731 430 nisi
752 374 835 446 prius
851 370 939 429 luerit
952 372 981 438 Α
994 385 1044 428 eos
1058 372 1108 445 qui
1121 372 1151 429 in
1165 372 1258 430 licum
1272 374 1480 447 blasphemant
1493 375 1700 434 remissionem
1716 392 1822 449 pecen-

113 458 164 530 qui
180 458 314 531 accipiat.
330 461 404 516 Cum
424 465 523 517 satem
547 462 684 519 nativitas
704 462 936 519 Christianorum
992 465 1088 517 torum
1105 461 1167 518 dari
1179 463 1315 533 judicat?
1330 463 1384 519 Dat
1398 464 1539 521 honorem
1554 464 1614 523 Deo
1629 466 1679 539 qni
1696 464 1772 521 soris
1784 466 1820 525 de

113 546 144 601 in
161 546 305 618 baptismo
326 549 374 615 sit,
392 550 529 620 baptismi
546 554 643 605 autem
663 549 811 623 generatio
826 554 855 606 et
869 565 937 605 san·
992 549 1124 605 adultera
1141 555 1170 607 et
1184 550 1340 607 fornicaria
1362 552 1445 608 nasci
1468 553 1527 610 Deo
1547 553 1623 609 dlioe
1647 558 1819 612 asseverat?

114 634 252 692 otillcatio
267 637 344 708 apud
356 636 461 704 solam,
471 638 617 709 Sponsam
630 638 737 695 Christi
748 638 872 710 sitque
885 654 937 711 ps·
992 637 1047 694 Dat
1069 638 1209 695 honorem
1230 639 1288 696 Deo
1310 640 1362 713 qui
1386 640 1529 697 unitatem
1553 646 1583 698 et
1604 644 1762 698 ueritatem
1785 642 1819 699 de

113 740 178 780 rere
191 723 362 795 spiritaliter
379 730 408 782 et
432 742 571 799 generare
590 726 665 783 illios
691 728 747 783 Deo
766 728 871 799 possit,
886 726 937 782 ubi
991 724 1090 781 divina
1105 726 1167 799 lege
1179 727 1346 783 venientem
1360 742 1419 783 non
1439 732 1544 783 tenens
1568 728 1695 784 hareses
1718 732 1816 785 conhi

113 816 143 869 et
156 828 192 869 ex
210 828 267 883 qna
281 818 310 869 et
323 815 369 869 cui
386 819 474 870 natus
487 821 532 871 est
551 815 602 887 qni
623 814 703 871 illius
731 814 864 872 Ecclesia
880 832 937 871 non
990 812 1149 869 Ecclesiam
1163 814 1292 871 vindieat
1304 818 1315 871 i
1329 815 1383 871 Dat
1396 816 1538 873 bonorem
1554 816 1613 873 Deo
1628 818 1680 889 qui
1705 816 1814 873 hereti·

113 904 169 966 est,
179 904 212 955 ut
226 900 332 958 babere
347 902 413 974 quis
429 904 522 973 possit
534 908 622 959 Deum
632 904 746 961 Patrem
761 910 829 960 ante
840 902 937 960 Eccle·
990 917 1093 958 corum
1108 903 1221 960 amicus
1235 908 1265 960 et
1278 904 1416 961 inimicus
1430 904 1669 962 Christianorum
1686 906 1814 963 sacerdo·

112 989 188 1046 eiam
205 990 937 1062 matremtllll‘lssomvero1188nnllaomnino
990 994 1035 1045 tes
1064 992 1112 1046 liei
1140 993 1292 1048 veritatem
1322 992 1427 1049 Christi
1454 998 1483 1050 et
1510 993 1646 1051 Ecclesia
1675 994 1812 1051 unitatem

112 1076 244 1143 heresis,
260 1079 311 1134 sed
327 1093 422 1151 neque
436 1078 552 1149 aliquod
568 1080 699 1136 schisma
710 1080 816 1137 habere
831 1080 938 1136 saluta-
991 1082 1106 1136 luentes
1120 1081 1312 1138 abstinendas
1326 1081 1431 1154 putat?
1446 1083 1476 1138 Si
1492 1082 1535 1137 sio
1549 1081 1644 1139 bonor
1660 1088 1718 1139 lieo
1734 1082 1813 1139 datur

113 1166 155 1223 ris
171 1168 305 1238 baptismi
326 1167 586 1225 sanctificationem
614 1170 684 1225 loris
712 1168 814 1241 possit,
841 1185 893 1224 cor
907 1170 936 1225 in
991 1168 1016 1221 si
1031 1168 1072 1223 sic
1091 1167 1285 1225 ianitoribus
1308 1174 1337 1225 et
1363 1170 1564 1227 sacerdotibus
1585 1172 1653 1242 ejus
1667 1170 1813 1228 lleitimor

112 1259 228 1312 tantum
242 1256 382 1329 Stephani
398 1258 496 1313 fratris
512 1257 605 1312 nostri
619 1258 776 1314 obstinatio
791 1258 848 1327 (95)
863 1261 938 1313 dura
991 1260 1020 1311 et
1033 1256 1190 1329 disciplina
1203 1262 1346 1325 servatur,
1362 1259 1639 1331 abjiciamusarma,
1651 1260 1811 1317 manssde·

114 1345 249 1417 prorupit
264 1351 297 1400 ut
311 1347 400 1401 etism
416 1346 451 1401 de
464 1346 619 1402 Marcionis
634 1346 790 1418 baptismo,
802 1346 872 1401 item
883 1349 937 1401 Va·
992 1361 1059 1401 mue
1073 1346 1103 1400 iii
1121 1346 1329 1417 captivitatem,
1346 1348 1497 1403 tradamus
1524 1348 1641 1405 diabolo
1658 1349 1811 1405 ordinatio·

114 1432 218 1489 lentini
233 1437 261 1489 et
277 1432 423 1505 Apellatis,
440 1439 469 1490 el
482 1438 650 1490 ceterorum
669 1433 936 1505 blasphemantium
992 1449 1058 1489 nem
1074 1434 1232 1505 Evangelii,
1248 1436 1471 1509 dispositionem
1492 1437 1612 1504 Christi,
1630 1439 1809 1508 majestatem

113 1519 144 1576 ln
160 1520 252 1577 Deum
270 1522 381 1578 Patrem
398 1524 554 1579 contendat
567 1522 643 1578 lilios
657 1523 715 1580 Deo
731 1523 821 1587 nasci,
835 1521 937 1579 stillio
991 1521 1053 1589 Dei,
1068 1523 1171 1578 divina
1187 1526 1291 1580 1184
1307 1524 1417 1580 militiae
1432 1530 1617 1581 sacramenta
1632 1527 1692 1598 (97)
1706 1525 1809 1583 soltan-

114 1610 144 1664 in
161 1609 279 1665 nomine
293 1609 363 1665 lesu
374 1611 481 1668 Christi
494 1611 573 1667 dicat
588 1612 790 1667 remissionem
806 1616 936 1683 peccato·
990 1616 1049 1679 tur,
1078 1618 1239 1668 castrorum
1269 1612 1429 1670 coelcstium
1459 1614 1515 1683 (98)
1538 1614 1624 1685 signu
1645 1617 1809 1686 prodantur,

114 1714 180 1754 rum
195 1697 259 1753 dari
272 1698 321 1753 ubi
337 1698 557 1771 blasphematur
570 1699 600 1755 in
616 1700 731 1756 Patrem
747 1706 775 1755 et
793 1701 822 1755 in
838 1698 936 1755 Domi·
952 1744 976 1809 B
990 1702 1164 1757 succumbat
1178 1708 1207 1757 et
1217 1702 1300 1757 cedat
1309 1702 1439 1758 Ecclesia
1449 1702 1602 1771 haereticis,
1615 1701 1668 1759 lux
1679 1704 1808 1769 tenebris,

114 1803 186 1843 num
206 1788 298 1845 Deum
313 1787 486 1844 Christum?
991 1790 1063 1845 lides
1073 1790 1211 1861 perlldiie,
1220 1806 1287 1861 spes
1297 1791 1503 1863 desperationi,
1512 1791 1811 1853 ratiocrroriimmor

150 1876 226 1931 Vlll.
237 1878 299 1943 Quo
310 1876 338 1932 iii
347 1875 410 1932 loco
421 1877 667 1933 considerandum
676 1876 938 1943 cst,lratercharis·
992 1877 1091 1933 latitas
1106 1879 1203 1945 morti,
1220 1879 1346 1935 charitas
1361 1879 1438 1947 adio,
1450 1880 1557 1936 veritas
1568 1880 1811 1947 mandacio,Chri-

114 1964 939 2038 eime,prolideetreligionolocisacerdotalisquelungi-
992 1970 1057 2022 stus
1072 1967 1260 2023 Antichristo.
1281 1968 1383 2024 Merito
1411 1975 1439 2024 et
1466 1967 1508 2025 sic
1536 1969 1566 2023 in
1593 1969 1660 2025 dies
1687 1968 1813 2042 singulos

115 2070 231 2121 muman
244 2060 378 2110 constare
386 2055 528 2110 sacerdoli
540 2056 587 2110 bei
597 2055 730 2125 (Odlrslio
741 2055 770 2109 iii
781 2055 827 2109 die
835 2053 938 2126 Judicii
992 2056 1814 2130 schismataethaeresessurguntcrsbrinsstqnenberius

113 2144 208 2216 possit
230 2144 371 2200 asserenti
399 2146 427 2197 et
451 2143 585 2214 probanti
610 2148 639 2198 et
662 2144 691 2197 in
718 2148 869 2215 acceptum
894 2158 938 2197 re·
993 2144 1049 2215 (99)
1059 2151 1240 2209 excrescunt,
1251 2150 1280 2201 et
1295 2146 1469 2217 serpentinis
1480 2146 1664 2219 crinibusll)
1673 2145 1814 2219 pullulan-

114 2232 218 2287 fcrenti
234 2230 503 2302 blasphemantium
517 2232 703 2302 baptismata,
715 2248 782 2286 cnm
799 2231 939 2287 Dominus
992 2236 1037 2289 tes
1051 2234 1192 2289 adversus
1208 2233 1365 2291 Ecclesiam
1376 2234 1426 2289 Dei
1438 2234 1601 2306 majoribus
1611 2234 1727 2292 viribus
1737 2251 1814 2291 vene·

115 2319 354 2377 commineturct
368 2319 463 2375 dicat:
481 2322 512 2375 El
539 2336 613 2376 nunc
635 2324 803 2391 prereptum
830 2320 881 2376 lioc
905 2319 940 2374 cd
993 2322 1815 2394 norumsuorumvirusexpromunt,dnmillisadvocaiic

114 2424 160 2465 iios
175 2411 224 2474 est,
238 2424 254 2465 e
267 2407 428 2473 sacerdotes.
446 2411 471 2465 si
494 2426 550 2464 nou
572 2408 728 2475 audieritis,
745 2414 772 2463 et
785 2410 810 2463 si
822 2424 878 2464 nim
891 2423 939 2480 po·
993 2426 1031 2467 ne
1045 2411 1241 2481 quorumdam
1252 2415 1281 2466 et
1291 2412 1450 2467 auctoritas
1464 2418 1623 2484 prestetur
1638 2418 1668 2468 ct
1684 2414 1813 2481 firmitas,

114 2498 230 2554 sueritis
244 2498 277 2552 i‘a
291 2496 371 2554 corde
384 2506 470 2553 oestro
485 2500 515 2553 ul
528 2496 597 2553 detis
607 2498 738 2553 bonorem
748 2498 858 2553 iiomiiis‘
869 2512 940 2563 meo,
994 2498 1814 2570 dumbaptismaeorumdetenditur,dumlldasdnmrsri·

117 2588 184 2643 dicit
199 2589 331 2643 llomiiius
344 2590 526 2660 omnipotens,
541 2590 691 2644 immittam
714 2590 745 2643 iii
764 2604 808 2644 iios
821 2587 941 2643 maledi·
994 2590 1039 2642 les
1062 2586 1204 2658 proditur,
1220 2588 1291 2642 dum
1318 2588 1346 2643 id
1363 2588 1439 2660 quod
1455 2594 1556 2644 contra
1573 2589 1735 2645 Ecclesiam
1750 2588 1812 2645 lorii

117 2678 243 2743 dionem,
258 2684 284 2732 et
307 2676 472 2731 maledicam
497 2678 710 2733 benedictiorem
732 2683 847 2732 vestram
862 2676 940 2741 (Ma-
995 2676 1106 2748 geritur
1121 2675 1201 2732 intus
1215 2676 1245 2731 in
1261 2676 1326 2748 ipsa
1339 2676 1468 2733 Ecclesia
1482 2678 1659 2733 vindicatur.

120 2764 195 2821 laeli.
211 2781 243 2837 ii,
260 2766 338 2831 l‚2).
356 2764 410 2820 Dat
425 2764 565 2820 bonorem
582 2765 639 2820 Deo
656 2765 705 2835 qui
721 2764 876 2821 Marcionis
890 2764 941 2819 ba·
1034 2764 1078 2817 lll.
1095 2764 1176 2827 Quod
1193 2764 1216 2819 si
1241 2770 1285 2819 ost
1313 2766 1390 2837 apud
1418 2783 1482 2835 nos,
1511 2765 1811 2833 iraterdilcctissime,

122 2854 229 2926 ptismo
244 2852 466 2909 communicat?
480 2852 534 2908 Dat
557 2852 696 2909 honorem
717 2853 775 2908 Deo
798 2850 849 2924 qui
864 2852 942 2924 apud
998 2851 1045 2907 bei
1068 2852 1165 2919 timor,
1189 2853 1215 2907 ei
1239 2858 1322 2909 tenor
1347 2854 1481 2925 prevalet
1501 2854 1580 2923 fidei,
1597 2856 1623 2911 si
1640 2856 1811 2912 custodimus

793 2977 903 3057 Steph.
919 2975 1037 3037 baluzii
1051 2984 1144 3037 ootae.

120 3099 253 3171 lingonis
267 3099 304 3156 de
318 3100 424 3155 Sancto
438 3099 560 3167 Victore,
581 3114 669 3169 quam
682 3102 714 3153 li.
726 3102 758 3153 P.
774 3098 943 3153 ltdmondus
958 3100 979 3167 c
1033 3098 1090 3171 (98)
1105 3101 1267 3155 castrorum
1287 3101 1446 3155 calcslium.
1461 3103 1553 3156 Antea
1568 3100 1721 3171 legebatur
1732 3116 1806 3157 serre·

122 3172 250 3229 blartene
265 3170 358 3227 edidit
372 3170 400 3225 in
417 3176 497 3226 tomo
514 3170 614 3241 quinto
637 3186 757 3226 snorum
779 3170 941 3225 anecdota·
997 3185 1070 3235 rum,
1087 3170 1168 3226 nullo
1182 3187 1280 3226 sensu.
1299 3171 1493 3227 ltsstituimiis
1508 3188 1609 3228 veram
1625 3172 1804 3229 lectionemex

121 3242 357 3326 cumscriptum
373 3241 584 3323 estllugonem
600 3242 728 3323 subicio
745 3240 857 3323 mortis,
874 3256 942 3322 cum
997 3239 1549 3325 fidedecamiioterumexemplarium..
1628 3314 1635 3325 ·
1726 3312 1733 3325 ·

121 3311 882 3467 llttt‘tt:tt‘tt²⁰.tl.tltt.¹.ttltlt?lt
895 3312 942 3437 ll
997 3312 1799 3469 ..illititiltltlttttltl..llllllicit?

121 3458 443 3599 littltftttllttj
457 3454 944 3597 dictitatis“illiti
996 3456 1793 3599 llll{fililittilliti*limittit·

122 3600 265 3672 insufflata
279 3599 308 3652 iii
330 3599 431 3667 [aciem
452 3614 544 3653 meam
559 3598 586 3651 iii
601 3595 710 3651 niodum
723 3597 813 3651 crucis
827 3596 942 3651 utacci'-
998 3612 1056 3652 uno
1069 3597 1559 3669 codiccregioeademlibeiratepro
1569 3597 1789 3655 utmtiilelnllnr·

119 3672 196 3742 piam
209 3669 345 3753 Spiritum
359 3672 493 3724 sardum.
510 3668 616 3740 blegne
638 3667 722 3749 sides..
746 3666 878 3749 lingonis
889 3681 944 3749 cp·
998 3667 1123 3793 fundite
1139 3668 1231 3739 reperi
1248 3668 1277 3722 in
1294 3668 1367 3751 libro
1395 3670 1428 3725 de
1457 3671 1563 3725 Habitu
1585 3671 1789 3741 iiirpiiium,psg.

120 3742 211 3798 tantis
226 3740 370 3796 insufflari
387 3740 416 3795 in
430 3740 531 3795 lsciem
543 3754 638 3806 suam,
651 3743 684 3794 nt
695 3754 719 3794 si
735 3754 833 3793 minna
845 3744 942 3793 imita·
1014 3740 1069 3793 75:
1085 3740 1258 3794 Facultatum
1285 3740 1411 3796 libertate
1435 3741 1580 3811 locupletes
1608 3758 1659 3812 pro
1687 3740 1788 3795 obedite.

121 3814 200 3869 lione
227 3814 326 3884 posset
353 3810 483 3883 accipere
509 3810 652 3881 Spiritum
692 3814 837 3876 sanctum,
867 3812 944 3864 certe
998 3810 1033 3865 Et
1047 3808 1076 3864 in
1092 3808 1166 3866 libro
1185 3810 1218 3865 ile
1241 3810 1369 3867 Oratione
1393 3814 1547 3880 flaminica,
1565 3828 1631 3885 pag.
1647 3812 1706 3871 207.
1720 3812 1743 3864 iii
1753 3822 1787 3861 eo·

122 3884 252 3958 proxime
267 3883 426 3953 accederet,
437 3886 465 3937 et
475 3883 516 3937 ita
525 3882 655 3937 securior
666 3880 719 3936 iret
734 3881 770 3936 ad
783 3879 942 3936 Christum.
997 3881 1061 3936 dice
1076 3880 1226 3937 Pilboeano
1242 3886 1271 3936 et
1289 3883 1318 3936 in
1343 3883 1465 3938 'l'buimo
1490 3885 1621 3939 basiolis
1642 3884 1788 3950 ti'emapri

158 3956 215 4025 (ai)
229 3957 297 4010 Ante
312 3955 460 4009 Ecclesiam
479 3962 606 4008 matrem.
630 3951 770 4008 Undecim
785 3950 852 4006 libri
867 3954 943 4006 vete·
998 3954 1118 4007 uberim.
1135 3953 1166 4007 ln
1182 3952 1236 4008 bac
1256 3952 1318 4023 ipss
1342 3952 1465 4026 epistolii
1490 3971 1572 4009 xxxiv
1588 3955 1622 4010 sd
1638 3952 1786 4025 Pompeiam.

122 4042 179 4092 res,
195 4026 294 4082 babeat
315 4030 381 4081 aiile
394 4025 541 4080 Ecclesiam
555 4032 680 4079 matrem.
706 4025 759 4078 Sed
776 4039 830 4077 vox
845 4022 943 4077 habeat
997 4023 1027 4078 in
1043 4024 1141 4078 codice
1169 4024 1313 4091 Lamonii,
1333 4024 1419 4095 paulo
1436 4031 1532 4097 posta
1552 4042 1589 4079 iia
1602 4026 1710 4081 collecte
1721 4020 1787 4099 eides

122 4098 204 4154 deest
219 4098 248 4152 in
265 4096 359 4152 tribus
383 4096 484 4151 itidem
507 4094 635 4165 antiquis
660 4100 689 4149 et
711 4094 739 4149 in
764 4092 943 4149 editionibus
998 4094 1126 4149 libertale
1140 4098 1360 4165 repraesentatur.
1378 4101 1431 4151 Pro
1447 4112 1505 4168 quo
1521 4042 1570 4152 alii
1587 4098 1699 4152 codices
1711 4090 1786 4149 eled!-

122 4169 260 4240 antiquis.
275 4173 370 4239 Supra
383 4166 467 4237 epist.
484 4182 511 4231 x,
528 4181 594 4238 pag.
610 4166 663 4221 20:
689 4165 756 4220 itate
771 4166 943 4236 llomiiiipu·
997 4166 1092 4220 tiones
1123 4172 1199 4221 recte
1228 4166 1337 4221 habent
1363 4168 1496 4223 ubertate.
1528 4168 1559 4222 ln
1589 4167 1661 4224 libro
1679 4160 1789 4222 atim

121 4256 181 4295 cem
194 4245 284 4295 mater
318 4240 378 4294 rior
390 4240 489 4293 suiaat
997 4238 1129 4307 martyrii
1142 4238 1171 4292 in
1197 4237 1324 4293 editione
1347 4238 1469 4294 Morcllii
1490 4237 1600 4322 legitur
1614 4238 1721 4294 uberius
1730 4240 1788 4311 dist

156 4312 217 4437 (95ss
232 4256 364 4383 Stephani
388 4312 485 4382 fratris
512 4308 601 4363 uestri
629 4305 786 4362 obstinatio.
816 4305 942 4361 Vincen·
997 4309 1167 4378 propensius.
1183 4312 1239 4364 Pro
1255 4326 1311 4379 quo
1326 4310 1446 4381 quidam
1464 4304 1786 4366 librivctoresbebentlt·

120 4380 180 4437 tius
218 4382 368 4445 irinensis,
383 4396 407 4436 c.
424 4382 470 4447 21,
482 4378 557 4435 dixit
571 4382 647 4433 tauta
662 4377 808 4433 mamonis
817 4379 942 4444 pertina-
998 4380 1102 4435 terius.

120 4452 397 4516 cia,·Cassiodorus,
409 4451 458 4507 lib.
471 4467 536 4512 vi,e
559 4449 607 4505 ist.
619 4450 646 4513 3,
655 4448 741 4503 crudo
750 4448 941 4504 obstinatione.
961 4468 984 4533 D
1035 4452 1068 4519 (ί)
1086 4450 1223 4504 driuides.
1239 4450 1377 4515 Quamvis
1398 4450 1459 4506 heic
1483 4450 1569 4507 lectio
1589 4468 1646 4507 noo
1662 4448 1787 4523 repieau

120 4524 296 4579 constitutio
312 4522 441 4580 Gratiani
452 4467 686 4578 etVassntiniani
697 4518 726 4574 iii
737 4518 824 4575 titulo
836 4519 945 4575 codicis
1000 4519 1056 4601 nisi
1071 4521 1101 4575 in
1117 4520 1247 4592 quinque
1266 4521 1493 4605 exemplaribus,
1518 4540 1576 4578 non
1601 4522 1699 4603 dubito
1718 4526 1786 4575 anu

119 4594 314 4650 Theodosium
344 4595 380 4649 de
396 4591 548 4657 hereticis,
561 4591 727 4649 cousuetudo
751 4591 946 4647 obstinationis
1000 4608 1071 4661 quin
1087 4593 1265 4662 prailerenda
1280 4594 1319 4648 sit
1333 4609 1358 4648 ei
1373 4610 1436 4665 ques
1454 4592 1632 4663 jamdudum
1649 4592 1786 4648 invaluerit

138 4668 260 4721 erlimix.
275 4666 382 4721 Contra
398 4663 553 4737 pertinacia
567 4662 685 4717 virtutis
699 4662 777 4732 apud
794 4660 942 4743 Valerium
998 4661 1061 4718 Non
1075 4663 1158 4718 video
1173 4664 1251 4719 enim
1266 4664 1338 4735 quid
1353 4664 1592 4745 significentbac
1602 4666 1787 4732 verboseris·

117 4682 280 4792 hlaximum
309 4736 359 4791 lib.
376 4752 419 4805 iii,
434 4753 498 4807 cap.
515 4736 543 4790 2.
572 4734 765 4790 Pertinaciam
788 4749 866 4788 emm
890 4732 943 4789 ali·
998 4734 1363 4806 tiiiiscriiiibuspuilantes.
1384 4736 1509 4808 Agnovit
1530 4735 1788 4807 Rigaltiusboc-estt

119 4809 236 4881 qnando
250 4808 279 4863 iri
297 4808 404 4863 bonam
420 4814 531 4880 partem
544 4811 692 4877 acceptam
708 4820 773 4860 esse
789 4822 806 4860 a
820 4804 943 4860 Baroiiio
999 4821 1108 4859 iarum.
1125 4806 1155 4861 ln
1173 4806 1277 4863 erratis
1301 4806 1380 4862 enim
1407 4806 1524 4863 monuit
1543 4806 1788 4879 reponentibus

119 4896 174 4937 nos
190 4878 359 4936 monuimus
376 4879 403 4933 in
436 4878 511 4934 notis
526 4878 561 4931 ad
577 4876 763 4947 capitularia,
780 4891 846 4948 pag.
864 4877 943 4930 llll.
997 4876 1131 4939 crinibus.
1148 4876 1294 4942 Horatius,
1311 4877 1362 4934 tib.
1378 4894 1420 4941 tlt,
1438 4877 1492 4933 ode
1506 4878 1538 4931 31
1554 4895 1560 4932 :
1587 4880 1694 4934 lniortis
1709 4870 1789 4943 capilli

156 4952 213 5024 (99)
228 4950 369 5007 Sacerdoti
383 4951 440 5005 llei.
458 4950 500 5004 lta
515 4964 565 5003 sex
579 4945 645 5003 libri
662 4946 754 5002 nostri
770 4953 798 5001 et
811 4945 944 5072 gulaque
998 4946 1180 5002 Eumenidum
1191 4958 1351 5005 recreantur
1363 4964 1478 5017 aeques.
1495 4947 1576 5005 Idem
1591 4950 1701 5021 epodon
1712 4962 1742 5001 r:
1754 4942 1788 4996 li·

118 5028 164 5080 na
187 5023 284 5079 licini.
315 5026 409 5077 Antea
439 5020 609 5093 legebatur:
639 5017 792 5073 Sacerdotis
833 5020 860 5073 ei
873 5019 944 5074 ratio
996 5019 1083 5073 iiidie
1097 5018 1221 5074 travibus
1235 5020 1381 5091 implicata
1401 5024 1503 5091 viperis
1523 5022 1624 5078 mines.
1641 5018 1789 5091 'penecilli-

119 5098 150 5151 iii
165 5040 210 5151 gie
224 5095 325 5165 iudicii
339 5094 425 5165 possit
453 5091 603 5148 asserentis
622 5096 647 5144 et
668 5090 899 5160 presumentem
914 5092 943 5145 iii
998 5090 1070 5145 dea:
1086 5089 1193 5172 'Adeste
1219 5092 1328 5174 scelera
1355 5092 1467 5149 ultrum
1503 5090 1561 5174 fleu
1587 5095 1691 5149 crinem
1721 5087 1789 5145 aiiii

119 5176 262 5240 acceptum
275 5166 422 5236 referentis
436 5162 695 5234 blasphemantium.
771 5230 777 5243 .
828 5228 833 5241 ι
998 5160 1132 5231 squalida
1144 5162 1322 5234 serpentibus.
1342 5161 1543 5219 Lucanoslib.
1557 5178 1605 5220 vi:

155 5240 212 5309 (97)
228 5239 339 5295 Divina
352 5236 467 5319 militia?
480 5235 662 5318 sacramenta.
679 5231 756 5287 Infra
769 5247 800 5285 in
815 5228 890 5286 libro
911 5229 945 5285 de
1076 5266 1108 5315 E,
1121 5280 1198 5317 com,
1211 5268 1237 5316 ,i
1257 5269 1325 5318 m„
1340 5268 1459 5319 nummu
1479 5268 1734 5320 ,mmmmm

118 5310 226 5407 topfis,
238 5325 304 5382 pag.
317 5303 944 5429 ¹93²⁶l⁷²⁸⁸²¹t⁰r⁰mfflglmllffl⁶l⁶⁶⁰lfflff³t
999 5372 1059 5427 Η
1100 5372 1106 5384 ι
1172 5281 1256 5427 ΗΡ
1289 5374 1333 5431 Rh
1353 5374 1412 5430 d..
1460 5282 1541 5430 vrb
1676 5374 1707 5431 ω
1751 5366 1788 5421 m

119 5378 944 5526 tittillttltdlfflstttttl'ttttttllttt
999 5389 1038 5501 ,Β
1057 5388 1215 5526 little
1229 5391 1663 5518 ¹tt.,..tt¹ll·‘t.it.t⁸.t·
1679 5386 1787 5527 pislis

120 5526 197 5576 recta
212 5522 335 5577 lorinsm
351 5518 528 5577 sacramenti
552 5516 678 5573 militum
695 5516 858 5589 explicavit.
874 5514 946 5572 Vide
1000 5514 1114 5586 capillis
1125 5516 1518 5600 concipisimilemsrrorem
1528 5518 1787 5577 nausimusiitonl
1837 5522 1841 5595 t

120 5590 208 5646 etiam
219 5598 353 5647 sanctum
364 5591 508 5651 loannem
518 5589 799 5663 Chrysostomumin
810 5584 946 5643 initiosa-
1001 5588 1130 5643 secundo
1145 5587 1366 5661 capitularium,
1382 5602 1450 5663 pag.
1463 5588 1529 5645 ast.
1838 5610 1841 5621 ·

119 5662 222 5719 cunda
242 5662 400 5737 persuasis
413 5662 448 5717 sd
463 5659 648 5718 Theodorum
663 5657 790 5733 lapsum.
1834 5626 1841 5747 l,

1813 5810 1841 6068 j
