3892 6104
112 334 192 399 tttttt
616 330 718 393 PARS
738 330 765 391 1.
779 360 820 377 -
839 328 1091 393 bonnuaria
1112 328 1316 393 thibault.
1743 328 1823 391 ttet

111 464 225 523 tionem
239 464 356 521 sincera
376 467 405 519 st
426 462 563 536 religiosa
587 464 644 535 (53)
668 462 725 520 lide
748 467 939 535 revertamur,
953 464 982 530 Α
996 465 1086 517 noster
1100 462 1170 531 (Art.
1186 478 1218 531 11,
1242 462 1299 534 38).
1325 461 1396 517 lesu
1421 460 1530 517 Christi
1551 460 1732 517 mentionem
1751 460 1821 517 iacit

111 551 397 627 intelligemuanihil
412 554 455 609 eie
467 553 504 609 ad
515 551 639 625 gratiam
659 551 888 608 ecclesiasticam
909 554 939 607 st
992 550 1106 617 l’etrus,
1125 567 1181 606 non
1198 550 1282 623 quasi
1309 550 1392 607 Pater
1407 549 1599 618 omitteretur,
1616 550 1667 607 scd
1694 554 1727 605 ut
1740 548 1819 611 Patri

111 642 273 700 salutarem
287 641 374 699 licere
385 642 435 713 qui
446 646 617 715 spargentes
629 647 715 712 atque
727 642 937 712 impugnantes
992 655 1108 712 quoque
1124 641 1215 696 Filius
1230 641 1451 712 adJ‘ungeretur.

113 731 271 789 Ecclesiam
296 731 415 798 Christi,
440 747 457 786 a
479 731 595 786 Christo
621 730 684 802 ipso
709 729 878 795 aduersarii,
901 730 937 785 ab
1027 728 1126 784 xvnt.
1142 730 1273 800 Denique
1297 729 1346 784 ubi
1371 733 1439 801 post
1463 728 1705 785 resurrectionem
1729 732 1817 784 aito-

111 819 254 895 apcstolis
269 835 336 875 vero
351 820 416 888 eius
431 817 601 874 Antichristi
618 818 809 874 nominantur
822 818 856 871 ⁶¹.
992 818 1072 874 mino
1088 817 1212 890 apostoli
1228 820 1264 873 ad
1279 823 1383 891 gentes
1399 817 1565 886 mittuntur,
1581 818 1611 873 in
1629 816 1748 873 uomina
1762 818 1816 874 Pa-

147 908 220 964 XVl.
236 908 298 964 Non
313 912 470 965 astantem
491 908 569 979 quod
592 906 701 977 aliquis
724 907 758 962 ad
776 907 937 961 circumve·
990 910 1045 962 tris
1064 912 1093 962 et
1112 907 1177 963 Filii
1202 912 1231 962 et
1256 907 1382 977 Spiritus
1407 906 1501 962 sancti
1524 906 1672 979 baptizare
1692 905 1816 979 gentiles

111 998 249 1055 ciendam
266 996 463 1053 Christlanam
475 997 625 1052 veritatem
639 994 747 1051 Christi
762 1009 867 1051 nornen
884 1010 935 1066 op·
987 994 1139 1065 jubentur.
1155 996 1305 1059 Quomodo
1320 1011 1388 1067 crgo
1399 995 1520 1067 quidam
1537 994 1640 1051 dicunt
1654 994 1725 1051 ioris
1736 998 1817 1053 extra

111 1090 201 1159 ponat
216 1094 249 1141 ut
262 1085 350 1142 dicat.
366 1084 399 1139 ln
415 1085 533 1139 nomine
554 1083 623 1140 lesu
647 1082 755 1139 Christi
771 1082 937 1153 ubicunque
991 1083 1150 1139 Ecclesiam
1166 1084 1225 1139 imo
1241 1088 1269 1139 et
1288 1089 1390 1140 contra
1414 1083 1585 1151 Ecclesiam,
1611 1083 1698 1139 modo
1714 1084 1744 1139 in
1759 1101 1814 1142 no·

110 1180 140 1231 et
169 1175 434 1247 quomodocunque
466 1172 521 1245 (51)
558 1172 695 1244 baptizati
730 1171 855 1244 gratiam
884 1171 935 1226 ba·
991 1172 1069 1229 mine
1083 1176 1153 1229 lesu
1170 1172 1287 1239 Christi,
1309 1173 1478 1246 ubicunque
1497 1178 1526 1229 ct
1550 1173 1815 1246 quomodocunque
1902 1224 1905 1229 .

111 1264 212 1336 ptismi
229 1269 300 1319 sunt
311 1262 471 1329 consecuti,
482 1262 601 1332 quando
615 1262 679 1333 ipse
688 1261 821 1316 Christus
837 1259 936 1331 loqua-
989 1261 1128 1333 gentilem
1141 1262 1322 1334 baptizatum
1333 1262 1536 1317 remissionem
1548 1266 1733 1334 peccatorum
1745 1278 1814 1319 con·

109 1358 160 1408 tur
174 1358 202 1409 et
227 1352 324 1407 dicat:
350 1356 413 1409 Non
440 1352 531 1406 omnia
559 1351 607 1421 qni
628 1350 694 1405 dicit
723 1348 795 1405 milri
809 1350 933 1417 Domine,
989 1352 1073 1422 sequi
1089 1368 1185 1424 posse,
1197 1352 1314 1423 quando
1330 1351 1392 1423 ipse
1408 1351 1541 1407 Christus
1555 1356 1656 1423 gentes
1670 1350 1813 1424 baptisari

108 1443 234 1507 Domine,
250 1441 367 1496 intrudit
394 1441 427 1495 in
454 1456 571 1509 reanum
598 1438 729 1494 cestorum
754 1438 867 1507 (stlattlr.
882 1453 934 1509 vn,
985 1439 1089 1511 jubeat
1104 1440 1133 1495 in
1149 1439 1235 1512 plena
1249 1446 1277 1497 et
1302 1442 1432 1497 adunata
1455 1439 1621 1495 Trinitate?
1642 1439 1705 1497 Nisi
1720 1439 1745 1497 si
1761 1438 1813 1512 qui

107 1530 167 1601 21),
183 1528 333 1585 etiterum
349 1532 527 1599 premoneat
542 1531 630 1599 atque
644 1528 772 1584 instruat
787 1527 903 1599 nequis
918 1544 935 1583 a
988 1528 1137 1585 Christum
1153 1533 1238 1601 negat
1254 1534 1404 1602 negatura
1418 1528 1543 1594 Christo,
1555 1528 1606 1599 qui
1617 1532 1733 1585 Patrem
1747 1530 1813 1599 elus
1916 1538 1919 1543 '

109 1616 374 1691 pseudoprophetia
390 1621 419 1672 et
445 1615 675 1688 pseudochristis
701 1615 733 1671 in
748 1614 867 1671 nomine
881 1632 934 1671 auo
989 1623 1086 1690 negat,
1104 1635 1191 1690 quem
1204 1619 1266 1690 ipse
1279 1618 1413 1675 Christus
1423 1620 1577 1675 consessus
1591 1618 1640 1687 sit,
1651 1633 1709 1674 non
1724 1633 1812 1690 nega·
1920 1670 1941 1679 ..

108 1706 194 1763 facile
209 1705 345 1763 fallatur:
360 1706 449 1775 Multi,
466 1705 573 1775 inquit,
588 1706 699 1759 uenient
713 1706 744 1759 in
757 1705 934 1760 nominemur
989 1710 1047 1773 tur,
1064 1712 1092 1762 et
1107 1707 1156 1777 qui
1172 1707 1201 1761 in
1217 1723 1283 1763 eum
1300 1706 1488 1779 blasphemat
1502 1723 1590 1779 quem
1607 1704 1740 1763 Christus
1755 1705 1812 1762 Dc·

107 1795 316 1867 dieentesrdqo
339 1810 401 1849 sum
425 1792 559 1864 Christus,
588 1796 613 1849 et
637 1793 737 1849 multos
763 1794 882 1863 [atteram
907 1797 972 1892 etB
990 1795 1103 1850 minum
1128 1802 1157 1851 et
1184 1796 1277 1852 Deum
1306 1812 1394 1851 suum
1422 1796 1537 1864 dixerit,
1566 1798 1812 1851 remuneratura
1906 1838 1916 1861 ,

108 1888 213 1957 postea
240 1882 323 1939 addit
359 1882 478 1939 dicens:
511 1886 564 1939 t'os
603 1887 698 1938 antem
732 1888 834 1938 cauete.
869 1883 934 1937 Ecce
988 1883 1101 1940 Christo
1117 1885 1321 1940 remissionem
1332 1890 1517 1956 peccatorum
1529 1890 1558 1941 et
1568 1882 1706 1956 baptismi
1722 1899 1809 1939 sanc-

106 1974 232 2046 prsedixi
245 1972 320 2029 urbia
333 1973 430 2028 omnia
452 1971 554 2041 (Marc.
578 1988 639 2042 xm,
654 1972 692 2043 11).
718 1970 934 2043 Undeappuret
987 1972 1175 2029 tilicationem
1204 1976 1403 2045 consequitur.
1438 1974 1501 2039 Qun
1538 1976 1636 2031 aulem
1665 1976 1809 2045 potestate

109 2078 170 2118 non
185 2060 333 2117 aestatim
358 2059 545 2132 suspicienda
567 2066 596 2115 et
618 2060 796 2116 assumenda
810 2061 932 2131 quaeja-
988 2062 1129 2134 consequi
1157 2063 1186 2117 in
1215 2064 1361 2135 baptismo
1388 2062 1591 2119 remissionem
1622 2065 1808 2133 pcccatorum

109 2154 230 2207 etentur
243 2150 273 2205 in
299 2148 416 2205 nomine
441 2148 562 2221 Christi,
582 2149 633 2205 sed
661 2166 726 2219 quae
748 2153 890 2221 geruntur
903 2148 934 2203 in
989 2155 1087 2223 potest
1110 2168 1220 2224 negans
1247 2153 1338 2207 iteum
1366 2154 1530 2208 Creatorem
1555 2151 1669 2207 Patrem
1693 2150 1812 2221 Christi,
1922 2188 1925 2195 -

108 2239 217 2295 Christi
232 2238 363 2295 veritate.
989 2242 1107 2312 quando
1123 2240 1218 2312 ipsam
1234 2245 1407 2313 potestatem
1423 2257 1482 2313 qua
1492 2240 1675 2312 baptizamur
1685 2242 1714 2295 et
1728 2254 1812 2295 sanc·

145 2327 234 2383 11111.
252 2327 333 2391 Quod
344 2328 423 2383 enim
435 2327 463 2382 in
477 2325 643 2399 Evangeliis
654 2331 683 2381 et
694 2325 725 2381 in
735 2324 934 2399 apostolorum
989 2329 1138 2386 tilicamur
1152 2329 1188 2386 ab
1198 2329 1299 2385 eodem
1310 2330 1394 2386 Putre
1403 2329 1537 2386 Christus
1553 2325 1713 2399 acceperit;
1727 2342 1814 2399 quem

108 2414 936 2490 EpistolisJesuChristinomeninsinuaturadremissio-
990 2419 1132 2489 maJorem
1148 2418 1262 2485 dixerit,
1285 2434 1303 2473 a
1325 2435 1382 2491 quo
1406 2416 1560 2474 clarificari
1585 2415 1712 2488 petierit,
1728 2414 1816 2487 cuius

109 2502 769 2576 nempcccatorum,nonitaestquasiautsine
782 2508 938 2573 Patre,aut
990 2506 1170 2563 voluntatem
1187 2506 1331 2579 usquead
1348 2506 1523 2579 obsequium
1539 2504 1658 2562 bibendi
1674 2503 1774 2561 calicis
1789 2506 1818 2561 et
1913 2556 1919 2563 .

109 2598 212 2651 contra
219 2597 335 2649 Patrem
344 2594 482 2663 prodesse
490 2592 628 2664 cuiquam
640 2594 721 2649 solus
732 2592 821 2649 l'ilius
832 2592 937 2666 possit,
991 2596 1151 2651 subeunda
1167 2595 1270 2651 mortis
1285 2594 1472 2668 impleverit?
1487 2594 1561 2663 Quid
1571 2598 1616 2651 est
1630 2593 1721 2666 igitur
1734 2591 1814 2649 aliud

111 2682 163 2738 aed
176 2687 208 2736 ut
217 2680 339 2746 ludaeis,
351 2681 400 2751 qui
408 2680 584 2751 jactitabant
593 2698 625 2737 se
636 2682 747 2737 Patrem
758 2681 876 2750 habere,
888 2698 936 2737 os·
992 2702 1080 2757 quam
1098 2684 1270 2756 participem
1286 2682 1427 2739 hereticis
1449 2682 1725 2755 blasphemantibus
1739 2679 1814 2749 lieri,

110 2772 282 2827 tenderetur
296 2770 372 2842 quod
394 2768 467 2825 nihil
491 2769 533 2825 eis
558 2770 640 2825 Pater
665 2770 834 2842 profuturus
849 2774 937 2833 esset.
992 2773 1147 2830 delenderc
1162 2771 1233 2829 velle
1248 2779 1276 2828 et
1292 2788 1421 2828 asserere
1443 2772 1520 2844 quod
1541 2771 1696 2826 remissam
1711 2784 1817 2841 peeca-

112 2859 171 2915 nisi
187 2859 217 2914 in
232 2858 337 2914 Filium
353 2859 516 2925 crederent,
532 2874 619 2929 quem
640 2857 687 2914 ille
709 2858 848 2914 misisset.
864 2858 937 2915 Nam
993 2867 1090 2918 turum
1106 2860 1237 2933 accipere
1252 2862 1283 2917 in
1305 2860 1412 2917 Christi
1429 2860 1547 2916 nomine
1570 2858 1664 2931 possit
1677 2857 1815 2929 blasphe-

112 2947 166 3021 qui
181 2952 274 3004 Deum
290 2947 404 3003 Patrem
415 2948 580 3003 Creatorem
593 2946 735 3013 sciebant,
747 2946 853 3003 Filium
870 2962 940 3019 quo·
994 2968 1077 3007 ruens
1097 2950 1266 3023 gravitaret
1280 2966 1405 3023 peccans
1428 2950 1458 3005 in
1480 2948 1595 3006 Patrem
1611 2951 1641 3003 et
1660 2944 1817 3003 Dominum

113 3051 172 3110 que
188 3035 336 3093 Christum
352 3035 427 3091 seire
439 3035 593 3103 debebant,
610 3052 646 3091 ne
662 3035 716 3091 sibi
734 3035 940 3091 blandirentur
997 3042 1026 3094 et
1040 3038 1133 3093 Deum
1156 3036 1286 3093 Christi?
1307 3036 1382 3102 Quid
1406 3036 1511 3091 deinde
1528 3033 1602 3089 illud
1626 3031 1713 3104 quala
1728 3035 1774 3088 est
1787 3034 1821 3088 ut

112 3130 143 3183 et
154 3123 327 3198 plauderent
338 3125 373 3180 de
386 3123 691 3180 euloPatresineFilii
703 3125 766 3195 ejus
779 3124 937 3197 agnitione,
991 3117 1044 3199 'qui
1067 3126 1170 3181 Filium
1194 3126 1244 3183 Dei
1273 3127 1372 3181 1121
1397 3128 1483 3195 negat
1506 3139 1600 3195 neque
1626 3120 1740 3177 Patrem
1764 3119 1819 3177 ha·

112 3214 165 3287 qui
181 3218 211 3270 et
225 3212 359 3269 dicebat:
375 3214 460 3269 Nemo
484 3215 558 3269 venit
570 3212 606 3268 ad
629 3214 740 3269 Patrem
763 3214 820 3269 niri
831 3229 882 3285 per
896 3228 940 3267 me
953 3190 976 3259 C
996 3215 1071 3285 beat,
1086 3220 1115 3271 et
1130 3216 1180 3287 qui
1197 3216 1307 3271 Patrem
1322 3216 1418 3286 negat,
1435 3211 1540 3269 Filium
1553 3210 1659 3267 habere
1673 3208 1818 3277 videatur,
1927 3218 1930 3225 '

111 3304 200 3376 (dcun
221 3317 280 3373 xrr,
304 3303 343 3373 6).
372 3306 501 3357 Duorum
531 3304 630 3356 autem
660 3301 856 3373 cognitionem
875 3317 940 3357 esse
994 3321 1062 3360 cum
1079 3303 1247 3376 Filiusipse
1271 3308 1450 3359 contestetur
1469 3307 1498 3358 et
1520 3300 1608 3367 dicat,
1631 3300 1819 3371 Nemopotest

111 3408 180 3465 quae
196 3390 378 3448 salvetidem
406 3391 469 3463 ipse
494 3389 664 3445 manifestat
686 3390 804 3446 dicens:
821 3394 888 3446 licre
901 3391 940 3445 est
994 3394 1088 3449 uenire
1115 3392 1151 3448 nrt
1179 3407 1231 3461 me,
1268 3393 1327 3447 nisi
1352 3392 1438 3463 fuerit
1473 3388 1522 3445 illi
1548 3389 1645 3445 datum
1681 3405 1701 3444 a
1734 3389 1818 3443 Patro

110 3484 207 3536 numm
221 3481 397 3535 vitanterna
411 3487 442 3534 at
466 3482 629 3550 cognoscant
655 3483 682 3534 te
701 3480 831 3535 actumst
848 3494 942 3534 rerum
996 3483 1084 3553 (loona.
1101 3499 1128 3537 vr
1152 3482 1220 3553 65);
1246 3484 1278 3537 ut
1302 3479 1492 3537 manifestum
1516 3480 1554 3536 sit
1577 3476 1689 3535 nullam
1714 3474 1819 3533 remis·

111 3570 211 3638 lmen,
226 3577 252 3624 et
266 3584 346 3639 quern
360 3569 578 3624 vicinissime
586 3568 835 3626 teoum'Christunr
850 3568 939 3639 (loon.
995 3570 1107 3627 sionem
1126 3575 1324 3642 'peccatorum
1351 3569 1381 3624 in
1408 3568 1556 3641 baptismo
1584 3566 1676 3639 accipi
1704 3582 1721 3622 a
1750 3563 1821 3621 l'ilio

113 3674 186 3723 xvir,
201 3656 241 3728 3).
258 3656 329 3711 Cum
344 3672 412 3728 ergo
424 3657 563 3728 exipsius
577 3656 683 3713 Christi
698 3657 903 3728 predicatione
913 3661 943 3714 et
998 3676 1082 3734 posse
1096 3676 1186 3731 quarn
1201 3663 1316 3715 constet
1331 3661 1447 3714 Patrem
1474 3674 1531 3713 non
1552 3657 1678 3723 dedisse,
1695 3654 1821 3711 maxime

115 3744 330 3803 contestatione
340 3746 425 3801 Pater
434 3744 783 3818 antecogncscendussit‚
791 3744 841 3817 qui
849 3746 943 3815 misit,
997 3748 1115 3821 quando
1128 3748 1223 3804 adhuc
1239 3748 1317 3803 idem
1332 3750 1445 3820 repetat
1469 3752 1498 3803 et
1513 3747 1610 3802 dicat:
1627 3747 1726 3803 Omnis
1739 3745 1822 3817 ptan-

115 3840 191 3891 tunc
206 3833 310 3889 deinde
334 3833 480 3904 Christus,
505 3832 553 3904 qui
579 3834 687 3889 missus
708 3839 762 3903 est,
783 3850 835 3892 nec
851 3836 945 3908 possit
998 3840 1068 3894 tatic
1082 3854 1165 3910 quam
1179 3854 1232 3893 non
1248 3838 1385 3909 plantavit
1397 3839 1481 3892 Pater
1494 3852 1571 3891 inens
1594 3834 1712 3891 coelestia
1726 3832 1820 3889 erodi·

135 3940 185 3981 sse
200 3939 268 3995 spes
283 3922 388 3978 salutis
413 3920 469 3977 nisi
485 3922 601 3978 duobus
617 3922 706 3979 simul
718 3923 854 3997 cognitis,
871 3941 943 3996 quo·
997 3927 1107 3983 cabitur·
1119 3926 1232 3996 (Matttr.
1247 3943 1293 3991 xv,
1311 3926 1365 3995 13).

117 4012 210 4069 modo
225 4028 284 4067 nou
299 4011 416 4081 cognito
438 4011 497 4065 imo
511 4015 540 4067 et
554 4010 756 4083 blasphemato
772 4013 830 4069 ilco
852 4014 943 4081 Patre,
1034 4014 1106 4070 h'lX.
1123 4014 1203 4080 Quod
1220 4013 1244 4069 si
1261 4012 1367 4069 Christi
1393 4012 1529 4085 discipuli
1551 4012 1661 4067 discere
1675 4028 1693 4067 a
1707 4010 1822 4067 Christo

117 4102 171 4173 qui
188 4099 265 4173 apud
278 4099 428 4156 hereticos
441 4099 549 4155 Christi
561 4099 678 4155 nominc
691 4101 830 4172 baptizati
841 4101 944 4157 dicun·
999 4101 1104 4159 uolunt
1119 4105 1261 4175 quantum
1281 4100 1478 4157 venerationis
1502 4104 1531 4155 ct
1556 4098 1675 4156 honoris
1703 4104 1823 4171 paterno

115 4196 168 4245 tur
190 4193 377 4261 peccatorum
402 4188 556 4245 remissam
582 4189 728 4245 consecuti
749 4190 946 4261 judicantur?
999 4192 1110 4247 nomini
1127 4190 1277 4255 debeatur,
1293 4189 1337 4245 vel
1357 4190 1393 4245 de
1415 4187 1557 4259 exemplis
1580 4188 1706 4244 terrenis
1720 4203 1754 4243 ac
1768 4204 1821 4243 sae-

116 4277 186 4335 Alia
199 4276 278 4333 enim
294 4276 349 4332 luit
362 4276 530 4333 ludaeorum
554 4278 608 4333 sub
633 4277 773 4350 apostolis
789 4280 872 4345 ratio,
889 4279 945 4336 alia
1000 4275 1827 4338 cularibusdiscantetsciantChristumnonsinemaxima
1932 4312 1935 4317 -

117 4370 164 4421 est
178 4364 334 4437 gentilium
350 4364 487 4419 conditio.
505 4362 557 4431 1111,
569 4362 714 4435 quiajam
725 4364 796 4435 legis
811 4371 839 4420 et
854 4365 946 4439 Moysi
999 4369 1222 4443 exprobratione
1237 4366 1390 4440 posuisse:
1407 4366 1474 4421 Filii
1486 4366 1584 4423 saeruli
1604 4366 1685 4437 nujus
1702 4364 1826 4436 pruden-

117 4453 362 4524 antiquissimum
373 4453 521 4524 baptisma
532 4452 648 4508 lucrant
659 4453 766 4525 adepti,
783 4454 812 4509 in
827 4455 946 4511 nomine
1001 4462 1084 4518 tiores
1094 4461 1157 4514 aunt
1172 4459 1240 4530 filiis
1256 4458 1326 4511 tucis
1340 4455 1416 4529 (luc.
1432 4472 1490 4522 xvi,
1505 4458 1543 4525 8).
1560 4456 1591 4511 ln
1610 4454 1713 4511 seculo
1730 4454 1785 4511 isto
1800 4452 1826 4509 ai

118 4558 241 4616 quoque
253 4541 325 4598 lesu
347 4541 454 4597 Christi
475 4545 558 4597 erant
579 4541 756 4613 baptizandi,
784 4545 986 4617 secundumn
1003 4547 1089 4617 cujus
1105 4544 1179 4617 patri
1195 4542 1302 4616 aliquis
1315 4542 1474 4598 convitium
1496 4542 1606 4611 lecerit,
1632 4543 1656 4597 si
1672 4546 1827 4597 contume-

120 4630 201 4705 quod
216 4630 247 4685 in
262 4630 341 4685 Actis
356 4629 557 4702 apostolorum
573 4634 676 4686 Petrus
690 4631 726 4686 nd
752 4648 802 4689 eos
817 4634 948 4705 loquitur
1002 4634 1094 4689 liosus
1109 4650 1142 4687 oc
1158 4648 1265 4704 procax
1286 4632 1428 4704 pudorem
1446 4632 1511 4702 ojus
1527 4636 1556 4687 et
1579 4631 1721 4687 honorem
1736 4628 1825 4685 male·

121 4725 151 4777 at
178 4720 267 4775 dicit:
295 4720 485 4785 Paenitemini,
514 4723 541 4775 et
576 4720 729 4790 triplicetur
761 4726 949 4795 rurnsquisque
1002 4720 1322 4787 dicoorelaceraiurit,
1339 4720 1511 4793 indignatur
1530 4720 1609 4775 lilius
1633 4724 1662 4775 et
1680 4719 1827 4785 irascitur,

121 4818 241 4867 matram
256 4811 287 4864 in
302 4812 412 4866 nomine
430 4810 541 4865 Darnini
561 4811 626 4865 lesu
650 4809 753 4865 Christi
767 4812 795 4866 in
810 4814 949 4867 remissio·
1002 4816 1030 4868 et
1046 4810 1107 4866 lesi
1123 4809 1214 4883 patris
1229 4808 1370 4880 injuriam
1382 4810 1491 4882 quibus
1502 4813 1599 4882 petest
1609 4810 1721 4865 viribus
1733 4806 1829 4863 vindi-

122 4914 187 4955 nem
196 4906 379 4969 peccatoram,
395 4900 420 4954 ct
432 4900 574 4970 accipietis
588 4898 692 4954 donum
711 4900 834 4971 Spiritus
847 4904 948 4957 suncti.
1003 4919 1068 4960 care
1086 4906 1218 4957 conatur.
1235 4902 1278 4957 Tu
1294 4901 1443 4957 Christum
1458 4906 1544 4974 putas
1559 4901 1658 4973 impiis
1668 4906 1697 4957 et
1711 4895 1829 4955 sacrile-

126 4988 205 5044 l'cbr'r
218 4989 293 5043 enim
306 4992 348 5043 est
361 4986 421 5044 haec
429 4990 576 5059 promissio
590 4992 615 5043 et
630 4988 701 5057 filiis
711 4992 807 5045 uestris
822 4995 848 5045 et
862 4993 950 5047 omni·
1004 4993 1049 5065 gis
1063 4996 1093 5048 et
1108 4992 1137 5047 in
1162 4991 1275 5047 Patrem
1303 5008 1391 5047 suum
1415 4990 1598 5063 blasphemis
1623 4987 1829 5062 impunitatem

123 5076 174 5131 lna
196 5074 323 5148 deinceps
345 5092 517 5149 quoscunque
540 5076 711 5133 nitrccarerit
735 5081 866 5134 ltamr'nus
882 5080 950 5137 Deua
1004 5082 1075 5138 dare
1094 5086 1123 5138 et
1136 5080 1179 5137 eis
1193 5079 1222 5135 in
1234 5079 1380 5153 baptismo
1390 5078 1663 5152 peccatadimittsre
1675 5092 1749 5149 quos
1759 5090 1832 5132 con·

834 5224 936 5284 Varinr
958 5222 1117 5286 lectiones.

159 5318 183 5357 ⁸¹
200 5314 394 5372 Nominentur
410 5316 478 5373 liud.
498 5317 525 5387 1,
539 5317 566 5370 2·

806 5408 915 5486 Steph.
931 5407 1052 5471 leuzii
1066 5413 1160 5470 notae.

161 5528 219 5601 (53)
235 5530 349 5585 Sincera
365 5536 390 5583 et
406 5527 547 5596 religiosa.
564 5527 659 5583 Editio
675 5526 843 5585 Morelliana
857 5533 886 5585 et
894 5534 955 5588 tres
1009 5530 1094 5587 stola.
1105 5532 1249 5587 Putarunt
1260 5533 1358 5585 autem
1368 5530 1454 5599 Angli
1464 5530 1526 5587 hac
1536 5533 1699 5589 verbaesse
1709 5530 1832 5603 Stepha-

131 5598 200 5655 libri
222 5604 345 5663 veteres,
360 5600 468 5655 sincera
483 5604 509 5654 et
525 5616 589 5654 reru
602 5603 629 5654 et
643 5600 782 5671 religioso.
1007 5603 1046 5667 ni,
1061 5602 1227 5676 quiainlra,
1239 5599 1321 5656 utilli
1338 5600 1431 5670 aiunt,
1441 5604 1637 5661 traducuntur
1647 5602 1829 5677 aCyprianc.

163 5670 222 5745 151)
240 5672 396 5743 Ubicunque
410 5679 437 5725 et
451 5671 640 5743 quomodocun
659 5687 704 5728 ae.
729 5671 794 5727 Hac
817 5675 861 5727 cst
884 5688 953 5728 vera
1006 5674 1144 5733 Poterant
1168 5673 1276 5731 addere
1303 5688 1339 5729 ea
1363 5688 1429 5731 uere
1457 5675 1596 5749 imputari
1620 5676 1770 5747 Stephano
1792 5672 1867 5736 'D

127 5738 215 5800 lectio
230 5758 295 5817 qua
309 5756 430 5799 rursum
444 5740 590 5815 reperitur
603 5686 680 5800 inti·
694 5742 725 5799 in
742 5740 797 5799 hac
811 5741 876 5817 ipss
889 5742 951 5817 cpi·
1005 5744 1137 5819 Epistola
1153 5744 1324 5815 Firmlliani‚
1340 5760 1407 5818 pag.
1425 5746 1487 5803 tis.
