3892 6104
155 304 194 360 ῃ)
728 284 989 348 ulssueuatto
1010 284 1283 347 nectebantur
1824 295 1866 356 80

158 433 250 490 Deum
266 425 450 502 prospexisse
465 424 547 480 docet
569 422 599 476 iu
625 419 791 477 novissimis
816 418 919 473 diebus
943 416 979 471 de
993 420 1020 487 Α
1035 417 1202 474 novissimis
1217 418 1296 475 hisce
1312 418 1424 491 diebus,
1440 420 1468 476 id
1485 425 1529 477 est
1545 420 1629 479 tertio
1649 421 1783 495 ineunte,
1799 440 1865 482 ma.

157 519 337 594 Spiritusne
364 512 537 572 effundendo
566 511 595 566 in
624 525 742 567 omnem
771 523 900 573 carnem,
925 504 976 576 qui
1030 506 1177 579 gisqnam
1194 508 1288 579 primo
1309 511 1360 564 aut
1383 511 1511 566 seeundo
1533 509 1640 567 seculo
1666 512 1862 582 exuberasse,

157 595 977 682 ejusmodieloquiissuperiuundaret,quenullishare·
1032 595 1213 651 somniavit?
1236 598 1306 662 Ouia
1335 597 1389 655 nisi
1425 598 1554 654 Montani
1577 598 1683 672 spiritu
1709 600 1864 676 abreptus,

156 699 283 756 ticorum
299 691 435 752 versutiis
446 689 599 747 materiam
608 691 636 744 et
649 686 763 744 semina
774 684 979 742 subministra·
1034 687 1067 738 ut
1081 683 1110 739 id
1125 685 1301 757 ostenderet,
1320 686 1410 742 loelis
1429 687 1525 744 verbis
1548 687 1657 761 quibus
1677 689 1783 747 sutura
1803 690 1865 749 baa

159 791 235 857 rent,
253 789 282 841 et
307 797 411 840 omnes
435 783 512 836 retro
537 776 742 848 ambiguitates
762 781 791 831 et
815 771 979 846 parabolas,
1035 773 1203 830 novissimis
1217 775 1864 851 diebusSpiritusexuberatioprenuntiaba-

160 878 261 948 aperta
274 876 362 943 atque
378 869 534 943 perspicua
546 866 637 922 totius
651 863 830 920 sacramenti
841 860 980 935 predica·
1034 863 1093 929 tur,
1110 879 1182 919 usus
1197 862 1351 935 aliquando
1371 865 1499 922 luisset?
1520 865 1602 924 Unde
1621 883 1679 925 uon
1694 872 1865 927 astantum

159 964 238 1020 5⁰⁰⁰
251 961 426 1018 (Ῑῑθθῦῑθΐθῖῑ
443 957 520 1028 (100‘1
536 955 646 1011 factum
659 969 722 1009 ⁸⁸⁸⁰
744 951 908 1023 Subiungit,
932 962 983 1020 W
1037 951 1159 1017 milone,
1171 957 1205 1008 ut
1219 953 1391 1010 Ruinartius
1406 954 1539 1024 credidit,
1551 955 1606 1012 iste
1620 959 1725 1014 auctor
1738 956 1865 1030 culpan·

158 1068 259 1110 uenam
269 1044 638 1123 prophetiamdePorocteto
654 1039 983 1109 inundantemndeoque
1037 1041 1093 1095 dus
1118 1043 1250 1113 estquod
1265 1045 1363 1098 borum
1376 1053 1532 1115 martyrum
1547 1046 1663 1102 cumaea
1676 1061 1714 1102 ec
1731 1047 1769 1103 iie
1795 1062 1864 1119 esee,

161 1144 306 1214 quantum
319 1135 390 1193 Novi
404 1132 581 1191 Testamenti
593 1131 660 1187 libri
677 1129 772 1203 magis
787 1129 888 1201 aperta
902 1140 983 1197 pers·
1038 1143 1101 1200 qvae
1111 1131 1182 1185 Deua
1188 1146 1241 1202 per
1249 1133 1350 1187 boetem
1357 1132 1560 1203 repromiserat,
1566 1133 1780 1192 existimaverit.
1792 1135 1866 1193 lacu·

162 1230 308 1302 piouaqne
322 1222 595 1282 rerumcaelestium
615 1220 800 1285 revelatione,
826 1232 884 1288 qua
907 1216 984 1268 vete·
1039 1219 1108 1273 duta
1122 1219 1200 1274 enim
1215 1219 1306 1276 boelis
1329 1222 1415 1277 verba
1438 1222 1474 1278 ad
1497 1222 1604 1294 omnic,
1619 1240 1681 1295 qua
1707 1222 1737 1278 in
1760 1229 1866 1282 nostra

162 1334 210 1375 res
224 1317 324 1389 ligure
339 1312 475 1386 exposite
490 1315 569 1383 suut,
586 1309 731 1383 legalibus
755 1312 784 1364 et
805 1299 985 1379 propheticis
1040 1307 1225 1364 Testamenta
1240 1313 1324 1366 alteo
1337 1308 1517 1367 charismate
1531 1310 1743 1383 dispensantur
1760 1312 1869 1370 msam

163 1407 316 1479 immi·
342 1406 455 1459 mium
483 1399 612 1457 M⁰¹1l⁸ni
641 1397 810 1472 prophetia,
845 1408 908 1466 quw
941 1386 985 1445 vel
1040 1410 1127 1466 posse
1155 1411 1212 1451 nou
1230 1396 1337 1453 abnuo.
1354 1398 1409 1453 Sed
1425 1414 1458 1454 eo
1478 1397 1686 1455 montanistam
1706 1414 1739 1455 ss
1753 1400 1867 1472 prodit,

163 1495 245 1568 ipsae
259 1488 406 1565 bivangelii
421 1488 639 1562 ambiguitates,
660 1491 689 1544 et
709 1483 863 1559 parabolas
885 1482 986 1552 aperta
1040 1484 1117 1554 quod
1130 1484 1276 1556 propbeta
1287 1486 1868 1560 verbaadhibuerit‚admajoremosten·

164 1584 256 1641 totius
269 1579 448 1638 sacramenti
463 1576 667 1651 predicatione
683 1575 897 1640 discusserunt,
913 1566 986 1639 ipsis
1040 1573 1166 1629 dandam
1178 1573 1344 1631 novissimis
1355 1575 1458 1631 diebus
1469 1592 1557 1648 quam
1567 1576 1804 1647 precedentibus
1813 1576 1867 1636 Ec·

163 1667 367 1746 quoqueNovi
391 1667 517 1725 Toederis
546 1666 630 1722 libris
658 1668 741 1721 erant
763 1656 985 1733 anteponenda.
1040 1661 1133 1717 alesia
1149 1663 1275 1731 saeculis,
1291 1663 1452 1720 caelestium
1468 1663 1679 1721 charismatum
1692 1666 1869 1724 memus.

164 1761 256 1825 Quam
276 1759 405 1832 proiecto
420 1756 595 1813 seutentiam
608 1757 746 1810 Actorum
762 1750 900 1808 collector
917 1760 987 1817 pau·
1041 1766 1113 1804 rena.
1126 1751 1214 1806 Porro
1230 1753 1374 1823 quamvis,
1385 1758 1418 1808 ut
1429 1753 1505 1809 idem
1518 1753 1688 1810 Ruinartius
1697 1754 1866 1829 subJ'uugit,

163 1850 293 1908 cioribus
308 1848 438 1921 quidem,
456 1845 582 1901 sednon
599 1843 698 1899 minus
713 1837 858 1912 expressis
878 1833 984 1898 verbm,
1040 1837 1168 1894 Ecclesia
1185 1839 1327 1895 Fidelium
1343 1840 1421 1896 dicta
1435 1841 1479 1897 vel
1499 1842 1608 1914 scripta
1631 1841 1709 1898 iuter
1732 1842 1867 1916 Scriptu-

164 1937 337 2007 iusinuavit,
352 1951 421 1992 cum
437 1933 479 1989 ait
493 1934 603 2004 majora
616 1930 769 2003 reputanda
783 1944 839 1986 eoae
848 1926 986 1983 novitiora
1041 1943 1090 1981 ras
1105 1928 1261 1985 canonicas
1276 1931 1448 2002 neutiquam
1465 1931 1652 2003 computarit,
1663 1930 1721 1987 etsi
1736 1947 1798 1987 nan
1813 1932 1868 1989 du.

164 2042 290 2104 queque,
315 2034 347 2082 ut
368 2023 570 2090 nauhaimiorn,
593 2019 743 2077 secuudum
765 2017 988 2074 exuberationem
1042 2014 1114 2070 hitet
1130 2016 1166 2071 ab
1195 2033 1228 2072 oo
1243 2018 1430 2088 processisse,
1447 2036 1464 2073 a
1479 2036 1536 2091 quo
1553 2018 1602 2075 alii
1626 2019 1737 2076 dantur
1757 2035 1868 2094 geum

164 2119 273 2191 gratie,
288 2118 356 2181 eta,
372 2112 401 2169 id
424 2114 479 2181 est,
505 2115 538 2165 ut
561 2109 690 2181 loquitur
712 2104 919 2170 Tertullianus,
945 2119 988 2159 se·
1043 2101 1222 2175 linguarum,
1240 2106 1289 2161 alii
1317 2106 1474 2179 prophetie
1505 2106 1554 2162 alii
1578 2123 1675 2165 sermo
1702 2108 1866 2180 sapientia,

164 2205 296 2263 eundum
320 2215 420 2257 nouum
445 2197 616 2272 prophetiam
645 2196 679 2253 de
719 2196 859 2251 Paroeteto
901 2195 989 2248 inua-
1044 2190 1109 2247 aliis
1125 2192 1283 2266 aliadona,
1300 2194 1781 2267 quelaudataioelistestimonio
1797 2213 1868 2271 pras-

165 2294 287 2351 Wum·
673 2334 676 2340 ,
1045 2281 1870 2356 nuntiataetpromiseaiuissecertumest,attamenacu

205 2381 241 2438 ll.
263 2376 430 2451 Respondet
457 2375 640 2443 Ruinartius,
670 2374 748 2447 quod
770 2370 904 2445 quamvis
929 2369 990 2425 hec
1045 2371 1113 2428 inde
1129 2372 1264 2446 sequitur
1288 2373 1365 2429 idem
1391 2371 1548 2445 pariterde
1573 2376 1711 2430 Actorum
1727 2374 1871 2447 scriptore

168 2467 366 2541 verbaprimo
381 2470 501 2538 aspectu
524 2463 652 2521 Montani
675 2479 789 2520 errores
814 2476 916 2532 sapere
947 2457 992 2513 vi·
1047 2461 1232 2516 sentiendum
1258 2477 1331 2517 esse.
1349 2462 1487 2528 Quamvis
1510 2461 1587 2518 enim
1612 2477 1707 2533 neque
1727 2460 1872 2532 Ecclesia,

169 2561 316 2624 deantur;
332 2555 357 2612 si
372 2559 472 2611 tamen
487 2553 575 2626 paulo
594 2553 759 2609 accuratius
784 2549 991 2614 discutiantur,
1048 2566 1144 2622 neque
1163 2549 1320 2622 scriptores
1344 2550 1490 2618 catholici,
1506 2551 1572 2607 novi
1596 2550 1779 2608 Testamenti
1801 2551 1872 2609 cha·

170 2649 245 2706 nihil
260 2651 291 2706 in
307 2649 380 2722 ipsis
393 2644 546 2715 contineri,
559 2644 615 2698 nisi
626 2641 819 2699 orthodoxum
831 2642 859 2695 et
870 2636 936 2693 fidei
948 2652 994 2691 ca·
1048 2638 1170 2694 rismata
1184 2642 1212 2694 et
1226 2656 1242 2694 a
1257 2639 1315 2694 Dec
1331 2641 1495 2711 procedere,
1512 2644 1540 2695 et
1556 2637 1673 2696 laudato
1688 2639 1779 2697 Joelis
1793 2641 1874 2698 testi.

172 2738 287 2797 thelicae
303 2740 390 2813 plane
407 2740 453 2796 Π
471 2750 644 2793 consonum.
661 2731 813 2796 donanim,
826 2727 994 2800 inquitate
1049 2727 1146 2782 laonio
1170 2729 1376 2799 praenuntiata,
1400 2733 1429 2784 et
1452 2728 1594 2799 promissa
1619 2729 1720 2799 luisse,
1738 2744 1871 2802 unquam

169 2838 265 2886 aucwr·
277 2830 396 2886 cisium
409 2827 573 2884 novissimas
587 2839 650 2878 cunr
674 2820 824 2891 Scripturia
843 2816 992 2880 cononicis,
1049 2815 1226 2873 dubitarint:
1244 2833 1395 2888 uunquam
1412 2823 1510 2873 tamen
1527 2821 1577 2873 aut
1591 2816 1732 2887 Ecclesia,
1747 2823 1801 2874 aut
1815 2816 1872 2875 ali·

168 2922 200 2973 αἱ
220 2919 330 2990 Wssvii
361 2917 492 2981 Valetim·
520 2912 566 2970 θεά
592 2908 759 2966 solummodo
781 2923 848 2964 cum
869 2907 994 2960 odorum
1049 2906 1116 2978 quis
1131 2905 1347 2962 Catholicorum
1365 2905 1455 2963 boelis
1469 2906 1565 2962 verbis
1581 2923 1653 2963 usus
1665 2909 1710 2963 eat
1724 2906 1761 2962 ad
1777 2906 1872 2977 maio·

167 3015 325 3078 marturum
351 3004 520 3069 visionibus,
547 3005 574 3057 et
602 2998 818 3056 revelationibus
842 3001 992 3066 comparat,
1048 3011 1111 3051 rem
1126 2995 1353 3052 novissimorum
1368 2999 1642 3067 temporum,quam
1656 2994 1872 3068 preteritorum

169 3095 321 3166 ‘⁸³⁸⁶'le
344 3110 400 3151 ’wll
427 3092 534 3148 mimi
556 3088 727 3145 υθηθΐίῑῑῐθηῑ
750 3083 887 3140 habendas
925 3097 992 3149 itte,
1049 3083 1184 3142 Ecclesiae
1198 3085 1373 3142 seculorum
1390 3084 1613 3141 issvisiouibus
1636 3089 1664 3141 et
1687 3083 1872 3142 revelationi·

170 3197 233 3258 Μ
246 3198 297 3239 ⁸¹‘0
309 3185 439 3256 timim,
460 3195 544 3252 issam
558 3194 617 3250 Μ
640 3176 740 3248 iiiiii*
763 3172 938 3245 temporibue.
963 3159 1029 3226 iac
1048 3172 1104 3229 hus
1120 3175 1336 3231 venerationem
1356 3173 1619 3246 auctoritatemque
1641 3172 1871 3231 conciliandam,

169 3269 503 3347 ⁰⁸2lliinw⁰¹li⁸⁶⁶¹md0
522 3267 650 3324 Esssslffl'ae
673 3262 785 3330 imm·
809 3261 990 3332 imiimi!-
1083 3263 1134 3317 Est
1156 3264 1273 3332 quidem
1298 3263 1353 3319 hoc
1377 3263 1517 3319 adversus
1540 3264 1690 3329 Actorum,
1715 3267 1749 3319 ut
1773 3262 1868 3335 aiunt,

169 3366 228 3420 imo
253 3371 282 3421 et
303 3364 481 3435 aliquatenus
508 3357 559 3414 ltus
584 3370 667 3412 novoe
689 3351 868 3410 revelationes
891 3348 993 3421 rnojori
1048 3350 1265 3423 compilatorem
1293 3352 1499 3424 gravissimum
1525 3351 1749 3424 praejudicium
1771 3353 1872 3411 neseio

168 3452 261 3509 studio
275 3450 463 3523 suscipiendas
476 3446 627 3510 eesedicet,
642 3459 705 3500 eum
728 3441 854 3512 eeeraplc
876 3453 906 3494 eo
931 3436 991 3508 cifi-
1046 3443 1145 3495 tamen
1161 3456 1198 3496 an
1224 3457 1282 3497 non
1303 3440 1421 3513 gravius
1446 3441 1495 3508 sit,
1512 3441 1590 3513 quod
1618 3457 1653 3498 ex
1677 3442 1872 3513 sequentibus

168 3539 425 3611 maternitatem
440 3533 708 3608 mupiepraeseatic:
723 3535 784 3585 tum
798 3525 992 3598 deirrcle,quod
1045 3528 1311 3585 verbisoouircitur
1335 3534 1553 3602 argumentum.
1578 3529 1624 3585 Sic
1650 3529 1729 3585 euim
1753 3530 1870 3604 pergit:

168 3628 214 3685 bae
231 3629 398 3696 aoneoimae,
414 3626 532 3682 visiones
545 3636 609 3694 quae
623 3618 771 3692 aliquando
781 3617 992 3686 ueteressuturae
1048 3640 1059 3668 ι
1077 3620 1177 3690 ltaque
1193 3623 1221 3674 et
1236 3635 1299 3688 uos,
1316 3617 1365 3689 qui
1385 3618 1463 3674 slent
1478 3618 1656 3690 prophetias,
1672 3617 1714 3675 ita
1738 3623 1769 3675 et
1783 3619 1871 3677 visio·

168 3721 260 3783 ΜΝ,
277 3715 372 3786 “lilia
391 3712 554 3770 ‘mmmm
571 3706 721 3780 sumendi?
732 3707 829 3772 iiiiii,
855 3708 884 3758 ¹⁴²
898 3718 989 3774 ⁰90³·
1046 3722 1098 3762 nes
1113 3723 1202 3763 novas
1217 3706 1326 3780 pariter
1350 3706 1543 3779 repromissas
1566 3711 1594 3764 et
1622 3707 1822 3781 agnoscimus,
1839 3711 1871 3766 et

168 3805 234 3860 teris
248 3802 434 3873 amburentur,
449 3800 482 3857 id
495 3803 588 3872 potere
599 3799 640 3852 cit
653 3811 688 3852 ee
701 3793 795 3850 eadem
811 3793 898 3863 ipsius
923 3806 991 3847 noc·
1046 3795 1261 3852 honoramus.»
1278 3796 1342 3852 Hac
1358 3794 1443 3868 plane
1463 3795 1757 3868 peremptoriasuut:
1774 3812 1873 3871 nequa

168 3889 613 3965 torutotwraesatioae;ubine
636 3901 722 3940 uuum
746 3881 856 3955 quidem
878 3880 991 3937 verbum
1045 3885 1123 3941 enim
1148 3884 1321 3941 clarioribus
1349 3885 1443 3940 verbis
1475 3885 1620 3956 potuisset
1643 3890 1753 3956 auctor,
1779 3902 1872 3958 quam

166 3981 200 4038 de
213 3982 363 4055 Scriptura
376 3996 463 4038 suere
476 3995 539 4035 cuna
554 3976 704 4033 visionibus
714 3975 989 4043 martyrumconepo·
1044 3973 1107 4046 ipse
1130 3978 1239 4030 sccmm
1269 3974 1464 4046 profiteretur,
1483 3990 1642 4046 exponere:
1668 3974 1729 4029 hac
1751 3979 1871 4034 monta·

167 4078 277 4133 'atim
290 4073 416 4130 habetur·
432 4092 447 4122 ‘⁴
463 4065 731 4135 Simoentaque
748 4085 759 4113 a
778 4061 875 4132 fidei-u
898 4075 989 4115 wem·
1044 4062 1134 4119 nismi
1147 4067 1258 4120 tessera
1272 4066 1353 4131 sunt,
1368 4065 1397 4118 et
1420 4061 1619 4118 montanistiae
1633 4062 1771 4119 doctriua
1790 4062 1872 4123 clara

164 4169 370 4244 immilem
397 4162 428 4216 iu
456 4158 556 4215 ΝΜ
582 4159 649 4211 ’wli
675 4152 789 4222 didesia,
818 4154 849 4206 αἱ
877 4149 990 4205 ieelim
1044 4156 1072 4208 et
1095 4156 1195 4223 aperta
1218 4151 1370 4224 professio.
1396 4151 1426 4206 ld
1453 4151 1531 4206 enim
1552 4149 1712 4208 catholicos
1735 4150 1814 4209 inter
1836 4156 1868 4209 et

165 4272 261 4316 eonem
274 4253 354 4326 quoti
375 4247 616 4322 representatione
629 4258 733 4311 rerum,
748 4247 773 4297 et
786 4241 856 4294 Deus
875 4237 989 4293 bonore·
1044 4240 1250 4310 montanistas,
1262 4241 1290 4296 id
1305 4240 1447 4312 temporis
1468 4239 1696 4311 disceptabatur,
1713 4256 1750 4295 au
1775 4257 1871 4310 novoe,

165 4355 222 4414 tur,
238 4353 265 4401 et
279 4345 357 4400 bomo
372 4342 552 4411 confortetur,
567 4349 616 4390 eur
629 4347 685 4387 noa
699 4339 724 4387 et
737 4344 808 4385 nova
830 4327 990 4382 documenta
1044 4328 1073 4383 id
1088 4332 1142 4397 est,
1159 4329 1392 4386 extraordinarie
1407 4332 1435 4385 et
1451 4328 1596 4384 inusitate
1616 4327 1742 4387 visiones
1754 4333 1785 4385 et
1799 4346 1868 4402 pro.

165 4449 241 4507 ΜΘ
255 4433 476 4502 “nimam
489 4415 945 4487 immimisstidftltrattmrir
1043 4416 1148 4488 phetia
1168 4418 1358 4490 agnoscende
1387 4422 1485 4474 esseut
1509 4422 1597 4490 atque
1619 4417 1814 4487 honorandae;
1830 4435 1869 4475 au

200 4525 396 4591 Verum,non
415 4516 469 4572 has
492 4517 621 4580 tuntum,
643 4526 718 4581 quas
743 4503 916 4563 Ruiuartius
940 4519 988 4560 re·
1003 4510 1145 4592 Deoutra
1174 4507 1359 4578 repudianda
1389 4511 1476 4578 atque
1511 4505 1690 4576 abjicienda.
1719 4505 1865 4563 Catholici

164 4613 221 4668 lert
233 4610 361 4666 rationes
376 4602 513 4677 produxit
527 4604 639 4669 auctor,
655 4615 707 4654 cur
723 4613 811 4654 novas
836 4592 985 4652 revelatio·
1043 4611 1132 4651 novas
1147 4594 1274 4651 visiones
1294 4600 1322 4651 et
1343 4593 1511 4666 prophetias
1536 4599 1568 4650 ut
1595 4594 1717 4669 maligui
1739 4595 1865 4668 spiritus

164 4716 228 4771 nes,
243 4702 272 4754 et
287 4691 455 4769 prophetias
478 4706 536 4762 pre
559 4687 688 4760 antiquis
712 4686 742 4742 in
766 4684 860 4758 pretio
883 4680 986 4739 baberi
1040 4684 1239 4740 seductionem
1278 4684 1497 4752 aversabantur,
1525 4699 1584 4739 non
1607 4684 1684 4756 quad
1710 4682 1808 4740 nullas
1829 4699 1865 4742 00

163 4789 269 4856 vellet;
285 4784 336 4843 sed
351 4781 431 4840 illam
448 4777 844 4853 potissimum„quamnemo
856 4772 913 4829 nisi
924 4787 984 4828 me·
1038 4777 1170 4845 tempore
1181 4771 1211 4828 iu
1226 4770 1354 4827 Ecclesia
1373 4776 1565 4843 agnoscerent
1589 4771 1716 4828 visiones
1743 4776 1772 4827 et
1796 4788 1866 4844 pra-

163 4894 215 4936 ¹'¹¹⁸
230 4880 377 4951 putusque
392 4867 572 4926 mummii&
595 4862 751 4930 &iiuliffiflh
778 4866 807 4917 ei
825 4878 890 4932 <1¹1ae
912 4859 984 4917 satis
1039 4862 1165 4934 phetias,
1181 4867 1233 4916 aut
1248 4861 1326 4932 quod
1349 4859 1561 4916 charismatum
1577 4860 1689 4917 iontem
1714 4861 1867 4918 exaruisse

162 4966 301 5033 ostendit,
315 4961 414 5035 ipsum
430 4955 603 5014 novissimas
614 4949 813 5017 revelationes,
826 4964 884 5003 nan
897 4949 983 5005 modo
1037 4949 1264 5020 contenderent;
1281 4949 1331 5006 sed
1345 4965 1486 5005 novarum
1500 4949 1647 5005 visionum
1660 4953 1689 5005 et
1703 4965 1784 5006 aava
1800 4966 1867 5023 pra-

160 5063 293 5115 vstorum
313 5054 476 5122 martyrum
491 5038 726 5109 revelationibus,
746 5036 797 5093 sed
812 5033 885 5108 ipsis
908 5052 984 5107 quo·
1036 5037 1141 5109 photiae
1163 5037 1291 5106 nomino,
1316 5037 1460 5104 insolitas,
1485 5043 1517 5094 ut
1541 5037 1610 5107 dixi,
1627 5043 1656 5094 et
1677 5043 1710 5094 ut
1733 5038 1868 5111 loquitur

161 5162 218 5218 que
234 5139 393 5216 Soripturis
408 5131 569 5199 canonicis,
585 5126 765 5202 praetulisse:
786 5125 823 5181 ob
847 5123 983 5180 exubera-
1037 5126 1115 5197 apud
1139 5126 1299 5183 Eusebium
1323 5126 1379 5196 (24)
1401 5126 1544 5199 Asterius,
1566 5151 1580 5178 α
1609 5126 1715 5184 Praeter
1737 5143 1866 5200 morem,

161 5238 272 5300 tiaran,
287 5229 399 5287 scillcet
413 5221 555 5295 pruteni
579 5218 682 5273 ultima
705 5215 800 5271 secuti
826 5213 913 5286 spatio
935 5213 982 5269 de-
1037 5219 1124 5287 atque
1136 5215 1305 5271 institutum
1319 5212 1651 5288 Ecclesioeamajoribus
1662 5216 1816 5288 traditum,
1833 5221 1864 5273 et

158 5328 243 5387 meta,
259 5318 421 5375 secundum
434 5309 525 5369 tostis
552 5305 745 5382 prophetiam.
772 5301 878 5376 Ecquis
902 5303 981 5359 euim
1036 5305 1175 5360 contiuua
1186 5304 1322 5375 deinceps
1338 5305 1523 5361 successione
1538 5310 1755 5378 propagatum·
1772 5303 1866 5361 intel-

159 5409 206 5466 cui
225 5420 331 5463 sanum
354 5406 433 5461 esset
458 5403 556 5472 caput,
584 5394 711 5470 Spiritus
736 5392 829 5449 sancti
854 5391 980 5465 gratiam
1036 5392 1174 5466 ligabant.
1187 5397 1292 5450 Contra
1305 5394 1487 5451 Montaniata·
1503 5410 1593 5452 novas
1608 5394 1696 5452 hasce
1709 5392 1868 5452 revelatio.

196 5548 253 5624 (34)
277 5542 412 5672 Παρῗιθτὸ
437 5542 505 5598 κατὰ
526 5535 674 5620 παράδοσιν
698 5535 743 5592 καὶ
775 5532 843 5591 κατὰ
875 5530 1008 5612 διαδοχὴν
1038 5529 1137 5593 ἄνωθεν
1175 5543 1224 5607 τῆς
1262 5533 1424 5607 Ἐκκλησίας
1459 5534 1518 5602 ἔθος
1554 5533 1645 5608 δῆθεν.
1676 5537 1739 5596 Lib.
1768 5554 1785 5595 v
1814 5537 1868 5594 lli-

81 5658 86 5669 .
159 5632 230 5683 ator.
251 5633 314 5691 cap.
372 5657 379 5672 .
