3892 6104
168 295 207 354 ro
733 288 991 352 ulssusunuto
1012 287 1283 352 Aroloosrlel
1834 294 1875 354 76

207 424 280 484 lllud
299 422 427 497 denique
448 423 496 479 hic
518 421 626 494 pariter
648 421 875 489 observandum,
911 421 990 476 hanc
1007 421 1033 488 Α
1048 420 1130 476 nitur
1144 423 1199 477 oiri
1215 423 1279 477 beni
1291 435 1363 494 sepe
1376 422 1529 496 falluntur.
1544 422 1599 478 Sed
1614 423 1759 495 numquid
1774 428 1803 481 at
1817 425 1872 481 llo-

171 514 250 574 iutra
263 528 379 571 sacram
395 511 527 586 synaxim
546 515 715 567 sanctorum
739 515 901 584 martyrum
918 528 995 567 com·
1048 509 1143 565 olesiae
1159 511 1332 567 universalis
1348 511 1530 568 auotoritas?
1545 512 1597 567 Cui
1613 517 1729 568 tantum
1745 513 1774 568 iu
1791 513 1874 571 hisce

172 601 414 663 memorationem
430 617 462 657 eo
477 599 621 673 precipue
645 603 776 672 spectare
795 604 828 655 ut
845 599 995 672 intellige·
1050 599 1136 653 etism
1152 599 1364 669 questionibus
1380 600 1487 657 detulit
1499 601 1693 673 Augustinus,
1710 606 1742 657 ut
1765 603 1801 658 de
1825 602 1875 660 his

174 709 242 750 mus
256 708 310 751 nos
320 706 387 748 eum
402 688 461 749 iltis
476 689 506 747 in
521 687 647 758 Christo,
663 688 748 760 eujus
763 689 893 762 corporis
908 688 996 746 sacri·
1051 685 1123 741 nihil
1132 691 1241 751 temere
1246 689 1379 760 judicare
1386 688 1729 763 volueritquetempure
1739 706 1875 763 persecu-

174 782 274 839 tioium
290 778 662 851 offerturqcommunicare,
674 778 752 851 quod
763 776 996 851 etipsaosnonis
1050 774 1150 845 tionis,
1166 779 1199 833 ut
1215 777 1405 834 insectatores
1421 794 1480 834 sun
1495 779 1641 851 pudicitie
1651 779 1824 853 devitarent,
1840 781 1872 837 in

175 869 264 928 verba
277 871 377 940 aperte
400 871 564 924 testantur:
591 867 828 924 communicantes
849 870 996 924 etrnemc-
1051 871 1203 935 rapturum
1221 870 1308 937 atque
1320 871 1491 924 neoaturum
1502 882 1533 923 se
1544 868 1665 925 fluvium
1676 869 1874 940 projecerunt,

174 959 250 1015 mom
262 965 436 1025 manontes,
452 961 507 1014 etc.
524 957 563 1014 llo
578 961 676 1015 autem
692 956 837 1029 pertinere
853 957 998 1014 credenda
1052 969 1145 1025 eoque
1161 953 1246 1010 modo
1262 954 1404 1012 deiuncta
1419 961 1499 1026 sunt,
1516 957 1677 1030 earumque
1692 958 1834 1032 martyria
1845 958 1877 1016 in

175 1051 221 1107 est
243 1049 408 1104 exterorum
430 1045 482 1102 illa
502 1049 664 1119 martyrum
690 1046 940 1112 commemoratio,
966 1049 999 1102 ut
1053 1041 1195 1098 catholica
1205 1042 1339 1100 Ecclesia
1350 1045 1533 1102 veneratione
1544 1044 1734 1103 celeberrima
1744 1047 1877 1119 trequen-

177 1152 268 1195 unam
283 1135 391 1208 ubique
404 1151 469 1193 esse
483 1135 612 1192 sciamus
632 1134 804 1192 catholicam
828 1133 998 1202 Ecclesiam,
1053 1133 1173 1188 tantur:
1196 1133 1234 1188 lle
1261 1136 1314 1199 tia,
1343 1133 1440 1206 iuquit
1467 1133 1524 1206 (27)
1544 1135 1618 1190 nibil
1651 1137 1754 1192 temere
1788 1135 1877 1192 nudes

177 1230 208 1283 et
223 1241 313 1289 unam
328 1225 461 1281 omnium
475 1221 674 1293 ecclesiarum,
695 1223 828 1297 quamvis
852 1223 914 1281 loco
938 1224 998 1281 dis·
1049 1219 1184 1292 judicare.
1201 1223 1297 1278 Utrum
1311 1224 1386 1278 enim
1399 1223 1528 1281 Eeeteste
1541 1225 1679 1295 aliquibus
1705 1224 1758 1296 fide
1782 1224 1880 1298 dignis

177 1314 314 1384 nurum,
330 1313 578 1380 communionem,
594 1317 704 1386 utque
719 1312 830 1369 alienos
845 1317 997 1386 martyres,
1054 1309 1296 1379 testificationibus,
1323 1320 1354 1368 m
1379 1328 1473 1368 eorum
1496 1313 1662 1368 memorium
1692 1314 1732 1368 sic
1763 1313 1879 1370 bonores

177 1402 257 1473 haud
272 1418 358 1461 secus
372 1418 462 1478 quam
482 1401 669 1474 domesticos,
693 1404 878 1458 venerantur.
905 1402 999 1472 Quod,
1053 1397 1150 1454 divino
1163 1402 1334 1470 persuaserit
1347 1403 1505 1468 umtemtor,
1521 1404 1634 1457 neseio:
1650 1405 1677 1457 et
1699 1402 1762 1472 fieri
1778 1405 1877 1475 petest,

178 1496 211 1550 ut
225 1507 317 1565 supra
330 1495 377 1550 est
398 1491 596 1562 observatum,
621 1490 698 1548 clare
721 1495 750 1547 et
774 1492 926 1563 perspicua
947 1491 1000 1547 de·
1054 1493 1084 1541 ut
1097 1488 1137 1542 ito
1147 1489 1192 1544 sit.
1208 1491 1284 1559 Quid
1297 1492 1323 1545 si
1336 1492 1413 1546 enim
1427 1490 1477 1546 lior
1489 1491 1622 1561 fecerum,
1639 1505 1695 1545 nen
1714 1490 1880 1548 humanitus

177 1584 396 1640 monstrettam
418 1584 496 1637 certo
521 1581 557 1636 de
580 1584 748 1637 nostrarum
769 1584 932 1651 martyrum
957 1596 1000 1634 or·
1054 1574 1173 1646 decepte
1186 1592 1236 1632 nee
1250 1587 1386 1645 errantes,
1402 1579 1449 1634 red
1464 1579 1727 1636 obedimustsieut
1740 1580 1773 1634 de
1795 1582 1881 1637 Som-

175 1669 316 1728 thodoxia
329 1670 407 1743 apud
417 1673 530 1727 veteres
539 1668 760 1739 constitissent
770 1684 872 1724 esrum
883 1667 1002 1724 nomina
1054 1664 1211 1720 amentiae
1230 1667 1308 1722 tntis
1335 1669 1379 1738 sos
1405 1683 1462 1724 non
1484 1671 1523 1723 est
1548 1668 1665 1724 medere.
1691 1670 1726 1724 At
1750 1667 1880 1726 heretici

73 1830 75 1834 ,
177 1757 325 1818 catholicas
350 1758 567 1816 communionis
599 1756 767 1830 symbolum
803 1771 868 1813 esse
900 1755 997 1813 velue·
1056 1757 1197 1825 martyras
1209 1755 1654 1828 inmartyrologiairrepserunt.
1667 1757 1722 1813 Sed
1731 1758 1877 1830 numquid

177 1849 249 1906 rint.
375 1883 378 1887 -
1056 1841 1145 1897 etlam
1179 1843 1210 1898 in
1253 1844 1461 1917 antiquissima
1495 1844 1693 1902 Kelenderis?
1727 1844 1879 1919 Numquid

213 1937 276 1994 Vll.
292 1937 402 1995 Horum
416 1936 550 1993 omnium
565 1934 725 2006 dequibus
745 1934 887 1991 hactenus
908 1935 1000 1991 disse·
1057 1930 1195 1987 etiamad
1210 1949 1312 1989 eorum
1325 1938 1518 1990 monumenta
1532 1934 1684 2002 sacrificiu,
1700 1938 1731 1991 et
1754 1935 1881 1992 catholi-

178 2025 304 2095 ruimus,
328 2025 566 2083 testimoniorum
589 2025 793 2082 auctoritatem
825 2025 936 2081 elevare
970 2039 1003 2080 se
1057 2035 1156 2077 eorum
1183 2026 1344 2079 conventus
1368 2023 1531 2079 celebrati?
1554 2023 1698 2096 numquid
1723 2024 1752 2079 in
1776 2040 1879 2081 eorum

178 2114 424 2190 putatlerissima
445 2114 501 2171 huc
525 2113 715 2186 responsione
727 2112 899 2187 basnagius,
923 2113 1001 2185 quod
1058 2111 1231 2166 memoriam
1256 2112 1361 2168 altaria
1384 2112 1451 2180 Deo,
1477 2116 1506 2168 et
1529 2112 1656 2168 basilice
1680 2113 1882 2170 consecrate?

178 2219 283 2277 nempe
299 2225 314 2257 a
330 2204 429 2261 torum
442 2204 597 2260 constantio
622 2207 778 2274 martyrum
799 2218 905 2259 necnon
928 2210 1002 2259 ueto·
1058 2199 1202 2272 numquid
1218 2217 1318 2257 eorum
1335 2201 1437 2257 laudes
1451 2206 1563 2258 veteres
1578 2202 1678 2258 Patres
1698 2203 1881 2259 orationibus

178 2294 409 2365 mmontiquitos
434 2293 549 2365 posterr's
573 2292 670 2367 sueram
697 2291 774 2366 serit,
802 2296 835 2347 ut
859 2292 891 2346 in
915 2296 1002 2363 pretio
1057 2291 1086 2344 et
1100 2288 1224 2361 publicis
1238 2290 1411 2347 tractatibus
1426 2291 1627 2347 exornarunt?
1643 2293 1787 2364 numquid
1800 2294 1882 2349 deni-

180 2381 355 2439 laberentur.
372 2403 387 2433 a
398 2380 725 2454 productaquedeinde,
738 2395 827 2452 quam
838 2396 1003 2453 supracon·
1058 2393 1115 2448 que
1130 2377 1205 2434 inter
1219 2376 1393 2435 illustriores
1409 2385 1551 2452 martyres
1567 2395 1618 2451 per
1633 2385 1776 2436 totaunos
1788 2381 1879 2438 etiam

80 2463 85 2474 “
181 2469 283 2542 tutavi,
298 2471 334 2528 de
348 2471 504 2545 Augustini
520 2471 660 2527 Sermone
674 2471 852 2541 conlectura,
878 2469 1003 2540 subjun·
1058 2466 1180 2522 nuncin
1204 2469 1303 2524 misse
1327 2484 1437 2524 canone
1462 2469 1683 2525 memorentur?
1706 2468 1882 2543 Meroulum,

182 2560 245 2633 git:
270 2559 441 2618 Concedatur
463 2567 555 2617 tomes
577 2560 663 2615 umbo
684 2557 744 2616 baee
761 2559 910 2629 Augustini
935 2572 1002 2614 ease.
1058 2555 1169 2628 pseudo
1186 2561 1343 2630 martyrem
1368 2557 1600 2626 Donatistarum,
1625 2558 1748 2630 primus,
1773 2558 1881 2617 smoulo

134 2676 137 2681 ·
183 2649 302 2719 Questio
324 2650 392 2718 sceti
415 2658 464 2719 est,
488 2650 624 2721 Perpetuo
651 2649 699 2703 78
721 2649 843 2719 puerinse
876 2647 1005 2704 Eecteuae
1059 2660 1147 2712 nono,
1162 2645 1365 2719 imprudenter
1378 2645 1408 2702 in
1424 2663 1512 2702 suum
1528 2646 1768 2720 martyrologium
1784 2648 1880 2704 Raba-

179 2739 293 2808 mutier,
321 2743 452 2797 cnaeus
478 2739 693 2796 montanisticce.
713 2738 775 2808 jum
797 2753 860 2793 nero
874 2739 1004 2809 inquere·
1059 2750 1116 2789 nus
1130 2733 1231 2790 retulit
1245 2736 1321 2808 (25);
1338 2735 1406 2791 inde
1420 2735 1449 2791 in
1467 2735 1589 2791 nothum
1607 2736 1685 2792 Bedae
1708 2737 1881 2810 martyrolo-

180 2829 302 2885 tionibue
323 2827 485 2901 eujusmodi
506 2829 562 2884 uiri
587 2828 650 2883 boni
668 2841 856 2898 sepenumero
886 2833 941 2883 toto
962 2842 1005 2882 er-
1059 2821 1140 2894 gium
1155 2827 1184 2879 et
1198 2840 1233 2879 ex
1256 2839 1289 2880 eo
1310 2824 1340 2879 in
1365 2823 1477 2896 aliquot
1502 2824 1659 2881 Usuardiui
1682 2825 1883 2899 martyrologii

179 2921 243 2974 rent
256 2919 311 2986 uio,
328 2922 356 2974 et
371 2918 513 2976 emerico
526 2922 662 2988 martyres
677 2918 821 2989 irrepsisse
843 2917 875 2971 in
898 2919 1006 2986 marty-
1061 2912 1111 2967 u
1126 2912 1241 2969 codices
1264 2917 1293 2968 et
1316 2912 1458 2970 editiones
1482 2913 1600 2987 irrepsit
1623 2914 1700 2986 (29),
1724 2915 1776 2971 sed
1800 2931 1883 2971 error

178 3007 287 3077 rotoma
309 3023 358 3064 ruo
382 3008 439 3064 tero
462 3007 645 3063 ostendimus.
670 3005 711 3061 De
734 3005 824 3074 Actis,
850 3010 879 3061 et
902 3020 1003 3062 eorum
1058 2999 1142 3057 facile
1154 3001 1284 3058 detectus
1297 3006 1351 3072 est,
1363 3007 1392 3058 et
1407 3001 1528 3058 Romani
1539 3001 1737 3076 martyrologii
1748 3004 1881 3061 eondito-

179 3094 661 3152 auctoritateinleriusdlcendum
682 3093 747 3150 erit.
771 3097 854 3149 Nunc
878 3091 1005 3149 breviter
1058 3104 1104 3146 res
1128 3088 1273 3148 Numidis
1297 3090 1508 3162 Nicomediam,
1535 3089 1665 3148 Mareulo
1696 3090 1879 3161 Marcellum,

166 3182 348 3255 ridendum,
363 3200 461 3240 ennon
476 3200 600 3240 summa
613 3180 789 3239 temeritatis
802 3181 851 3252 sit,
867 3181 904 3238 ob
919 3167 1038 3239 levis-G
1057 3177 1208 3236 Constanti
1222 3179 1437 3247 Constantium,
1454 3179 1628 3237 Macariacis
1642 3179 1765 3237 Arianos
1775 3181 1881 3238 subro-

179 3273 282 3342 aimas,
295 3279 327 3330 ut
341 3272 478 3347 deinceps
494 3273 657 3339 ostendam,
684 3270 877 3343 coniecturas,
900 3286 1000 3327 eornm
1055 3272 1173 3341 garuni.
1192 3269 1334 3342 Legentes
1348 3271 1426 3326 enim
1443 3270 1498 3325 sub
1513 3270 1631 3326 eosdem
1647 3269 1762 3326 circiter
1773 3269 1836 3327 dies
1847 3270 1878 3329 ln

179 3360 380 3420 orthodoxiam
395 3365 424 3419 et
440 3361 628 3420 sanctitatem
651 3361 682 3416 in
707 3359 831 3416 dubium
856 3342 1001 3432 rivocano,
1057 3356 1272 3429 antiquioribus
1283 3357 1634 3431 martyrologiisMurcelli
1644 3357 1898 3417 Nicomediensis·

179 3450 490 3523 quosoonstatstatim
501 3453 538 3508 ab
548 3467 650 3508 eorum
662 3449 809 3523 passione,
821 3466 854 3506 ac
864 3449 1002 3523 deinceps
1057 3445 1193 3517 martyris
1208 3461 1326 3518 nomeu,
1342 3448 1449 3518 atejus
1465 3451 1530 3515 acta
1544 3447 1725 3522 ignorantes,
1741 3463 1776 3505 ex
1798 3448 1877 3506 llar-

179 3537 839 3612 perquindecimetampliussaeculenullonon
851 3537 1001 3612 religionis
1056 3533 1114 3591 culi
1130 3537 1204 3593 actis
1213 3536 1396 3610 interpolatis
1406 3537 1460 3593 hoo
1470 3538 1495 3592 ei
1506 3536 1635 3611 elogium
1646 3538 1878 3596 concinnarunt:

178 3629 209 3683 et
222 3626 412 3684 observantie
427 3629 522 3701 signo,
536 3644 595 3684 non
611 3630 644 3683 ut
658 3627 937 3700 genuincstantum,
949 3628 1001 3684 sed
1055 3626 1221 3684 Niconiediae
1239 3626 1303 3700 (pro
1331 3629 1362 3682 in
1384 3627 1528 3699 Numidia)
1551 3629 1641 3684 suncti
1662 3627 1786 3685 bercelli
1808 3627 1878 3702 (leg.

178 3713 255 3771 inter
269 3714 442 3773 celebriores
457 3715 565 3786 Chrisqi
576 3719 730 3788 martyres,
743 3715 939 3773 universalem
951 3717 1003 3773 lto·
1056 3717 1350 3789 Moreutrlpresbyteri,
1364 3716 1580 3788 quiconunntii
1590 3717 1882 3789 quaemadmodum)

178 3801 298 3862 alesiam
317 3821 381 3861 esse
394 3804 586 3863 veneratam?
600 3821 727 3878 quorum
751 3804 864 3862 scilicet
889 3820 999 3862 memo·
1054 3804 1217 3876 temperent
1231 3806 1348 3860 Arionis
1358 3808 1421 3877 (pru
1433 3805 1636 3878 succerionis)
1646 3821 1737 3878 crepe
1744 3808 1878 3879 praeeipi-

177 3891 318 3965 riamjum
328 3892 396 3950 iude
405 3895 441 3951 ab
452 3892 773 3967 antiquistempcribus
784 3894 979 3967 frequentavit
991 3912 998 3964 ;
1055 3902 1126 3950 totus
1142 3903 1251 3965 martyr
1264 3895 1397 3950 occubuit.
1411 3896 1480 3960 Quae
1490 3896 1608 3951 Patrem
1619 3894 1878 3953 Benedictinorum

176 3981 285 4056 quibus
298 3981 413 4052 aluric,
429 3987 458 4041 et
480 3983 626 4052 basilicas,
651 4000 718 4055 quae
740 3986 875 4040 neutrum
901 3987 1002 4040 essent
1054 3983 1222 4056 conjectura
1236 3983 1324 4041 estin
1338 3983 1403 4040 Not.
1420 3984 1455 4040 ad
1471 3983 1627 4057 Augustini
1641 3983 1692 4040 lib.
1708 4000 1752 4040 ιιι.
1774 3988 1880 4042 contra

174 4067 322 4128 catholice
346 4071 565 4128 communionis
583 4070 738 4130 excitavit:
762 4087 887 4144 quorum
914 4071 999 4129 anui·
1053 4071 1252 4141 cresconium,
1269 4089 1332 4146 cap.
1349 4073 1393 4128 49.
1409 4073 1472 4138 Qus
1486 4074 1522 4130 de
1536 4073 1719 4130 revidendus
1731 4072 1821 4129 etiam
1830 4072 1875 4129 Cl.

172 4159 332 4217 romanam
342 4159 558 4219 solemnitatem
573 4154 998 4219 nonmodollccl'esiacertha·
1053 4159 1229 4219 Mabillonus
1248 4162 1278 4218 in
1303 4165 1408 4220 annot.
1433 4162 1470 4218 ad
1496 4160 1618 4219 Mareuli
1641 4165 1717 4229 ecta,
1741 4166 1814 4219 tom.
1837 4162 1876 4219 ΙΙΙ

171 4247 324 4321 menam,
337 4249 390 4306 sed
405 4249 493 4307 edam
507 4253 640 4307 Romane
656 4247 746 4307 alteru
761 4249 797 4304 ab
813 4262 914 4306 eorum
929 4266 997 4323 pas·
1052 4252 1129 4306 Vett.
1145 4251 1306 4307 Analector.
1321 4253 1386 4308 tam
1401 4267 1467 4309 vero
1483 4251 1553 4325 quid
1569 4250 1648 4322 huie,
1673 4253 1723 4306 aut
1744 4249 1769 4307 si
1794 4251 1875 4322 quod

170 4335 844 4409 sionessuulocelebravit;quorumnomina
862 4338 892 4394 in
918 4337 996 4394 anti-
1051 4339 1188 4396 estaliud
1216 4339 1283 4396 buia
1311 4339 1419 4406 similo,
1448 4339 1669 4413 exemplorum
1694 4338 1875 4412 martyribus
1940 4388 1944 4395 .

171 4425 324 4496 quissimis
348 4426 539 4499 ecelesiarum
563 4424 673 4483 tabulis
701 4425 778 4483 inter
800 4425 994 4483 illustriorum
1050 4429 1159 4486 nostris
1175 4428 1273 4503 aliqua
1283 4447 1317 4486 ex
1327 4433 1409 4503 parte
1419 4429 1679 4497 communnione
1691 4443 1749 4484 nou
1760 4427 1876 4500 sequio-

172 4517 334 4587 martyrum
349 4516 470 4573 nomina
484 4521 670 4582 recensetum
698 4531 825 4588 quorum
854 4516 995 4573 memoria
1009 4539 1034 4607 D
1048 4519 1131 4575 ribus
1146 4518 1261 4576 saeculis
1274 4535 1326 4591 per
1341 4519 1429 4575 unius
1444 4522 1495 4576 aut
1509 4517 1629 4575 alterius
1644 4516 1877 4590 scriptorisosoi·

171 4617 239 4659 oum
254 4603 355 4675 paucis
370 4603 436 4662 aliis
449 4605 721 4679 insignioribusquo
736 4605 805 4662 item
818 4605 994 4678 martyribus
1048 4607 1174 4665 tantiam
1190 4609 1219 4664 in
1236 4608 1382 4682 privatum
1397 4606 1516 4680 aliquod
1531 4605 1772 4681 martyrologium
1800 4605 1875 4662 irre-

170 4689 302 4762 quotidie
317 4691 349 4748 in
364 4692 461 4750 misse
474 4709 585 4751 canone
597 4698 770 4764 renovatum
783 4710 857 4768 quos
867 4695 995 4768 denique
1048 4702 1181 4771 pserunt,
1197 4698 1247 4753 sed
1267 4696 1297 4752 in
1314 4696 1452 4769 publicis,
1466 4701 1494 4753 st
1505 4695 1722 4769 antiquissimis
1735 4693 1873 4752 ecclesiae

169 4794 335 4837 uouuuum
351 4782 541 4839 autslterum
568 4782 714 4856 privatum
739 4783 992 4857 martyrologium,
1047 4785 1168 4856 tabulis,
1184 4786 1213 4841 in
1229 4784 1354 4858 publicis
1369 4785 1438 4842 item
1462 4785 1609 4858 precibus,
1634 4789 1667 4840 ut
1692 4799 1792 4841 aarum
1819 4800 1873 4841 no·

168 4867 220 4924 sed
235 4869 337 4927 omnia
351 4871 420 4927 etin
432 4869 613 4929 diversarum
625 4869 815 4928 ecclesiarum
826 4889 992 4930 usumcon·
1047 4876 1129 4932 mina
1143 4875 1342 4943 recitarentur,
1359 4879 1387 4931 et
1402 4873 1517 4931 nullum
1537 4891 1596 4931 non
1621 4873 1749 4946 religiosi
1774 4871 1874 4930 uultus

167 4957 288 5015 sinuata
302 4958 413 5032 pariter
427 4958 585 5017 celebrant.
600 4963 667 5016 ileo
681 4960 761 5017 enim
776 4961 914 5019 omnialn
925 4979 992 5020 nos·
1046 4964 1260 5035 testimonium,
1272 4965 1334 5036 jam
1351 4963 1419 5019 inde
1434 4964 1471 5020 ab
1497 4963 1579 5020 initio
1605 4965 1766 5020 consecute
1791 4965 1873 5019 sunt.

167 5050 230 5106 tros
244 5052 388 5122 martyres
404 5049 493 5106 simul
509 5049 600 5107 luisse
613 5049 728 5117 collate,
741 5052 812 5108 satis
825 5052 889 5123 iam
914 5070 990 5126 pre·
1047 5053 1102 5111 Sed
1118 5051 1281 5122 videamus,
1297 5052 1405 5125 quibus
1420 5053 1583 5126 Basnagius
1609 5051 1793 5126 argumentis
1816 5050 1873 5107 hac

164 5137 239 5193 senti
254 5136 309 5194 boo
322 5137 419 5212 capite
433 5140 641 5197 demonstravi.
663 5141 716 5198 Sed
739 5144 894 5198 constantio
918 5159 991 5200 mur·
1046 5141 1199 5200 sanctioris
1214 5143 1298 5199 sames
1314 5145 1342 5197 et
1361 5142 1470 5213 publici
1495 5142 1592 5199 cultus
1618 5144 1759 5214 perpetuu
1781 5137 1873 5196 veluti

163 5228 461 5297 commemorarem
484 5231 637 5303 antiquitus
659 5232 772 5303 poturis
794 5233 890 5303 [neum
912 5234 987 5304 feeit.
1045 5231 1229 5306 possessione
1252 5236 1370 5288 sanctas
1394 5236 1537 5305 martyras
1561 5232 1718 5288 deturbare
1745 5233 1871 5286 conatus

162 5313 218 5369 Sed
235 5317 378 5387 numquid
394 5333 467 5390 pene
480 5320 593 5389 coevis,
611 5323 663 5376 aut
678 5320 857 5393 supparibus
867 5321 989 5394 scripto·
1043 5327 1107 5380 est:
1122 5321 1296 5395 gravissima
1311 5319 1389 5376 enim
1405 5337 1439 5377 ea
1454 5338 1519 5379 esse
1535 5325 1659 5395 oportet,
1676 5337 1739 5393 qus
1755 5319 1831 5374 hauc
1843 5316 1871 5374 ei

163 5400 244 5459 ribus
260 5404 606 5484 imponerepotuissent‘l
619 5409 713 5467 sedin
726 5410 770 5466 tie
783 5410 988 5481 loetiqoestio·
1043 5412 1079 5469 de
1099 5411 1207 5469 nostris
1231 5410 1311 5468 hisce
1336 5411 1525 5484 martyribus,
1549 5415 1616 5485 post
1638 5415 1681 5468 tot
1702 5409 1739 5466 ab
1762 5423 1867 5464 earum

210 5545 336 5635 mim·
354 5550 363 5602 ¹
380 5550 580 5633 ”iiiiii-⁰05
595 5542 719 5625 llll-2⁶·
1079 5554 1137 5628 (29)
1161 5556 1245 5628 Apud
1279 5551 1412 5611 Bollandi
1442 5555 1547 5625 socios,
1576 5559 1648 5614 tom.
1675 5569 1725 5624 vu,
1756 5550 1869 5610 mensis

208 5617 255 5689 28)
267 5618 352 5690 Apud
367 5619 517 5683 Mabrllon.
531 5629 603 5682 tom.
619 5641 648 5680 ιν
663 5624 717 5682 tet.
732 5623 853 5681 Anauon
1043 5626 1134 5685 iunii,
