<?xml version="1.0" encoding="UTF-8"?>
<!DOCTYPE html PUBLIC "-//W3C//DTD XHTML 1.0 Transitional//EN"
    "http://www.w3.org/TR/xhtml1/DTD/xhtml1-transitional.dtd">
<html xmlns="http://www.w3.org/1999/xhtml" xml:lang="en" lang="en">
 <head>
  <title>
</title>
<meta http-equiv="Content-Type" content="text/html;charset=utf-8" />
  <meta name='ocr-system' content='tesseract 3.04.00' />
  <meta name='ocr-capabilities' content='ocr_page ocr_carea ocr_par ocr_line ocrx_word'/>
</head>
<body>
  <div class='ocr_page' id='page_1' title='image "./patrologiaecurs23goog/patrologiaecurs23goog_0108.png"; bbox 0 0 3892 6104; ppageno 0'>
   <div class='ocr_carea' id='block_1_1' title="bbox 50 331 1759 406">
    <p class='ocr_par' dir='ltr' id='par_1_1' title="bbox 50 331 1759 406">
     <span class='ocr_line' id='line_1_1' title="bbox 50 331 1759 406; baseline 0.002 -10"><span class='ocrx_word' id='word_1_1' title='bbox 50 337 113 399; x_wconf 82' lang='lat' dir='ltr'><strong>loa</strong></span> <span class='ocrx_word' id='word_1_2' title='bbox 466 336 543 397; x_wconf 82' lang='lat' dir='ltr'><strong>PRO</strong></span> <span class='ocrx_word' id='word_1_3' title='bbox 564 335 620 397; x_wconf 85' lang='lat' dir='ltr'><strong>SS.</strong></span> <span class='ocrx_word' id='word_1_4' title='bbox 643 331 863 406; x_wconf 74' lang='lat' dir='ltr'>PERPETUA‚</span> <span class='ocrx_word' id='word_1_5' title='bbox 888 333 1119 395; x_wconf 69' lang='lat' dir='ltr'><strong>FELICITATE</strong></span> <span class='ocrx_word' id='word_1_6' title='bbox 1141 335 1191 396; x_wconf 77' lang='lat' dir='ltr'><strong>itt·</strong></span> <span class='ocrx_word' id='word_1_7' title='bbox 1213 335 1351 398; x_wconf 83' lang='lat' dir='ltr'><strong>suciis.</strong></span> <span class='ocrx_word' id='word_1_8' title='bbox 1700 340 1759 400; x_wconf 88' lang='lat' dir='ltr'><strong>llil</strong></span> 
     </span>
    </p>
   </div>
   <div class='ocr_carea' id='block_1_2' title="bbox 44 463 1776 5056">
    <p class='ocr_par' dir='ltr' id='par_1_2' title="bbox 44 463 1776 5056">
     <span class='ocr_line' id='line_1_2' title="bbox 48 463 1760 541; baseline 0.002 -19"><span class='ocrx_word' id='word_1_9' title='bbox 48 472 146 541; x_wconf 71' lang='lat' dir='ltr'><strong>petum</strong></span> <span class='ocrx_word' id='word_1_10' title='bbox 159 465 388 525; x_wconf 82' lang='lat' dir='ltr'><strong>revelationibus</strong></span> <span class='ocrx_word' id='word_1_11' title='bbox 400 466 571 524; x_wconf 85' lang='lat' dir='ltr'><strong>subodorati</strong></span> <span class='ocrx_word' id='word_1_12' title='bbox 587 471 656 524; x_wconf 90' lang='lat' dir='ltr'><strong>sunt</strong></span> <span class='ocrx_word' id='word_1_13' title='bbox 667 468 775 538; x_wconf 88' lang='lat' dir='ltr'><strong>quibus</strong></span> <span class='ocrx_word' id='word_1_14' title='bbox 790 466 876 522; x_wconf 92' lang='lat' dir='ltr'><strong>modo</strong></span> <span class='ocrx_word' id='word_1_15' title='bbox 891 465 919 533; x_wconf 73' lang='grc' dir='ltr'>Α</span> <span class='ocrx_word' id='word_1_16' title='bbox 934 463 1124 522; x_wconf 86' lang='lat' dir='ltr'><strong>christianam</strong></span> <span class='ocrx_word' id='word_1_17' title='bbox 1141 465 1311 538; x_wconf 79' lang='lat' dir='ltr'><strong>religionem</strong></span> <span class='ocrx_word' id='word_1_18' title='bbox 1326 465 1453 523; x_wconf 90' lang='lat' dir='ltr'><strong>ludibrio</strong></span> <span class='ocrx_word' id='word_1_19' title='bbox 1478 466 1596 538; x_wconf 85' lang='lat' dir='ltr'><strong>hahent,</strong></span> <span class='ocrx_word' id='word_1_20' title='bbox 1623 474 1674 525; x_wconf 90' lang='lat' dir='ltr'><strong>aut</strong></span> <span class='ocrx_word' id='word_1_21' title='bbox 1696 470 1760 527; x_wconf 89' lang='lat' dir='ltr'><strong>nul·</strong></span> 
     </span>
     <span class='ocr_line' id='line_1_3' title="bbox 49 552 1760 629; baseline 0.001 -14"><span class='ocrx_word' id='word_1_22' title='bbox 49 556 184 629; x_wconf 71' lang='lat' dir='ltr'><strong>suspicio</strong></span> <span class='ocrx_word' id='word_1_23' title='bbox 206 554 481 628; x_wconf 86' lang='lat' dir='ltr'><strong>imprudentissime</strong></span> <span class='ocrx_word' id='word_1_24' title='bbox 513 556 688 629; x_wconf 77' lang='lat' dir='ltr'><strong>aspergitur.</strong></span> <span class='ocrx_word' id='word_1_25' title='bbox 711 555 774 613; x_wconf 89' lang='lat' dir='ltr'><strong>Non</strong></span> <span class='ocrx_word' id='word_1_26' title='bbox 798 559 881 612; x_wconf 89' lang='lat' dir='ltr'><strong>erant</strong></span> <span class='ocrx_word' id='word_1_27' title='bbox 935 552 993 608; x_wconf 91' lang='lat' dir='ltr'><strong>lam</strong></span> <span class='ocrx_word' id='word_1_28' title='bbox 1009 555 1126 627; x_wconf 87' lang='lat' dir='ltr'><strong>penitus</strong></span> <span class='ocrx_word' id='word_1_29' title='bbox 1142 555 1311 629; x_wconf 80' lang='lat' dir='ltr'><strong>religionem</strong></span> <span class='ocrx_word' id='word_1_30' title='bbox 1326 554 1435 613; x_wconf 92' lang='lat' dir='ltr'><strong>colunt.</strong></span> <span class='ocrx_word' id='word_1_31' title='bbox 1458 557 1520 613; x_wconf 91' lang='lat' dir='ltr'><strong>Non</strong></span> <span class='ocrx_word' id='word_1_32' title='bbox 1536 562 1692 614; x_wconf 87' lang='lat' dir='ltr'><strong>esttamen</strong></span> <span class='ocrx_word' id='word_1_33' title='bbox 1708 575 1760 616; x_wconf 91' lang='lat' dir='ltr'><strong>eur</strong></span> 
     </span>
     <span class='ocr_line' id='line_1_4' title="bbox 51 642 1759 717; baseline 0.001 -16"><span class='ocrx_word' id='word_1_34' title='bbox 51 647 155 702; x_wconf 76' lang='lat' dir='ltr'><strong>Patres</strong></span> <span class='ocrx_word' id='word_1_35' title='bbox 170 644 201 700; x_wconf 92' lang='lat' dir='ltr'><strong>in</strong></span> <span class='ocrx_word' id='word_1_36' title='bbox 222 645 312 700; x_wconf 88' lang='lat' dir='ltr'><strong>rebus</strong></span> <span class='ocrx_word' id='word_1_37' title='bbox 339 642 409 700; x_wconf 88' lang='lat' dir='ltr'><strong>fidei</strong></span> <span class='ocrx_word' id='word_1_38' title='bbox 437 642 652 701; x_wconf 87' lang='lat' dir='ltr'><strong>subodorandis</strong></span> <span class='ocrx_word' id='word_1_39' title='bbox 680 645 753 701; x_wconf 88' lang='lat' dir='ltr'><strong>adeo</strong></span> <span class='ocrx_word' id='word_1_40' title='bbox 784 642 881 699; x_wconf 92' lang='lat' dir='ltr'><strong>obesis</strong></span> <span class='ocrx_word' id='word_1_41' title='bbox 934 658 1013 698; x_wconf 89' lang='lat' dir='ltr'><strong>ame</strong></span> <span class='ocrx_word' id='word_1_42' title='bbox 1036 642 1143 716; x_wconf 90' lang='lat' dir='ltr'><strong>aliquis</strong></span> <span class='ocrx_word' id='word_1_43' title='bbox 1157 647 1305 717; x_wconf 85' lang='lat' dir='ltr'><strong>exspectet</strong></span> <span class='ocrx_word' id='word_1_44' title='bbox 1317 648 1350 701; x_wconf 89' lang='lat' dir='ltr'><strong>ut</strong></span> <span class='ocrx_word' id='word_1_45' title='bbox 1362 645 1529 702; x_wconf 88' lang='lat' dir='ltr'><strong>omniabuc</strong></span> <span class='ocrx_word' id='word_1_46' title='bbox 1543 646 1690 703; x_wconf 78' lang='lat' dir='ltr'><strong>conferam</strong></span> <span class='ocrx_word' id='word_1_47' title='bbox 1705 664 1759 703; x_wconf 86' lang='lat' dir='ltr'><strong>cm-</strong></span> 
     </span>
     <span class='ocr_line' id='line_1_5' title="bbox 52 727 1755 806; baseline 0.002 -17"><span class='ocrx_word' id='word_1_48' title='bbox 52 731 188 802; x_wconf 85' lang='lat' dir='ltr'><strong>nsribus,</strong></span> <span class='ocrx_word' id='word_1_49' title='bbox 209 738 244 788; x_wconf 92' lang='lat' dir='ltr'><strong>ut</strong></span> <span class='ocrx_word' id='word_1_50' title='bbox 258 747 317 788; x_wconf 91' lang='lat' dir='ltr'><strong>non</strong></span> <span class='ocrx_word' id='word_1_51' title='bbox 332 731 431 788; x_wconf 85' lang='lat' dir='ltr'><strong>statim</strong></span> <span class='ocrx_word' id='word_1_52' title='bbox 446 732 556 789; x_wconf 91' lang='lat' dir='ltr'><strong>honam</strong></span> <span class='ocrx_word' id='word_1_53' title='bbox 583 731 691 789; x_wconf 86' lang='lat' dir='ltr'><strong>Christi</strong></span> <span class='ocrx_word' id='word_1_54' title='bbox 706 733 836 798; x_wconf 89' lang='lat' dir='ltr'><strong>odorem,</strong></span> <span class='ocrx_word' id='word_1_55' title='bbox 853 733 881 786; x_wconf 90' lang='lat' dir='ltr'><strong>et</strong></span> <span class='ocrx_word' id='word_1_56' title='bbox 934 727 1052 787; x_wconf 89' lang='lat' dir='ltr'><strong>leatium</strong></span> <span class='ocrx_word' id='word_1_57' title='bbox 1081 731 1240 798; x_wconf 88' lang='lat' dir='ltr'><strong>visionum,</strong></span> <span class='ocrx_word' id='word_1_58' title='bbox 1271 732 1506 806; x_wconf 88' lang='lat' dir='ltr'><strong>propheticarum</strong></span> <span class='ocrx_word' id='word_1_59' title='bbox 1534 733 1755 805; x_wconf 78' lang='lat' dir='ltr'><strong>revelationum,</strong></span> 
     </span>
     <span class='ocr_line' id='line_1_6' title="bbox 51 817 1756 896; baseline 0.001 -18"><span class='ocrx_word' id='word_1_60' title='bbox 51 819 219 878; x_wconf 74' lang='lat' dir='ltr'><strong>celeseum</strong></span> <span class='ocrx_word' id='word_1_61' title='bbox 234 820 448 878; x_wconf 75' lang='lat' dir='ltr'><strong>charismatum</strong></span> <span class='ocrx_word' id='word_1_62' title='bbox 464 819 655 894; x_wconf 76' lang='lat' dir='ltr'><strong>fragrantiam</strong></span> <span class='ocrx_word' id='word_1_63' title='bbox 677 820 713 878; x_wconf 90' lang='lat' dir='ltr'><strong>ab</strong></span> <span class='ocrx_word' id='word_1_64' title='bbox 729 819 879 878; x_wconf 81' lang='lat' dir='ltr'><strong>heretica·</strong></span> <span class='ocrx_word' id='word_1_65' title='bbox 934 817 1119 892; x_wconf 85' lang='lat' dir='ltr'><strong>aliorumque</strong></span> <span class='ocrx_word' id='word_1_66' title='bbox 1131 821 1298 877; x_wconf 91' lang='lat' dir='ltr'><strong>divinorum</strong></span> <span class='ocrx_word' id='word_1_67' title='bbox 1319 821 1529 878; x_wconf 79' lang='lat' dir='ltr'><strong>charismatum</strong></span> <span class='ocrx_word' id='word_1_68' title='bbox 1544 824 1677 896; x_wconf 90' lang='lat' dir='ltr'><strong>exempla</strong></span> <span class='ocrx_word' id='word_1_69' title='bbox 1691 824 1756 896; x_wconf 93' lang='lat' dir='ltr'><strong>qui·</strong></span> 
     </span>
     <span class='ocr_line' id='line_1_7' title="bbox 51 906 1756 983; baseline 0.001 -16"><span class='ocrx_word' id='word_1_70' title='bbox 51 926 115 967; x_wconf 78' lang='lat' dir='ltr'><strong>mm</strong></span> <span class='ocrx_word' id='word_1_71' title='bbox 130 909 302 967; x_wconf 77' lang='lat' dir='ltr'><strong>tabularum</strong></span> <span class='ocrx_word' id='word_1_72' title='bbox 318 907 554 982; x_wconf 85' lang='lat' dir='ltr'><strong>ineptiarumque</strong></span> <span class='ocrx_word' id='word_1_73' title='bbox 565 909 666 967; x_wconf 84' lang='lat' dir='ltr'><strong>loetore</strong></span> <span class='ocrx_word' id='word_1_74' title='bbox 682 909 881 966; x_wconf 88' lang='lat' dir='ltr'><strong>discernerent</strong></span> <span class='ocrx_word' id='word_1_75' title='bbox 934 906 990 964; x_wconf 91' lang='lat' dir='ltr'><strong>bus</strong></span> <span class='ocrx_word' id='word_1_76' title='bbox 1005 907 1134 966; x_wconf 82' lang='lat' dir='ltr'><strong>Moclesia</strong></span> <span class='ocrx_word' id='word_1_77' title='bbox 1149 908 1311 982; x_wconf 90' lang='lat' dir='ltr'><strong>plurimum</strong></span> <span class='ocrx_word' id='word_1_78' title='bbox 1323 908 1378 965; x_wconf 88' lang='lat' dir='ltr'><strong>init</strong></span> <span class='ocrx_word' id='word_1_79' title='bbox 1392 909 1489 966; x_wconf 90' lang='lat' dir='ltr'><strong>tribus</strong></span> <span class='ocrx_word' id='word_1_80' title='bbox 1504 910 1650 983; x_wconf 81' lang='lat' dir='ltr'><strong>prioribus</strong></span> <span class='ocrx_word' id='word_1_81' title='bbox 1666 928 1756 968; x_wconf 83' lang='lat' dir='ltr'><strong>secu·</strong></span> 
     </span>
     <span class='ocr_line' id='line_1_8' title="bbox 49 993 1756 1071; baseline 0 -15"><span class='ocrx_word' id='word_1_82' title='bbox 49 998 111 1056; x_wconf 79' lang='lat' dir='ltr'><strong>lton</strong></span> <span class='ocrx_word' id='word_1_83' title='bbox 127 998 221 1056; x_wconf 88' lang='lat' dir='ltr'><strong>modo</strong></span> <span class='ocrx_word' id='word_1_84' title='bbox 237 995 340 1054; x_wconf 90' lang='lat' dir='ltr'><strong>nullus</strong></span> <span class='ocrx_word' id='word_1_85' title='bbox 355 996 469 1054; x_wconf 89' lang='lat' dir='ltr'><strong>ostendi</strong></span> <span class='ocrx_word' id='word_1_86' title='bbox 479 1001 575 1070; x_wconf 89' lang='lat' dir='ltr'><strong>potest</strong></span> <span class='ocrx_word' id='word_1_87' title='bbox 585 997 740 1055; x_wconf 79' lang='lat' dir='ltr'><strong>hereticus</strong></span> <span class='ocrx_word' id='word_1_88' title='bbox 756 1000 879 1070; x_wconf 82' lang='lat' dir='ltr'><strong>martyr,</strong></span> <span class='ocrx_word' id='word_1_89' title='bbox 934 993 972 1052; x_wconf 92' lang='lat' dir='ltr'><strong>lis</strong></span> <span class='ocrx_word' id='word_1_90' title='bbox 985 994 1143 1054; x_wconf 89' lang='lat' dir='ltr'><strong>illustrata.</strong></span> <span class='ocrx_word' id='word_1_91' title='bbox 1160 1000 1334 1070; x_wconf 83' lang='lat' dir='ltr'><strong>Quanquam</strong></span> <span class='ocrx_word' id='word_1_92' title='bbox 1349 998 1428 1055; x_wconf 91' lang='lat' dir='ltr'><strong>enim</strong></span> <span class='ocrx_word' id='word_1_93' title='bbox 1441 998 1470 1055; x_wconf 90' lang='lat' dir='ltr'><strong>id</strong></span> <span class='ocrx_word' id='word_1_94' title='bbox 1495 999 1623 1055; x_wconf 88' lang='lat' dir='ltr'><strong>multum</strong></span> <span class='ocrx_word' id='word_1_95' title='bbox 1638 1001 1756 1071; x_wconf 80' lang='lat' dir='ltr'><strong>juvaret</strong></span> 
     </span>
     <span class='ocr_line' id='line_1_9' title="bbox 50 1083 1757 1162; baseline 0 -17"><span class='ocrx_word' id='word_1_96' title='bbox 50 1103 137 1162; x_wconf 88' lang='lat' dir='ltr'><strong>qnam</strong></span> <span class='ocrx_word' id='word_1_97' title='bbox 154 1103 211 1161; x_wconf 91' lang='lat' dir='ltr'><strong>pro</strong></span> <span class='ocrx_word' id='word_1_98' title='bbox 237 1085 382 1143; x_wconf 88' lang='lat' dir='ltr'><strong>catholice</strong></span> <span class='ocrx_word' id='word_1_99' title='bbox 409 1089 510 1143; x_wconf 86' lang='lat' dir='ltr'><strong>Patres</strong></span> <span class='ocrx_word' id='word_1_100' title='bbox 535 1085 690 1156; x_wconf 90' lang='lat' dir='ltr'><strong>coluerint,</strong></span> <span class='ocrx_word' id='word_1_101' title='bbox 717 1087 769 1144; x_wconf 92' lang='lat' dir='ltr'><strong>sed</strong></span> <span class='ocrx_word' id='word_1_102' title='bbox 785 1101 880 1160; x_wconf 92' lang='lat' dir='ltr'><strong>neque</strong></span> <span class='ocrx_word' id='word_1_103' title='bbox 934 1086 968 1140; x_wconf 90' lang='lat' dir='ltr'><strong>nt</strong></span> <span class='ocrx_word' id='word_1_104' title='bbox 984 1083 1227 1158; x_wconf 83' lang='lat' dir='ltr'><strong>intelligeremus,</strong></span> <span class='ocrx_word' id='word_1_105' title='bbox 1251 1086 1329 1142; x_wconf 91' lang='lat' dir='ltr'><strong>unde</strong></span> <span class='ocrx_word' id='word_1_106' title='bbox 1353 1088 1503 1159; x_wconf 68' lang='lat' dir='ltr'><strong>Perpetuus</strong></span> <span class='ocrx_word' id='word_1_107' title='bbox 1526 1087 1658 1143; x_wconf 89' lang='lat' dir='ltr'><strong>animum</strong></span> <span class='ocrx_word' id='word_1_108' title='bbox 1674 1091 1757 1145; x_wconf 86' lang='lat' dir='ltr'><strong>tanta</strong></span> 
     </span>
     <span class='ocr_line' id='line_1_10' title="bbox 47 1171 1756 1248; baseline 0 -15"><span class='ocrx_word' id='word_1_109' title='bbox 47 1175 136 1234; x_wconf 63' lang='lat' dir='ltr'><strong>Mam</strong></span> <span class='ocrx_word' id='word_1_110' title='bbox 151 1174 216 1231; x_wconf 89' lang='lat' dir='ltr'><strong>ulla</strong></span> <span class='ocrx_word' id='word_1_111' title='bbox 232 1173 445 1231; x_wconf 89' lang='lat' dir='ltr'><strong>catholicorum</strong></span> <span class='ocrx_word' id='word_1_112' title='bbox 467 1178 629 1247; x_wconf 88' lang='lat' dir='ltr'><strong>martyrum</strong></span> <span class='ocrx_word' id='word_1_113' title='bbox 656 1179 722 1232; x_wconf 86' lang='lat' dir='ltr'><strong>acta</strong></span> <span class='ocrx_word' id='word_1_114' title='bbox 736 1171 880 1232; x_wconf 77' lang='lat' dir='ltr'><strong>hereticis</strong></span> <span class='ocrx_word' id='word_1_115' title='bbox 933 1171 1041 1231; x_wconf 82' lang='lat' dir='ltr'><strong>fiducia</strong></span> <span class='ocrx_word' id='word_1_116' title='bbox 1056 1175 1208 1232; x_wconf 85' lang='lat' dir='ltr'><strong>incesserit</strong></span> <span class='ocrx_word' id='word_1_117' title='bbox 1222 1175 1269 1248; x_wconf 92' lang='lat' dir='ltr'><strong>(ex</strong></span> <span class='ocrx_word' id='word_1_118' title='bbox 1283 1191 1401 1232; x_wconf 86' lang='lat' dir='ltr'><strong>summa</strong></span> <span class='ocrx_word' id='word_1_119' title='bbox 1419 1173 1553 1232; x_wconf 88' lang='lat' dir='ltr'><strong>videlicet</strong></span> <span class='ocrx_word' id='word_1_120' title='bbox 1567 1191 1619 1248; x_wconf 90' lang='lat' dir='ltr'><strong>per</strong></span> <span class='ocrx_word' id='word_1_121' title='bbox 1633 1191 1668 1232; x_wconf 85' lang='lat' dir='ltr'><strong>ea</strong></span> <span class='ocrx_word' id='word_1_122' title='bbox 1681 1181 1756 1233; x_wconf 89' lang='lat' dir='ltr'><strong>tem·</strong></span> 
     </span>
     <span class='ocr_line' id='line_1_11' title="bbox 47 1263 1758 1345; baseline 0 -23"><span class='ocrx_word' id='word_1_123' title='bbox 47 1264 156 1322; x_wconf 80' lang='lat' dir='ltr'><strong>tabulis</strong></span> <span class='ocrx_word' id='word_1_124' title='bbox 173 1263 340 1336; x_wconf 87' lang='lat' dir='ltr'><strong>inquinate,</strong></span> <span class='ocrx_word' id='word_1_125' title='bbox 356 1278 481 1336; x_wconf 90' lang='lat' dir='ltr'><strong>quorum</strong></span> <span class='ocrx_word' id='word_1_126' title='bbox 497 1264 533 1318; x_wconf 92' lang='lat' dir='ltr'><strong>ad</strong></span> <span class='ocrx_word' id='word_1_127' title='bbox 563 1263 695 1345; x_wconf 82' lang='lat' dir='ltr'><strong>fidelium</strong></span> <span class='ocrx_word' id='word_1_128' title='bbox 710 1264 880 1321; x_wconf 76' lang='lat' dir='ltr'><strong>noiltcatio-</strong></span> <span class='ocrx_word' id='word_1_129' title='bbox 934 1277 1006 1335; x_wconf 91' lang='lat' dir='ltr'><strong>pora</strong></span> <span class='ocrx_word' id='word_1_130' title='bbox 1020 1263 1180 1320; x_wconf 71' lang='lat' dir='ltr'><strong>coelestium</strong></span> <span class='ocrx_word' id='word_1_131' title='bbox 1196 1264 1340 1320; x_wconf 90' lang='lat' dir='ltr'><strong>donorum</strong></span> <span class='ocrx_word' id='word_1_132' title='bbox 1356 1263 1498 1332; x_wconf 91' lang='lat' dir='ltr'><strong>ubertate,</strong></span> <span class='ocrx_word' id='word_1_133' title='bbox 1523 1268 1551 1320; x_wconf 92' lang='lat' dir='ltr'><strong>et</strong></span> <span class='ocrx_word' id='word_1_134' title='bbox 1566 1280 1640 1336; x_wconf 92' lang='lat' dir='ltr'><strong>pene</strong></span> <span class='ocrx_word' id='word_1_135' title='bbox 1663 1267 1758 1337; x_wconf 89' lang='lat' dir='ltr'><strong>quoti·</strong></span> 
     </span>
     <span class='ocr_line' id='line_1_12' title="bbox 44 1350 1757 1427; baseline -0.001 -15"><span class='ocrx_word' id='word_1_136' title='bbox 44 1369 112 1412; x_wconf 87' lang='lat' dir='ltr'><strong>nem</strong></span> <span class='ocrx_word' id='word_1_137' title='bbox 127 1350 325 1427; x_wconf 79' lang='lat' dir='ltr'><strong>publicamin</strong></span> <span class='ocrx_word' id='word_1_138' title='bbox 341 1350 470 1408; x_wconf 84' lang='lat' dir='ltr'><strong>Ecclesia</strong></span> <span class='ocrx_word' id='word_1_139' title='bbox 480 1351 633 1409; x_wconf 90' lang='lat' dir='ltr'><strong>lectionem</strong></span> <span class='ocrx_word' id='word_1_140' title='bbox 650 1368 714 1410; x_wconf 90' lang='lat' dir='ltr'><strong>esse</strong></span> <span class='ocrx_word' id='word_1_141' title='bbox 724 1352 879 1410; x_wconf 90' lang='lat' dir='ltr'><strong>voluerint.</strong></span> <span class='ocrx_word' id='word_1_142' title='bbox 934 1350 1023 1408; x_wconf 91' lang='lat' dir='ltr'><strong>diano</strong></span> <span class='ocrx_word' id='word_1_143' title='bbox 1038 1359 1067 1409; x_wconf 86' lang='lat' dir='ltr'><strong>et</strong></span> <span class='ocrx_word' id='word_1_144' title='bbox 1082 1353 1280 1421; x_wconf 69' lang='lat' dir='ltr'><strong>communiae</strong></span> <span class='ocrx_word' id='word_1_145' title='bbox 1293 1352 1447 1425; x_wconf 87' lang='lat' dir='ltr'><strong>quibusvis</strong></span> <span class='ocrx_word' id='word_1_146' title='bbox 1458 1351 1551 1423; x_wconf 88' lang='lat' dir='ltr'><strong>justis</strong></span> <span class='ocrx_word' id='word_1_147' title='bbox 1565 1354 1696 1426; x_wconf 89' lang='lat' dir='ltr'><strong>exposito</strong></span> <span class='ocrx_word' id='word_1_148' title='bbox 1712 1354 1757 1411; x_wconf 92' lang='lat' dir='ltr'><strong>di·</strong></span> 
     </span>
     <span class='ocr_line' id='line_1_13' title="bbox 47 1439 1759 1516; baseline 0 -15"><span class='ocrx_word' id='word_1_149' title='bbox 47 1441 172 1502; x_wconf 79' lang='lat' dir='ltr'><strong>tithoni</strong></span> <span class='ocrx_word' id='word_1_150' title='bbox 187 1445 323 1516; x_wconf 88' lang='lat' dir='ltr'><strong>pastores</strong></span> <span class='ocrx_word' id='word_1_151' title='bbox 338 1439 456 1497; x_wconf 86' lang='lat' dir='ltr'><strong>solliciti</strong></span> <span class='ocrx_word' id='word_1_152' title='bbox 471 1440 736 1510; x_wconf 86' lang='lat' dir='ltr'><strong>admodumerant,</strong></span> <span class='ocrx_word' id='word_1_153' title='bbox 752 1446 879 1499; x_wconf 82' lang='lat' dir='ltr'><strong>utana·</strong></span> <span class='ocrx_word' id='word_1_154' title='bbox 927 1439 1070 1497; x_wconf 83' lang='lat' dir='ltr'><strong>vlnerum</strong></span> <span class='ocrx_word' id='word_1_155' title='bbox 1086 1441 1297 1498; x_wconf 90' lang='lat' dir='ltr'><strong>charismatum</strong></span> <span class='ocrx_word' id='word_1_156' title='bbox 1327 1441 1405 1512; x_wconf 84' lang='lat' dir='ltr'><strong>usu),</strong></span> <span class='ocrx_word' id='word_1_157' title='bbox 1434 1445 1565 1497; x_wconf 89' lang='lat' dir='ltr'><strong>attamen</strong></span> <span class='ocrx_word' id='word_1_158' title='bbox 1594 1442 1662 1513; x_wconf 90' lang='lat' dir='ltr'><strong>quia</strong></span> <span class='ocrx_word' id='word_1_159' title='bbox 1685 1443 1759 1501; x_wconf 87' lang='lat' dir='ltr'><strong>bene</strong></span> 
     </span>
     <span class='ocr_line' id='line_1_14' title="bbox 50 1527 1758 1604; baseline 0 -16"><span class='ocrx_word' id='word_1_160' title='bbox 50 1531 108 1588; x_wconf 84' lang='lat' dir='ltr'><strong>xiia</strong></span> <span class='ocrx_word' id='word_1_161' title='bbox 121 1535 214 1603; x_wconf 82' lang='lat' dir='ltr'><strong>atque</strong></span> <span class='ocrx_word' id='word_1_162' title='bbox 228 1528 386 1603; x_wconf 87' lang='lat' dir='ltr'><strong>inutilibus</strong></span> <span class='ocrx_word' id='word_1_163' title='bbox 401 1529 500 1587; x_wconf 87' lang='lat' dir='ltr'><strong>herbis</strong></span> <span class='ocrx_word' id='word_1_164' title='bbox 515 1546 583 1587; x_wconf 90' lang='lat' dir='ltr'><strong>oves</strong></span> <span class='ocrx_word' id='word_1_165' title='bbox 598 1534 758 1588; x_wconf 89' lang='lat' dir='ltr'><strong>averterent</strong></span> <span class='ocrx_word' id='word_1_166' title='bbox 786 1548 856 1589; x_wconf 89' lang='lat' dir='ltr'><strong>suas</strong></span> <span class='ocrx_word' id='word_1_167' title='bbox 872 1548 880 1589; x_wconf 91' lang='lat'>:</span> <span class='ocrx_word' id='word_1_168' title='bbox 934 1527 1053 1602; x_wconf 90' lang='lat' dir='ltr'><strong>longam</strong></span> <span class='ocrx_word' id='word_1_169' title='bbox 1068 1529 1273 1602; x_wconf 79' lang='lat' dir='ltr'><strong>eruditumque</strong></span> <span class='ocrx_word' id='word_1_170' title='bbox 1288 1529 1321 1585; x_wconf 86' lang='lat' dir='ltr'><strong>de</strong></span> <span class='ocrx_word' id='word_1_171' title='bbox 1348 1530 1504 1586; x_wconf 74' lang='lat' dir='ltr'><strong>l&#39;s&#39;sicnibus</strong></span> <span class='ocrx_word' id='word_1_172' title='bbox 1532 1531 1569 1586; x_wconf 91' lang='lat' dir='ltr'><strong>ad</strong></span> <span class='ocrx_word' id='word_1_173' title='bbox 1598 1530 1758 1604; x_wconf 73' lang='lat' dir='ltr'><strong>Epistulam</strong></span> 
     </span>
     <span class='ocr_line' id='line_1_15' title="bbox 52 1616 1760 1692; baseline 0.001 -16"><span class='ocrx_word' id='word_1_174' title='bbox 52 1634 154 1692; x_wconf 69' lang='lat' dir='ltr'><strong>neqm</strong></span> <span class='ocrx_word' id='word_1_175' title='bbox 168 1617 316 1674; x_wconf 87' lang='lat' dir='ltr'><strong>credimus</strong></span> <span class='ocrx_word' id='word_1_176' title='bbox 332 1616 465 1674; x_wconf 80' lang='lat' dir='ltr'><strong>fraudem</strong></span> <span class='ocrx_word' id='word_1_177' title='bbox 480 1617 553 1674; x_wconf 93' lang='lat' dir='ltr'><strong>nulli</strong></span> <span class='ocrx_word' id='word_1_178' title='bbox 572 1635 624 1690; x_wconf 93' lang='lat' dir='ltr'><strong>per</strong></span> <span class='ocrx_word' id='word_1_179' title='bbox 639 1622 682 1675; x_wconf 87' lang='lat' dir='ltr'><strong>iot</strong></span> <span class='ocrx_word' id='word_1_180' title='bbox 697 1619 803 1676; x_wconf 77' lang='lat' dir='ltr'><strong>secula</strong></span> <span class='ocrx_word' id='word_1_181' title='bbox 818 1620 881 1677; x_wconf 90' lang='lat' dir='ltr'><strong>ani·</strong></span> <span class='ocrx_word' id='word_1_182' title='bbox 935 1634 986 1673; x_wconf 87' lang='lat' dir='ltr'><strong>vrn</strong></span> <span class='ocrx_word' id='word_1_183' title='bbox 1000 1617 1136 1690; x_wconf 84' lang='lat' dir='ltr'><strong>Cypriani</strong></span> <span class='ocrx_word' id='word_1_184' title='bbox 1152 1617 1387 1675; x_wconf 86' lang='lat' dir='ltr'><strong>dissertationem</strong></span> <span class='ocrx_word' id='word_1_185' title='bbox 1417 1617 1661 1675; x_wconf 86' lang='lat' dir='ltr'><strong>texuitlienrieus</strong></span> <span class='ocrx_word' id='word_1_186' title='bbox 1683 1619 1760 1677; x_wconf 86' lang='lat' dir='ltr'><strong>Dod-</strong></span> 
     </span>
     <span class='ocr_line' id='line_1_16' title="bbox 54 1705 1758 1782; baseline 0.001 -18"><span class='ocrx_word' id='word_1_187' title='bbox 54 1708 256 1772; x_wconf 81' lang='lat' dir='ltr'><strong>madversam,</strong></span> <span class='ocrx_word' id='word_1_188' title='bbox 277 1722 355 1762; x_wconf 91' lang='lat' dir='ltr'><strong>nuno</strong></span> <span class='ocrx_word' id='word_1_189' title='bbox 383 1706 502 1763; x_wconf 86' lang='lat' dir='ltr'><strong>tandem</strong></span> <span class='ocrx_word' id='word_1_190' title='bbox 530 1707 675 1782; x_wconf 86' lang='lat' dir='ltr'><strong>Basnagic</strong></span> <span class='ocrx_word' id='word_1_191' title='bbox 702 1707 881 1766; x_wconf 86' lang='lat' dir='ltr'><strong>suboluisse.</strong></span> <span class='ocrx_word' id='word_1_192' title='bbox 935 1705 1131 1776; x_wconf 87' lang='lat' dir='ltr'><strong>wellue,inter</strong></span> <span class='ocrx_word' id='word_1_193' title='bbox 1146 1707 1340 1763; x_wconf 88' lang='lat' dir='ltr'><strong>Prctcstantes</strong></span> <span class='ocrx_word' id='word_1_194' title='bbox 1352 1722 1409 1762; x_wconf 92' lang='lat' dir='ltr'><strong>non</strong></span> <span class='ocrx_word' id='word_1_195' title='bbox 1422 1705 1517 1762; x_wconf 85' lang='lat' dir='ltr'><strong>intimi</strong></span> <span class='ocrx_word' id='word_1_196' title='bbox 1527 1706 1661 1763; x_wconf 86' lang='lat' dir='ltr'><strong>subsellii</strong></span> <span class='ocrx_word' id='word_1_197' title='bbox 1675 1707 1758 1765; x_wconf 90' lang='lat' dir='ltr'><strong>theo·</strong></span> 
     </span>
     <span class='ocr_line' id='line_1_17' title="bbox 53 1793 1758 1892; baseline 0.002 -40"><span class='ocrx_word' id='word_1_198' title='bbox 53 1795 233 1853; x_wconf 74' lang='lat' dir='ltr'><strong>Enitendum</strong></span> <span class='ocrx_word' id='word_1_199' title='bbox 243 1798 287 1850; x_wconf 88' lang='lat' dir='ltr'><strong>est</strong></span> <span class='ocrx_word' id='word_1_200' title='bbox 302 1794 403 1868; x_wconf 90' lang='lat' dir='ltr'><strong>igitur,</strong></span> <span class='ocrx_word' id='word_1_201' title='bbox 420 1800 452 1851; x_wconf 93' lang='lat' dir='ltr'><strong>ut</strong></span> <span class='ocrx_word' id='word_1_202' title='bbox 466 1794 590 1868; x_wconf 86' lang='lat' dir='ltr'><strong>injectas</strong></span> <span class='ocrx_word' id='word_1_203' title='bbox 611 1796 742 1870; x_wconf 90' lang='lat' dir='ltr'><strong>antiquis</strong></span> <span class='ocrx_word' id='word_1_204' title='bbox 757 1796 838 1855; x_wconf 92' lang='lat' dir='ltr'><strong>bisce</strong></span> <span class='ocrx_word' id='word_1_205' title='bbox 853 1801 881 1854; x_wconf 90' lang='lat' dir='ltr'><strong>et</strong></span> <span class='ocrx_word' id='word_1_206' title='bbox 896 1827 921 1892; x_wconf 75' lang='lat' dir='ltr'>B</span> <span class='ocrx_word' id='word_1_207' title='bbox 936 1793 1032 1867; x_wconf 90' lang='lat' dir='ltr'><strong>lngus,</strong></span> <span class='ocrx_word' id='word_1_208' title='bbox 1048 1795 1077 1850; x_wconf 91' lang='lat' dir='ltr'><strong>in</strong></span> <span class='ocrx_word' id='word_1_209' title='bbox 1092 1812 1150 1867; x_wconf 86' lang='lat' dir='ltr'><strong>qua</strong></span> <span class='ocrx_word' id='word_1_210' title='bbox 1164 1798 1295 1851; x_wconf 85' lang='lat' dir='ltr'><strong>veterum</strong></span> <span class='ocrx_word' id='word_1_211' title='bbox 1325 1799 1456 1864; x_wconf 82' lang='lat' dir='ltr'><strong>Petrum,</strong></span> <span class='ocrx_word' id='word_1_212' title='bbox 1488 1794 1571 1850; x_wconf 90' lang='lat' dir='ltr'><strong>initio</strong></span> <span class='ocrx_word' id='word_1_213' title='bbox 1587 1800 1705 1869; x_wconf 89' lang='lat' dir='ltr'><strong>sumpte</strong></span> <span class='ocrx_word' id='word_1_214' title='bbox 1721 1798 1758 1855; x_wconf 94' lang='lat' dir='ltr'><strong>ab</strong></span> 
     </span>
     <span class='ocr_line' id='line_1_18' title="bbox 53 1881 1758 1958; baseline 0 -16"><span class='ocrx_word' id='word_1_215' title='bbox 53 1884 185 1958; x_wconf 82' lang='lat' dir='ltr'><strong>probatis</strong></span> <span class='ocrx_word' id='word_1_216' title='bbox 198 1887 332 1940; x_wconf 89' lang='lat' dir='ltr'><strong>veterum</strong></span> <span class='ocrx_word' id='word_1_217' title='bbox 347 1882 468 1941; x_wconf 87' lang='lat' dir='ltr'><strong>Petrum</strong></span> <span class='ocrx_word' id='word_1_218' title='bbox 483 1884 596 1943; x_wconf 89' lang='lat' dir='ltr'><strong>calculo</strong></span> <span class='ocrx_word' id='word_1_219' title='bbox 606 1886 806 1944; x_wconf 91' lang='lat' dir='ltr'><strong>monumentis</strong></span> <span class='ocrx_word' id='word_1_220' title='bbox 821 1886 881 1942; x_wconf 82' lang='lat' dir='ltr'><strong>be·</strong></span> <span class='ocrx_word' id='word_1_221' title='bbox 936 1881 1103 1955; x_wconf 89' lang='lat' dir='ltr'><strong>apostolicis</strong></span> <span class='ocrx_word' id='word_1_222' title='bbox 1132 1884 1168 1939; x_wconf 93' lang='lat' dir='ltr'><strong>ad</strong></span> <span class='ocrx_word' id='word_1_223' title='bbox 1196 1882 1373 1955; x_wconf 79' lang='lat' dir='ltr'><strong>cyprianum</strong></span> <span class='ocrx_word' id='word_1_224' title='bbox 1403 1898 1497 1954; x_wconf 90' lang='lat' dir='ltr'><strong>usque</strong></span> <span class='ocrx_word' id='word_1_225' title='bbox 1522 1882 1698 1940; x_wconf 89' lang='lat' dir='ltr'><strong>looaomnia</strong></span> <span class='ocrx_word' id='word_1_226' title='bbox 1727 1885 1758 1942; x_wconf 92' lang='lat' dir='ltr'><strong>in</strong></span> 
     </span>
     <span class='ocr_line' id='line_1_19' title="bbox 57 1970 1759 2048; baseline 0 -18"><span class='ocrx_word' id='word_1_227' title='bbox 57 1973 152 2030; x_wconf 73' lang='lat' dir='ltr'><strong>retice</strong></span> <span class='ocrx_word' id='word_1_228' title='bbox 181 1970 337 2045; x_wconf 85' lang='lat' dir='ltr'><strong>pravitatis</strong></span> <span class='ocrx_word' id='word_1_229' title='bbox 362 1971 495 2028; x_wconf 88' lang='lat' dir='ltr'><strong>maculas</strong></span> <span class='ocrx_word' id='word_1_230' title='bbox 524 1973 723 2048; x_wconf 86' lang='lat' dir='ltr'><strong>detergamus,</strong></span> <span class='ocrx_word' id='word_1_231' title='bbox 757 1978 786 2030; x_wconf 89' lang='lat' dir='ltr'><strong>et</strong></span> <span class='ocrx_word' id='word_1_232' title='bbox 814 1973 883 2031; x_wconf 91' lang='lat' dir='ltr'><strong>inde</strong></span> <span class='ocrx_word' id='word_1_233' title='bbox 936 1971 1046 2042; x_wconf 92' lang='lat' dir='ltr'><strong>quibus</strong></span> <span class='ocrx_word' id='word_1_234' title='bbox 1060 1973 1096 2028; x_wconf 93' lang='lat' dir='ltr'><strong>de</strong></span> <span class='ocrx_word' id='word_1_235' title='bbox 1109 1970 1273 2028; x_wconf 91' lang='lat' dir='ltr'><strong>visionibus</strong></span> <span class='ocrx_word' id='word_1_236' title='bbox 1287 1975 1389 2044; x_wconf 90' lang='lat' dir='ltr'><strong>agunt,</strong></span> <span class='ocrx_word' id='word_1_237' title='bbox 1406 1972 1547 2028; x_wconf 82' lang='lat' dir='ltr'><strong>adversus</strong></span> <span class='ocrx_word' id='word_1_238' title='bbox 1567 1988 1616 2028; x_wconf 90' lang='lat' dir='ltr'><strong>sos</strong></span> <span class='ocrx_word' id='word_1_239' title='bbox 1632 1974 1759 2030; x_wconf 89' lang='lat' dir='ltr'><strong>asseruit</strong></span> 
     </span>
     <span class='ocr_line' id='line_1_20' title="bbox 58 2058 1758 2135; baseline 0.002 -19"><span class='ocrx_word' id='word_1_240' title='bbox 58 2061 143 2116; x_wconf 78' lang='lat' dir='ltr'><strong>cham</strong></span> <span class='ocrx_word' id='word_1_241' title='bbox 159 2058 320 2117; x_wconf 85' lang='lat' dir='ltr'><strong>conflatam</strong></span> <span class='ocrx_word' id='word_1_242' title='bbox 336 2061 446 2116; x_wconf 87' lang='lat' dir='ltr'><strong>sanctis</strong></span> <span class='ocrx_word' id='word_1_243' title='bbox 461 2060 640 2134; x_wconf 81' lang='lat' dir='ltr'><strong>martyribus</strong></span> <span class='ocrx_word' id='word_1_244' title='bbox 654 2061 773 2120; x_wconf 82' lang='lat' dir='ltr'><strong>sceleris</strong></span> <span class='ocrx_word' id='word_1_245' title='bbox 792 2062 882 2135; x_wconf 78' lang='lat' dir='ltr'><strong>hujus</strong></span> <span class='ocrx_word' id='word_1_246' title='bbox 936 2075 971 2117; x_wconf 86' lang='lat' dir='ltr'><strong>ac</strong></span> <span class='ocrx_word' id='word_1_247' title='bbox 985 2058 1142 2117; x_wconf 86' lang='lat' dir='ltr'><strong>vindicavit</strong></span> <span class='ocrx_word' id='word_1_248' title='bbox 1158 2081 1172 2112; x_wconf 75' lang='lat' dir='ltr'><strong>a</strong></span> <span class='ocrx_word' id='word_1_249' title='bbox 1187 2059 1246 2131; x_wconf 89' lang='lat' dir='ltr'><strong>qui,</strong></span> <span class='ocrx_word' id='word_1_250' title='bbox 1263 2059 1427 2131; x_wconf 73' lang='lat' dir='ltr'><strong>ninilque</strong></span> <span class='ocrx_word' id='word_1_251' title='bbox 1442 2058 1588 2133; x_wconf 87' lang='lat' dir='ltr'><strong>leguntin</strong></span> <span class='ocrx_word' id='word_1_252' title='bbox 1604 2059 1683 2118; x_wconf 90' lang='lat' dir='ltr'><strong>illius</strong></span> <span class='ocrx_word' id='word_1_253' title='bbox 1704 2079 1758 2119; x_wconf 83' lang='lat' dir='ltr'><strong>se·</strong></span> 
     </span>
     <span class='ocr_line' id='line_1_21' title="bbox 59 2146 1758 2220; baseline 0.001 -15"><span class='ocrx_word' id='word_1_254' title='bbox 59 2148 200 2205; x_wconf 82' lang='lat' dir='ltr'><strong>invidiam</strong></span> <span class='ocrx_word' id='word_1_255' title='bbox 217 2146 410 2220; x_wconf 83' lang='lat' dir='ltr'><strong>depellamus.</strong></span> <span class='ocrx_word' id='word_1_256' title='bbox 427 2149 507 2215; x_wconf 82' lang='lat' dir='ltr'><strong>Quod</strong></span> <span class='ocrx_word' id='word_1_257' title='bbox 523 2165 570 2205; x_wconf 91' lang='lat' dir='ltr'><strong>me</strong></span> <span class='ocrx_word' id='word_1_258' title='bbox 597 2149 681 2207; x_wconf 89' lang='lat' dir='ltr'><strong>lacile</strong></span> <span class='ocrx_word' id='word_1_259' title='bbox 709 2155 882 2207; x_wconf 90' lang='lat' dir='ltr'><strong>consecutu·</strong></span> <span class='ocrx_word' id='word_1_260' title='bbox 937 2147 994 2205; x_wconf 93' lang='lat' dir='ltr'><strong>culi</strong></span> <span class='ocrx_word' id='word_1_261' title='bbox 1010 2148 1179 2205; x_wconf 90' lang='lat' dir='ltr'><strong>auctoribus</strong></span> <span class='ocrx_word' id='word_1_262' title='bbox 1206 2149 1242 2205; x_wconf 88' lang='lat' dir='ltr'><strong>de</strong></span> <span class='ocrx_word' id='word_1_263' title='bbox 1270 2147 1442 2216; x_wconf 86' lang='lat' dir='ltr'><strong>visionibus,</strong></span> <span class='ocrx_word' id='word_1_264' title='bbox 1471 2149 1556 2205; x_wconf 89' lang='lat' dir='ltr'><strong>eaad</strong></span> <span class='ocrx_word' id='word_1_265' title='bbox 1585 2148 1758 2206; x_wconf 89' lang='lat' dir='ltr'><strong>Montanum</strong></span> 
     </span>
     <span class='ocr_line' id='line_1_22' title="bbox 58 2235 1760 2311; baseline 0.001 -17"><span class='ocrx_word' id='word_1_266' title='bbox 58 2253 120 2294; x_wconf 86' lang='lat' dir='ltr'><strong>rum</strong></span> <span class='ocrx_word' id='word_1_267' title='bbox 135 2250 205 2293; x_wconf 84' lang='lat' dir='ltr'><strong>csse</strong></span> <span class='ocrx_word' id='word_1_268' title='bbox 220 2235 347 2306; x_wconf 86' lang='lat' dir='ltr'><strong>conlido,</strong></span> <span class='ocrx_word' id='word_1_269' title='bbox 363 2235 613 2310; x_wconf 80' lang='lat' dir='ltr'><strong>singulaquceque</strong></span> <span class='ocrx_word' id='word_1_270' title='bbox 636 2240 672 2295; x_wconf 92' lang='lat' dir='ltr'><strong>ad</strong></span> <span class='ocrx_word' id='word_1_271' title='bbox 701 2255 822 2296; x_wconf 86' lang='lat' dir='ltr'><strong>examen</strong></span> <span class='ocrx_word' id='word_1_272' title='bbox 838 2255 882 2295; x_wconf 92' lang='lat' dir='ltr'><strong>re-</strong></span> <span class='ocrx_word' id='word_1_273' title='bbox 936 2235 1059 2293; x_wconf 90' lang='lat' dir='ltr'><strong>trabunt</strong></span> <span class='ocrx_word' id='word_1_274' title='bbox 1075 2241 1162 2310; x_wconf 88' lang='lat' dir='ltr'><strong>atque</strong></span> <span class='ocrx_word' id='word_1_275' title='bbox 1177 2236 1393 2305; x_wconf 85' lang='lat' dir='ltr'><strong>Montanistas;</strong></span> <span class='ocrx_word' id='word_1_276' title='bbox 1415 2262 1421 2278; x_wconf 81' lang='lat'><em>‹</em></span> <span class='ocrx_word' id='word_1_277' title='bbox 1442 2237 1507 2294; x_wconf 88' lang='lat' dir='ltr'><strong>ideo</strong></span> <span class='ocrx_word' id='word_1_278' title='bbox 1521 2236 1576 2292; x_wconf 94' lang='lat' dir='ltr'><strong>hoc</strong></span> <span class='ocrx_word' id='word_1_279' title='bbox 1591 2254 1644 2311; x_wconf 90' lang='lat' dir='ltr'><strong>ego</strong></span> <span class='ocrx_word' id='word_1_280' title='bbox 1659 2237 1760 2296; x_wconf 90' lang='lat' dir='ltr'><strong>labore</strong></span> 
     </span>
     <span class='ocr_line' id='line_1_23' title="bbox 59 2323 1760 2401; baseline 0.001 -19"><span class='ocrx_word' id='word_1_281' title='bbox 59 2324 201 2394; x_wconf 74' lang='lat' dir='ltr'><strong>vocando,</strong></span> <span class='ocrx_word' id='word_1_282' title='bbox 217 2327 248 2379; x_wconf 88' lang='lat' dir='ltr'><strong>ct</strong></span> <span class='ocrx_word' id='word_1_283' title='bbox 263 2323 299 2378; x_wconf 89' lang='lat' dir='ltr'><strong>ad</strong></span> <span class='ocrx_word' id='word_1_284' title='bbox 314 2323 473 2382; x_wconf 87' lang='lat' dir='ltr'><strong>severiores</strong></span> <span class='ocrx_word' id='word_1_285' title='bbox 497 2326 613 2383; x_wconf 91' lang='lat' dir='ltr'><strong>critices</strong></span> <span class='ocrx_word' id='word_1_286' title='bbox 636 2327 752 2400; x_wconf 88' lang='lat' dir='ltr'><strong>regulas</strong></span> <span class='ocrx_word' id='word_1_287' title='bbox 775 2345 883 2401; x_wconf 86' lang='lat' dir='ltr'><strong>expen·</strong></span> <span class='ocrx_word' id='word_1_288' title='bbox 937 2325 968 2381; x_wconf 92' lang='lat' dir='ltr'><strong>in</strong></span> <span class='ocrx_word' id='word_1_289' title='bbox 983 2326 1139 2397; x_wconf 83' lang='lat' dir='ltr'><strong>presentia</strong></span> <span class='ocrx_word' id='word_1_290' title='bbox 1166 2325 1374 2398; x_wconf 89' lang='lat' dir='ltr'><strong>supersedebo,</strong></span> <span class='ocrx_word' id='word_1_291' title='bbox 1389 2325 1440 2382; x_wconf 85' lang='lat' dir='ltr'><strong>sed</strong></span> <span class='ocrx_word' id='word_1_292' title='bbox 1464 2341 1498 2383; x_wconf 90' lang='lat' dir='ltr'><strong>ea</strong></span> <span class='ocrx_word' id='word_1_293' title='bbox 1526 2327 1667 2383; x_wconf 87' lang='lat' dir='ltr'><strong>duntaxat</strong></span> <span class='ocrx_word' id='word_1_294' title='bbox 1692 2344 1760 2384; x_wconf 91' lang='lat' dir='ltr'><strong>cnm</strong></span> 
     </span>
     <span class='ocr_line' id='line_1_24' title="bbox 60 2411 1761 2488; baseline 0.002 -18"><span class='ocrx_word' id='word_1_295' title='bbox 60 2414 166 2478; x_wconf 86' lang='lat' dir='ltr'><strong>dende,</strong></span> <span class='ocrx_word' id='word_1_296' title='bbox 180 2427 248 2484; x_wconf 78' lang='lat' dir='ltr'><strong>qne</strong></span> <span class='ocrx_word' id='word_1_297' title='bbox 263 2411 439 2485; x_wconf 79' lang='lat' dir='ltr'><strong>basnagium</strong></span> <span class='ocrx_word' id='word_1_298' title='bbox 456 2413 486 2469; x_wconf 94' lang='lat' dir='ltr'><strong>in</strong></span> <span class='ocrx_word' id='word_1_299' title='bbox 500 2429 619 2486; x_wconf 88' lang='lat' dir='ltr'><strong>pravam</strong></span> <span class='ocrx_word' id='word_1_300' title='bbox 634 2414 711 2473; x_wconf 90' lang='lat' dir='ltr'><strong>banc</strong></span> <span class='ocrx_word' id='word_1_301' title='bbox 725 2416 761 2473; x_wconf 93' lang='lat' dir='ltr'><strong>de</strong></span> <span class='ocrx_word' id='word_1_302' title='bbox 774 2416 884 2474; x_wconf 86' lang='lat' dir='ltr'><strong>sanctis</strong></span> <span class='ocrx_word' id='word_1_303' title='bbox 937 2429 973 2470; x_wconf 93' lang='lat' dir='ltr'><strong>ex</strong></span> <span class='ocrx_word' id='word_1_304' title='bbox 987 2413 1175 2487; x_wconf 86' lang='lat' dir='ltr'><strong>antiquorum</strong></span> <span class='ocrx_word' id='word_1_305' title='bbox 1192 2415 1310 2472; x_wconf 85' lang='lat' dir='ltr'><strong>Patrem</strong></span> <span class='ocrx_word' id='word_1_306' title='bbox 1326 2413 1444 2487; x_wconf 89' lang='lat' dir='ltr'><strong>scriptis</strong></span> <span class='ocrx_word' id='word_1_307' title='bbox 1455 2414 1577 2488; x_wconf 87' lang='lat' dir='ltr'><strong>seligam</strong></span> <span class='ocrx_word' id='word_1_308' title='bbox 1593 2416 1761 2474; x_wconf 89' lang='lat' dir='ltr'><strong>testimonia</strong></span> 
     </span>
     <span class='ocr_line' id='line_1_25' title="bbox 61 2499 1760 2576; baseline 0.002 -18"><span class='ocrx_word' id='word_1_309' title='bbox 61 2499 244 2574; x_wconf 85' lang='lat' dir='ltr'><strong>martyribus</strong></span> <span class='ocrx_word' id='word_1_310' title='bbox 271 2499 439 2571; x_wconf 91' lang='lat' dir='ltr'><strong>opinionem</strong></span> <span class='ocrx_word' id='word_1_311' title='bbox 467 2500 662 2559; x_wconf 88' lang='lat' dir='ltr'><strong>adduxerunt.</strong></span> <span class='ocrx_word' id='word_1_312' title='bbox 690 2503 836 2573; x_wconf 86' lang='lat' dir='ltr'><strong>Primum,</strong></span> <span class='ocrx_word' id='word_1_313' title='bbox 852 2507 885 2560; x_wconf 89' lang='lat' dir='ltr'><strong>ut</strong></span> <span class='ocrx_word' id='word_1_314' title='bbox 937 2503 1001 2556; x_wconf 93' lang='lat' dir='ltr'><strong>turn</strong></span> <span class='ocrx_word' id='word_1_315' title='bbox 1016 2517 1051 2557; x_wconf 89' lang='lat' dir='ltr'><strong>ex</strong></span> <span class='ocrx_word' id='word_1_316' title='bbox 1064 2505 1227 2575; x_wconf 90' lang='lat' dir='ltr'><strong>martyrum</strong></span> <span class='ocrx_word' id='word_1_317' title='bbox 1243 2501 1451 2558; x_wconf 83' lang='lat' dir='ltr'><strong>sincerislctis</strong></span> <span class='ocrx_word' id='word_1_318' title='bbox 1465 2502 1655 2576; x_wconf 90' lang='lat' dir='ltr'><strong>probatisque</strong></span> <span class='ocrx_word' id='word_1_319' title='bbox 1670 2504 1760 2562; x_wconf 90' lang='lat' dir='ltr'><strong>bisto-</strong></span> 
     </span>
     <span class='ocr_line' id='line_1_26' title="bbox 60 2586 1760 2666; baseline 0.001 -20"><span class='ocrx_word' id='word_1_320' title='bbox 60 2589 199 2660; x_wconf 84' lang='lat' dir='ltr'><strong>vidimus‚</strong></span> <span class='ocrx_word' id='word_1_321' title='bbox 215 2586 294 2644; x_wconf 92' lang='lat' dir='ltr'><strong>inter</strong></span> <span class='ocrx_word' id='word_1_322' title='bbox 307 2587 398 2643; x_wconf 89' lang='lat' dir='ltr'><strong>insita</strong></span> <span class='ocrx_word' id='word_1_323' title='bbox 411 2594 441 2645; x_wconf 86' lang='lat' dir='ltr'><strong>et</strong></span> <span class='ocrx_word' id='word_1_324' title='bbox 456 2603 490 2645; x_wconf 86' lang='lat' dir='ltr'><strong>ex</strong></span> <span class='ocrx_word' id='word_1_325' title='bbox 512 2589 586 2663; x_wconf 86' lang='lat' dir='ltr'><strong>ipsis</strong></span> <span class='ocrx_word' id='word_1_326' title='bbox 600 2592 681 2648; x_wconf 82' lang='lat' dir='ltr'><strong>Actis</strong></span> <span class='ocrx_word' id='word_1_327' title='bbox 695 2595 724 2649; x_wconf 89' lang='lat' dir='ltr'><strong>et</strong></span> <span class='ocrx_word' id='word_1_328' title='bbox 739 2593 884 2666; x_wconf 80' lang='lat' dir='ltr'><strong>Psrpeluu</strong></span> <span class='ocrx_word' id='word_1_329' title='bbox 938 2586 991 2644; x_wconf 89' lang='lat' dir='ltr'><strong>riis</strong></span> <span class='ocrx_word' id='word_1_330' title='bbox 1015 2590 1148 2663; x_wconf 90' lang='lat' dir='ltr'><strong>exempla</strong></span> <span class='ocrx_word' id='word_1_331' title='bbox 1169 2606 1232 2661; x_wconf 81' lang='lat' dir='ltr'><strong>qua</strong></span> <span class='ocrx_word' id='word_1_332' title='bbox 1258 2590 1293 2647; x_wconf 89' lang='lat' dir='ltr'><strong>ad</strong></span> <span class='ocrx_word' id='word_1_333' title='bbox 1321 2606 1420 2647; x_wconf 89' lang='lat' dir='ltr'><strong>meum</strong></span> <span class='ocrx_word' id='word_1_334' title='bbox 1445 2590 1615 2647; x_wconf 89' lang='lat' dir='ltr'><strong>institutum</strong></span> <span class='ocrx_word' id='word_1_335' title='bbox 1638 2591 1760 2666; x_wconf 88' lang='lat' dir='ltr'><strong>propius</strong></span> 
     </span>
     <span class='ocr_line' id='line_1_27' title="bbox 60 2675 1761 2755; baseline 0.002 -22"><span class='ocrx_word' id='word_1_336' title='bbox 60 2676 153 2737; x_wconf 63' lang='lat' dir='ltr'><strong>ubis</strong></span> <span class='ocrx_word' id='word_1_337' title='bbox 179 2675 315 2743; x_wconf 90' lang='lat' dir='ltr'><strong>collecta,</strong></span> <span class='ocrx_word' id='word_1_338' title='bbox 344 2675 483 2733; x_wconf 86' lang='lat' dir='ltr'><strong>adversus</strong></span> <span class='ocrx_word' id='word_1_339' title='bbox 512 2678 652 2753; x_wconf 82' lang='lat' dir='ltr'><strong>Martyres</strong></span> <span class='ocrx_word' id='word_1_340' title='bbox 676 2688 882 2755; x_wconf 89' lang='lat' dir='ltr'><strong>argumentum</strong></span> <span class='ocrx_word' id='word_1_341' title='bbox 939 2678 1075 2735; x_wconf 89' lang='lat' dir='ltr'><strong>accedere</strong></span> <span class='ocrx_word' id='word_1_342' title='bbox 1089 2680 1277 2748; x_wconf 87' lang='lat' dir='ltr'><strong>videbuntur,</strong></span> <span class='ocrx_word' id='word_1_343' title='bbox 1294 2683 1323 2735; x_wconf 88' lang='lat' dir='ltr'><strong>et</strong></span> <span class='ocrx_word' id='word_1_344' title='bbox 1338 2695 1374 2735; x_wconf 85' lang='lat' dir='ltr'><strong>ex</strong></span> <span class='ocrx_word' id='word_1_345' title='bbox 1388 2679 1497 2751; x_wconf 89' lang='lat' dir='ltr'><strong>quihus</strong></span> <span class='ocrx_word' id='word_1_346' title='bbox 1512 2679 1597 2737; x_wconf 83' lang='lat' dir='ltr'><strong>facile</strong></span> <span class='ocrx_word' id='word_1_347' title='bbox 1610 2681 1761 2754; x_wconf 89' lang='lat' dir='ltr'><strong>possitin-</strong></span> 
     </span>
     <span class='ocr_line' id='line_1_28' title="bbox 58 2765 1761 2844; baseline 0.004 -25"><span class='ocrx_word' id='word_1_348' title='bbox 58 2765 351 2838; x_wconf 72' lang='lat' dir='ltr'><strong>repetitexecqued</strong></span> <span class='ocrx_word' id='word_1_349' title='bbox 375 2765 459 2821; x_wconf 91' lang='lat' dir='ltr'><strong>initio</strong></span> <span class='ocrx_word' id='word_1_350' title='bbox 487 2767 592 2840; x_wconf 89' lang='lat' dir='ltr'><strong>capitis</strong></span> <span class='ocrx_word' id='word_1_351' title='bbox 621 2771 716 2841; x_wconf 83' lang='lat' dir='ltr'><strong>quarti</strong></span> <span class='ocrx_word' id='word_1_352' title='bbox 741 2775 885 2844; x_wconf 74' lang='lat' dir='ltr'><strong>Perpetua</strong></span> <span class='ocrx_word' id='word_1_353' title='bbox 938 2765 1042 2839; x_wconf 83' lang='lat' dir='ltr'><strong>telligi,</strong></span> <span class='ocrx_word' id='word_1_354' title='bbox 1076 2767 1320 2824; x_wconf 87' lang='lat' dir='ltr'><strong>Montanistarum</strong></span> <span class='ocrx_word' id='word_1_355' title='bbox 1361 2766 1479 2823; x_wconf 86' lang='lat' dir='ltr'><strong>lemiliae</strong></span> <span class='ocrx_word' id='word_1_356' title='bbox 1512 2768 1660 2841; x_wconf 87' lang='lat' dir='ltr'><strong>propriam</strong></span> <span class='ocrx_word' id='word_1_357' title='bbox 1703 2785 1761 2826; x_wconf 94' lang='lat' dir='ltr'><strong>non</strong></span> 
     </span>
     <span class='ocr_line' id='line_1_29' title="bbox 59 2850 1760 2929; baseline 0.001 -21"><span class='ocrx_word' id='word_1_358' title='bbox 59 2850 208 2909; x_wconf 63' lang='lat' dir='ltr'><strong>emula</strong></span> <span class='ocrx_word' id='word_1_359' title='bbox 237 2851 297 2909; x_wconf 80' lang='lat' dir='ltr'><strong>bec</strong></span> <span class='ocrx_word' id='word_1_360' title='bbox 326 2852 413 2909; x_wconf 86' lang='lat' dir='ltr'><strong>verba</strong></span> <span class='ocrx_word' id='word_1_361' title='bbox 429 2870 436 2910; x_wconf 90' lang='lat'><strong>:</strong></span> <span class='ocrx_word' id='word_1_362' title='bbox 453 2877 468 2906; x_wconf 77' lang='grc' dir='ltr'><strong>«ι</strong></span> <span class='ocrx_word' id='word_1_363' title='bbox 484 2859 566 2912; x_wconf 86' lang='lat' dir='ltr'><strong>&#39;lunc</strong></span> <span class='ocrx_word' id='word_1_364' title='bbox 595 2857 667 2914; x_wconf 86' lang='lat' dir='ltr'><strong>dixit</strong></span> <span class='ocrx_word' id='word_1_365' title='bbox 696 2858 769 2916; x_wconf 92' lang='lat' dir='ltr'><strong>mibi</strong></span> <span class='ocrx_word' id='word_1_366' title='bbox 796 2863 886 2917; x_wconf 84' lang='lat' dir='ltr'><strong>irater</strong></span> <span class='ocrx_word' id='word_1_367' title='bbox 925 2853 1031 2911; x_wconf 88' lang='lat' dir='ltr'><strong>&#39;luisse</strong></span> <span class='ocrx_word' id='word_1_368' title='bbox 1044 2855 1148 2911; x_wconf 89' lang='lat' dir='ltr'><strong>miram</strong></span> <span class='ocrx_word' id='word_1_369' title='bbox 1164 2855 1245 2912; x_wconf 91' lang='lat' dir='ltr'><strong>illam</strong></span> <span class='ocrx_word' id='word_1_370' title='bbox 1260 2859 1411 2928; x_wconf 75' lang='lat' dir='ltr'><strong>Perpetua</strong></span> <span class='ocrx_word' id='word_1_371' title='bbox 1426 2855 1577 2921; x_wconf 82' lang='lat' dir='ltr'><strong>fiduciam,</strong></span> <span class='ocrx_word' id='word_1_372' title='bbox 1593 2872 1653 2929; x_wconf 89' lang='lat' dir='ltr'><strong>qua</strong></span> <span class='ocrx_word' id='word_1_373' title='bbox 1668 2856 1760 2912; x_wconf 88' lang='lat' dir='ltr'><strong>lutari</strong></span> 
     </span>
     <span class='ocr_line' id='line_1_30' title="bbox 60 2939 1560 3022; baseline -0.001 -23"><span class='ocrx_word' id='word_1_374' title='bbox 60 2956 143 2999; x_wconf 85' lang='lat' dir='ltr'><strong>meus</strong></span> <span class='ocrx_word' id='word_1_375' title='bbox 159 2939 265 2996; x_wconf 76' lang='lat' dir='ltr'><strong>:m</strong></span> <span class='ocrx_word' id='word_1_376' title='bbox 279 2940 401 2998; x_wconf 67' lang='lat' dir='ltr'><strong>mmina</strong></span> <span class='ocrx_word' id='word_1_377' title='bbox 411 2958 504 3011; x_wconf 92' lang='lat' dir='ltr'><strong>soror,</strong></span> <span class='ocrx_word' id='word_1_378' title='bbox 512 2945 576 3016; x_wconf 87' lang='lat' dir='ltr'><strong>jam</strong></span> <span class='ocrx_word' id='word_1_379' title='bbox 586 2945 616 3002; x_wconf 90' lang='lat' dir='ltr'><strong>in</strong></span> <span class='ocrx_word' id='word_1_380' title='bbox 626 2963 733 3021; x_wconf 89' lang='lat' dir='ltr'><strong>magna</strong></span> <span class='ocrx_word' id='word_1_381' title='bbox 742 2948 885 3022; x_wconf 89' lang='lat' dir='ltr'><strong>dignitate</strong></span> <span class='ocrx_word' id='word_1_382' title='bbox 939 2948 1060 3000; x_wconf 89' lang='lat' dir='ltr'><strong>eventus</strong></span> <span class='ocrx_word' id='word_1_383' title='bbox 1076 2942 1280 2999; x_wconf 89' lang='lat' dir='ltr'><strong>revelationem</strong></span> <span class='ocrx_word' id='word_1_384' title='bbox 1297 2942 1377 2999; x_wconf 83' lang='lat' dir='ltr'><strong>tratri</strong></span> <span class='ocrx_word' id='word_1_385' title='bbox 1393 2942 1560 3015; x_wconf 88' lang='lat' dir='ltr'><strong>spopondit.</strong></span> 
     </span>
     <span class='ocr_line' id='line_1_31' title="bbox 59 3027 1761 3103; baseline 0.002 -18"><span class='ocrx_word' id='word_1_386' title='bbox 59 3044 98 3097; x_wconf 84' lang='lat' dir='ltr'><strong>cs,</strong></span> <span class='ocrx_word' id='word_1_387' title='bbox 113 3032 146 3085; x_wconf 88' lang='lat' dir='ltr'><strong>et</strong></span> <span class='ocrx_word' id='word_1_388' title='bbox 162 3029 251 3084; x_wconf 74' lang='lat' dir='ltr'><strong>unu</strong></span> <span class='ocrx_word' id='word_1_389' title='bbox 275 3031 308 3083; x_wconf 89' lang='lat' dir='ltr'><strong>ut</strong></span> <span class='ocrx_word' id='word_1_390' title='bbox 331 3027 462 3101; x_wconf 89' lang='lat' dir='ltr'><strong>postules</strong></span> <span class='ocrx_word' id='word_1_391' title='bbox 489 3031 641 3103; x_wconf 89' lang='lat' dir='ltr'><strong>visionem,</strong></span> <span class='ocrx_word' id='word_1_392' title='bbox 657 3040 686 3091; x_wconf 89' lang='lat' dir='ltr'><strong>et</strong></span> <span class='ocrx_word' id='word_1_393' title='bbox 713 3037 886 3094; x_wconf 81' lang='lat' dir='ltr'><strong>ostendatur</strong></span> <span class='ocrx_word' id='word_1_394' title='bbox 975 3030 1156 3088; x_wconf 90' lang='lat' dir='ltr'><strong>ll.Notanda</strong></span> <span class='ocrx_word' id='word_1_395' title='bbox 1171 3034 1242 3087; x_wconf 91' lang='lat' dir='ltr'><strong>sunt</strong></span> <span class='ocrx_word' id='word_1_396' title='bbox 1263 3034 1361 3087; x_wconf 69' lang='lat' dir='ltr'><strong>numm</strong></span> <span class='ocrx_word' id='word_1_397' title='bbox 1387 3029 1534 3103; x_wconf 90' lang='lat' dir='ltr'><strong>imprimis</strong></span> <span class='ocrx_word' id='word_1_398' title='bbox 1558 3031 1694 3103; x_wconf 82' lang='lat' dir='ltr'><strong>quaedam</strong></span> <span class='ocrx_word' id='word_1_399' title='bbox 1707 3031 1761 3089; x_wconf 85' lang='lat' dir='ltr'><strong>Ju-</strong></span> 
     </span>
     <span class='ocr_line' id='line_1_32' title="bbox 58 3116 1761 3198; baseline 0.003 -26"><span class='ocrx_word' id='word_1_400' title='bbox 58 3116 341 3188; x_wconf 82' lang='lat' dir='ltr'><strong>lihisnpassiosit,</strong></span> <span class='ocrx_word' id='word_1_401' title='bbox 358 3133 395 3173; x_wconf 86' lang='lat' dir='ltr'><strong>an</strong></span> <span class='ocrx_word' id='word_1_402' title='bbox 415 3125 609 3179; x_wconf 84' lang='lat' dir='ltr'><strong>commeatus.</strong></span> <span class='ocrx_word' id='word_1_403' title='bbox 638 3124 674 3180; x_wconf 78' lang='lat' dir='ltr'><strong>ut</strong></span> <span class='ocrx_word' id='word_1_404' title='bbox 689 3140 742 3197; x_wconf 89' lang='lat' dir='ltr'><strong>ego</strong></span> <span class='ocrx_word' id='word_1_405' title='bbox 757 3141 822 3198; x_wconf 79' lang='lat' dir='ltr'><strong>qua</strong></span> <span class='ocrx_word' id='word_1_406' title='bbox 837 3141 886 3182; x_wconf 91' lang='lat' dir='ltr'><strong>me</strong></span> <span class='ocrx_word' id='word_1_407' title='bbox 939 3118 1010 3175; x_wconf 90' lang='lat' dir='ltr'><strong>stini</strong></span> <span class='ocrx_word' id='word_1_408' title='bbox 1025 3118 1161 3191; x_wconf 87' lang='lat' dir='ltr'><strong>martyris</strong></span> <span class='ocrx_word' id='word_1_409' title='bbox 1176 3117 1289 3175; x_wconf 90' lang='lat' dir='ltr'><strong>locaex</strong></span> <span class='ocrx_word' id='word_1_410' title='bbox 1312 3117 1431 3191; x_wconf 86' lang='lat' dir='ltr'><strong>Dialcgo</strong></span> <span class='ocrx_word' id='word_1_411' title='bbox 1458 3134 1526 3175; x_wconf 90' lang='lat' dir='ltr'><strong>cum</strong></span> <span class='ocrx_word' id='word_1_412' title='bbox 1549 3120 1714 3192; x_wconf 82' lang='lat' dir='ltr'><strong>Tryphone,</strong></span> <span class='ocrx_word' id='word_1_413' title='bbox 1730 3120 1761 3177; x_wconf 91' lang='lat' dir='ltr'><strong>in</strong></span> 
     </span>
     <span class='ocr_line' id='line_1_33' title="bbox 58 3183 1763 3283; baseline 0 -18"><span class='ocrx_word' id='word_1_414' title='bbox 58 3204 193 3261; x_wconf 69' lang='lat' dir='ltr'><strong>sciebtm</strong></span> <span class='ocrx_word' id='word_1_415' title='bbox 211 3202 339 3260; x_wconf 60' lang='lat' dir='ltr'><strong>fibulati</strong></span> <span class='ocrx_word' id='word_1_416' title='bbox 367 3221 435 3262; x_wconf 72' lang='lat' dir='ltr'><strong>tum</strong></span> <span class='ocrx_word' id='word_1_417' title='bbox 464 3207 598 3278; x_wconf 83' lang='lat' dir='ltr'><strong>Domino,</strong></span> <span class='ocrx_word' id='word_1_418' title='bbox 629 3211 715 3283; x_wconf 89' lang='lat' dir='ltr'><strong>cujus</strong></span> <span class='ocrx_word' id='word_1_419' title='bbox 743 3183 922 3269; x_wconf 80' lang='lat' dir='ltr'><strong>beneficiac</strong></span> <span class='ocrx_word' id='word_1_420' title='bbox 940 3223 1008 3281; x_wconf 91' lang='lat' dir='ltr'><strong>quo,</strong></span> <span class='ocrx_word' id='word_1_421' title='bbox 1025 3210 1058 3263; x_wconf 89' lang='lat' dir='ltr'><strong>ut</strong></span> <span class='ocrx_word' id='word_1_422' title='bbox 1072 3208 1215 3265; x_wconf 79' lang='lat' dir='ltr'><strong>Eusebius</strong></span> <span class='ocrx_word' id='word_1_423' title='bbox 1227 3208 1351 3266; x_wconf 89' lang='lat' dir='ltr'><strong>advertit</strong></span> <span class='ocrx_word' id='word_1_424' title='bbox 1371 3207 1428 3279; x_wconf 90' lang='lat'><em>(88)</em></span> <span class='ocrx_word' id='word_1_425' title='bbox 1445 3224 1452 3264; x_wconf 90' lang='lat'><strong>:</strong></span> <span class='ocrx_word' id='word_1_426' title='bbox 1471 3231 1482 3258; x_wconf 74' lang='lat' dir='ltr'><strong>s</strong></span> <span class='ocrx_word' id='word_1_427' title='bbox 1498 3207 1660 3281; x_wconf 74' lang='lat' dir='ltr'><strong>Prophetiae</strong></span> <span class='ocrx_word' id='word_1_428' title='bbox 1685 3210 1763 3267; x_wconf 91' lang='lat' dir='ltr'><strong>dona</strong></span> 
     </span>
     <span class='ocr_line' id='line_1_34' title="bbox 58 3293 1762 3373; baseline -0.001 -24"><span class='ocrx_word' id='word_1_429' title='bbox 58 3295 145 3349; x_wconf 70' lang='lat' dir='ltr'><strong>heta</strong></span> <span class='ocrx_word' id='word_1_430' title='bbox 159 3294 282 3363; x_wconf 81' lang='lat' dir='ltr'><strong>expecta</strong></span> <span class='ocrx_word' id='word_1_431' title='bbox 305 3307 397 3361; x_wconf 87' lang='lat' dir='ltr'><strong>eram,</strong></span> <span class='ocrx_word' id='word_1_432' title='bbox 414 3293 538 3354; x_wconf 87' lang='lat' dir='ltr'><strong>tidenter</strong></span> <span class='ocrx_word' id='word_1_433' title='bbox 552 3299 706 3373; x_wconf 86' lang='lat' dir='ltr'><strong>repromisi</strong></span> <span class='ocrx_word' id='word_1_434' title='bbox 721 3299 745 3356; x_wconf 89' lang='lat' dir='ltr'><strong>ei</strong></span> <span class='ocrx_word' id='word_1_435' title='bbox 762 3301 887 3358; x_wconf 88' lang='lat' dir='ltr'><strong>dicens:</strong></span> <span class='ocrx_word' id='word_1_436' title='bbox 942 3295 1038 3354; x_wconf 90' lang='lat' dir='ltr'><strong>adhuc</strong></span> <span class='ocrx_word' id='word_1_437' title='bbox 1054 3313 1108 3353; x_wconf 89' lang='lat' dir='ltr'><strong>sua</strong></span> <span class='ocrx_word' id='word_1_438' title='bbox 1129 3301 1213 3354; x_wconf 83' lang='lat' dir='ltr'><strong>aetate</strong></span> <span class='ocrx_word' id='word_1_439' title='bbox 1235 3297 1265 3352; x_wconf 92' lang='lat' dir='ltr'><strong>in</strong></span> <span class='ocrx_word' id='word_1_440' title='bbox 1290 3295 1417 3352; x_wconf 79' lang='lat' dir='ltr'><strong>Mcclesia</strong></span> <span class='ocrx_word' id='word_1_441' title='bbox 1446 3295 1585 3368; x_wconf 90' lang='lat' dir='ltr'><strong>viguisse,</strong></span> <span class='ocrx_word' id='word_1_442' title='bbox 1616 3297 1762 3353; x_wconf 84' lang='lat' dir='ltr'><strong>scribit.»</strong></span> 
     </span>
     <span class='ocr_line' id='line_1_35' title="bbox 58 3378 1764 3461; baseline 0.002 -23"><span class='ocrx_word' id='word_1_443' title='bbox 58 3378 200 3438; x_wconf 68' lang='lat' dir='ltr'><strong>maana</strong></span> <span class='ocrx_word' id='word_1_444' title='bbox 213 3379 263 3436; x_wconf 90' lang='lat' dir='ltr'><strong>die</strong></span> <span class='ocrx_word' id='word_1_445' title='bbox 277 3379 329 3436; x_wconf 89' lang='lat' dir='ltr'><strong>tibi</strong></span> <span class='ocrx_word' id='word_1_446' title='bbox 345 3383 529 3441; x_wconf 90' lang='lat' dir='ltr'><strong>renuntiabo.</strong></span> <span class='ocrx_word' id='word_1_447' title='bbox 556 3408 572 3437; x_wconf 87' lang='grc'>»</span> <span class='ocrx_word' id='word_1_448' title='bbox 587 3388 638 3455; x_wconf 78' lang='lat' dir='ltr'><strong>llo,</strong></span> <span class='ocrx_word' id='word_1_449' title='bbox 659 3387 756 3461; x_wconf 92' lang='lat' dir='ltr'><strong>inquit</strong></span> <span class='ocrx_word' id='word_1_450' title='bbox 778 3390 887 3446; x_wconf 88' lang='lat' dir='ltr'><strong>Basna·</strong></span> <span class='ocrx_word' id='word_1_451' title='bbox 942 3385 997 3441; x_wconf 88' lang='lat' dir='ltr'><strong>Sed</strong></span> <span class='ocrx_word' id='word_1_452' title='bbox 1014 3385 1160 3457; x_wconf 92' lang='lat' dir='ltr'><strong>quomodo</strong></span> <span class='ocrx_word' id='word_1_453' title='bbox 1175 3385 1331 3458; x_wconf 89' lang='lat' dir='ltr'><strong>viguerint,</strong></span> <span class='ocrx_word' id='word_1_454' title='bbox 1347 3384 1496 3456; x_wconf 88' lang='lat' dir='ltr'><strong>productis</strong></span> <span class='ocrx_word' id='word_1_455' title='bbox 1515 3386 1609 3440; x_wconf 88' lang='lat' dir='ltr'><strong>sancti</strong></span> <span class='ocrx_word' id='word_1_456' title='bbox 1626 3385 1764 3458; x_wconf 90' lang='lat' dir='ltr'><strong>martyris</strong></span> 
     </span>
     <span class='ocr_line' id='line_1_36' title="bbox 56 3467 1766 3550; baseline 0.005 -28"><span class='ocrx_word' id='word_1_457' title='bbox 56 3467 140 3542; x_wconf 87' lang='lat' dir='ltr'><strong>gius,</strong></span> <span class='ocrx_word' id='word_1_458' title='bbox 172 3482 205 3524; x_wconf 91' lang='lat' dir='ltr'><strong>se</strong></span> <span class='ocrx_word' id='word_1_459' title='bbox 234 3468 321 3524; x_wconf 91' lang='lat' dir='ltr'><strong>mode</strong></span> <span class='ocrx_word' id='word_1_460' title='bbox 349 3469 491 3543; x_wconf 88' lang='lat' dir='ltr'><strong>Perpetua</strong></span> <span class='ocrx_word' id='word_1_461' title='bbox 516 3473 606 3546; x_wconf 89' lang='lat' dir='ltr'><strong>gerit,</strong></span> <span class='ocrx_word' id='word_1_462' title='bbox 635 3475 720 3549; x_wconf 90' lang='lat' dir='ltr'><strong>quasi</strong></span> <span class='ocrx_word' id='word_1_463' title='bbox 748 3478 889 3550; x_wconf 81' lang='lat' dir='ltr'><strong>Spiritum</strong></span> <span class='ocrx_word' id='word_1_464' title='bbox 943 3473 1120 3530; x_wconf 88' lang='lat' dir='ltr'><strong>testimoniis</strong></span> <span class='ocrx_word' id='word_1_465' title='bbox 1144 3476 1325 3545; x_wconf 88' lang='lat' dir='ltr'><strong>compertam</strong></span> <span class='ocrx_word' id='word_1_466' title='bbox 1351 3471 1446 3545; x_wconf 87' lang='lat' dir='ltr'><strong>magis</strong></span> <span class='ocrx_word' id='word_1_467' title='bbox 1479 3471 1653 3528; x_wconf 92' lang='lat' dir='ltr'><strong>babebimus</strong></span> <span class='ocrx_word' id='word_1_468' title='bbox 1677 3478 1766 3546; x_wconf 91' lang='lat' dir='ltr'><strong>atque</strong></span> 
     </span>
     <span class='ocr_line' id='line_1_37' title="bbox 57 3555 1766 3634; baseline 0.004 -22"><span class='ocrx_word' id='word_1_469' title='bbox 57 3559 203 3612; x_wconf 73' lang='lat' dir='ltr'><strong>unctum</strong></span> <span class='ocrx_word' id='word_1_470' title='bbox 216 3555 307 3611; x_wconf 88' lang='lat' dir='ltr'><strong>veluti</strong></span> <span class='ocrx_word' id='word_1_471' title='bbox 323 3557 431 3614; x_wconf 90' lang='lat' dir='ltr'><strong>monile</strong></span> <span class='ocrx_word' id='word_1_472' title='bbox 446 3560 594 3631; x_wconf 81' lang='lat' dir='ltr'><strong>quoddam</strong></span> <span class='ocrx_word' id='word_1_473' title='bbox 609 3562 640 3619; x_wconf 87' lang='lat' dir='ltr'><strong>in</strong></span> <span class='ocrx_word' id='word_1_474' title='bbox 655 3581 724 3622; x_wconf 71' lang='lat' dir='ltr'><strong>arsa</strong></span> <span class='ocrx_word' id='word_1_475' title='bbox 741 3565 889 3622; x_wconf 76' lang='lat' dir='ltr'><strong>inclusum</strong></span> <span class='ocrx_word' id='word_1_476' title='bbox 944 3561 1138 3634; x_wconf 88' lang='lat' dir='ltr'><strong>exploratum.</strong></span> <span class='ocrx_word' id='word_1_477' title='bbox 1156 3561 1197 3616; x_wconf 92' lang='lat' dir='ltr'><strong>lta</strong></span> <span class='ocrx_word' id='word_1_478' title='bbox 1210 3562 1285 3618; x_wconf 73' lang='grc'><strong>101</strong></span> <span class='ocrx_word' id='word_1_479' title='bbox 1303 3560 1381 3617; x_wconf 90' lang='lat' dir='ltr'><strong>enim</strong></span> <span class='ocrx_word' id='word_1_480' title='bbox 1405 3559 1446 3617; x_wconf 90' lang='lat' dir='ltr'><strong>ait</strong></span> <span class='ocrx_word' id='word_1_481' title='bbox 1469 3561 1525 3633; x_wconf 83' lang='lat'>(89)</span> <span class='ocrx_word' id='word_1_482' title='bbox 1542 3577 1548 3614; x_wconf 93' lang='lat'><strong>:</strong></span> <span class='ocrx_word' id='word_1_483' title='bbox 1566 3584 1580 3611; x_wconf 90' lang='lat'>«</span> <span class='ocrx_word' id='word_1_484' title='bbox 1605 3563 1689 3634; x_wconf 79' lang='lat' dir='ltr'><strong>Apud</strong></span> <span class='ocrx_word' id='word_1_485' title='bbox 1712 3579 1766 3619; x_wconf 89' lang='lat' dir='ltr'><strong>nos</strong></span> 
     </span>
     <span class='ocr_line' id='line_1_38' title="bbox 56 3643 1765 3727; baseline 0.004 -25"><span class='ocrx_word' id='word_1_486' title='bbox 56 3661 117 3702; x_wconf 81' lang='lat' dir='ltr'><strong>sus</strong></span> <span class='ocrx_word' id='word_1_487' title='bbox 131 3643 304 3700; x_wconf 79' lang='lat' dir='ltr'><strong>haheretad</strong></span> <span class='ocrx_word' id='word_1_488' title='bbox 318 3649 501 3720; x_wconf 87' lang='lat' dir='ltr'><strong>nutum,sjus</strong></span> <span class='ocrx_word' id='word_1_489' title='bbox 513 3649 890 3727; x_wconf 88' lang='lat' dir='ltr'><strong>illustrationibus,quando</strong></span> <span class='ocrx_word' id='word_1_490' title='bbox 945 3651 1023 3707; x_wconf 87' lang='lat' dir='ltr'><strong>enim</strong></span> <span class='ocrx_word' id='word_1_491' title='bbox 1036 3650 1095 3706; x_wconf 93' lang='lat' dir='ltr'><strong>buc</strong></span> <span class='ocrx_word' id='word_1_492' title='bbox 1114 3666 1208 3721; x_wconf 85' lang='lat' dir='ltr'><strong>usque</strong></span> <span class='ocrx_word' id='word_1_493' title='bbox 1231 3650 1320 3706; x_wconf 86' lang='lat' dir='ltr'><strong>etiam</strong></span> <span class='ocrx_word' id='word_1_494' title='bbox 1346 3649 1516 3722; x_wconf 89' lang='lat' dir='ltr'><strong>prophetica</strong></span> <span class='ocrx_word' id='word_1_495' title='bbox 1540 3656 1655 3707; x_wconf 85' lang='lat' dir='ltr'><strong>exstant</strong></span> <span class='ocrx_word' id='word_1_496' title='bbox 1679 3653 1765 3719; x_wconf 91' lang='lat' dir='ltr'><strong>dona,</strong></span> 
     </span>
     <span class='ocr_line' id='line_1_39' title="bbox 56 3730 1768 3814; baseline 0.005 -25"><span class='ocrx_word' id='word_1_497' title='bbox 56 3731 163 3801; x_wconf 74' lang='lat' dir='ltr'><strong>vallet,</strong></span> <span class='ocrx_word' id='word_1_498' title='bbox 172 3733 303 3789; x_wconf 85' lang='lat' dir='ltr'><strong>usuraad</strong></span> <span class='ocrx_word' id='word_1_499' title='bbox 315 3734 481 3803; x_wconf 66' lang='lat' dir='ltr'><strong>arbitrium</strong></span> <span class='ocrx_word' id='word_1_500' title='bbox 492 3738 679 3812; x_wconf 84' lang='lat' dir='ltr'><strong>recitatisque</strong></span> <span class='ocrx_word' id='word_1_501' title='bbox 689 3743 891 3814; x_wconf 90' lang='lat' dir='ltr'><strong>superioribus</strong></span> <span class='ocrx_word' id='word_1_502' title='bbox 944 3739 1023 3796; x_wconf 92' lang='lat' dir='ltr'><strong>unde</strong></span> <span class='ocrx_word' id='word_1_503' title='bbox 1037 3744 1066 3795; x_wconf 91' lang='lat' dir='ltr'><strong>et</strong></span> <span class='ocrx_word' id='word_1_504' title='bbox 1080 3755 1130 3796; x_wconf 90' lang='lat' dir='ltr'><strong>vos</strong></span> <span class='ocrx_word' id='word_1_505' title='bbox 1143 3730 1305 3812; x_wconf 89' lang='lat' dir='ltr'><strong>intelligere</strong></span> <span class='ocrx_word' id='word_1_506' title='bbox 1319 3737 1432 3794; x_wconf 89' lang='lat' dir='ltr'><strong>debetis</strong></span> <span class='ocrx_word' id='word_1_507' title='bbox 1444 3755 1509 3811; x_wconf 75' lang='lat' dir='ltr'><strong>ques</strong></span> <span class='ocrx_word' id='word_1_508' title='bbox 1533 3738 1601 3797; x_wconf 92' lang='lat' dir='ltr'><strong>clim</strong></span> <span class='ocrx_word' id='word_1_509' title='bbox 1612 3740 1647 3812; x_wconf 30' lang='lat' dir='ltr'><strong>‚in</strong></span> <span class='ocrx_word' id='word_1_510' title='bbox 1662 3756 1768 3813; x_wconf 88' lang='lat' dir='ltr'><strong>genere</strong></span> 
     </span>
     <span class='ocr_line' id='line_1_40' title="bbox 57 3820 1767 3898; baseline 0.004 -20"><span class='ocrx_word' id='word_1_511' title='bbox 57 3820 177 3891; x_wconf 75' lang='lat' dir='ltr'><strong>meis,</strong></span> <span class='ocrx_word' id='word_1_512' title='bbox 191 3820 305 3889; x_wconf 77' lang='lat' dir='ltr'><strong>ltimm,</strong></span> <span class='ocrx_word' id='word_1_513' title='bbox 318 3823 483 3898; x_wconf 85' lang='lat' dir='ltr'><strong>subjungit,</strong></span> <span class='ocrx_word' id='word_1_514' title='bbox 500 3827 639 3886; x_wconf 85' lang='lat' dir='ltr'><strong>fiduciam</strong></span> <span class='ocrx_word' id='word_1_515' title='bbox 654 3833 683 3886; x_wconf 90' lang='lat' dir='ltr'><strong>et</strong></span> <span class='ocrx_word' id='word_1_516' title='bbox 700 3831 765 3888; x_wconf 91' lang='lat' dir='ltr'><strong>sola</strong></span> <span class='ocrx_word' id='word_1_517' title='bbox 779 3831 893 3893; x_wconf 82' lang='lat' dir='ltr'><strong>Monte·</strong></span> <span class='ocrx_word' id='word_1_518' title='bbox 944 3831 1040 3885; x_wconf 87' lang='lat' dir='ltr'><strong>vestro</strong></span> <span class='ocrx_word' id='word_1_519' title='bbox 1056 3828 1146 3895; x_wconf 83' lang='lat' dir='ltr'><strong>luere,</strong></span> <span class='ocrx_word' id='word_1_520' title='bbox 1161 3844 1196 3884; x_wconf 90' lang='lat' dir='ltr'><strong>ea</strong></span> <span class='ocrx_word' id='word_1_521' title='bbox 1209 3844 1273 3884; x_wconf 87' lang='lat' dir='ltr'><strong>ease</strong></span> <span class='ocrx_word' id='word_1_522' title='bbox 1287 3828 1318 3883; x_wconf 90' lang='lat' dir='ltr'><strong>in</strong></span> <span class='ocrx_word' id='word_1_523' title='bbox 1333 3843 1386 3884; x_wconf 88' lang='lat' dir='ltr'><strong>nos</strong></span> <span class='ocrx_word' id='word_1_524' title='bbox 1409 3826 1562 3884; x_wconf 90' lang='lat' dir='ltr'><strong>translata.</strong></span> <span class='ocrx_word' id='word_1_525' title='bbox 1590 3850 1605 3878; x_wconf 88' lang='lat'>»</span> <span class='ocrx_word' id='word_1_526' title='bbox 1631 3828 1667 3884; x_wconf 81' lang='lat' dir='ltr'><strong>ut</strong></span> <span class='ocrx_word' id='word_1_527' title='bbox 1682 3829 1767 3896; x_wconf 88' lang='lat' dir='ltr'><strong>inire,</strong></span> 
     </span>
     <span class='ocr_line' id='line_1_41' title="bbox 57 3908 1768 3992; baseline 0.004 -26"><span class='ocrx_word' id='word_1_528' title='bbox 57 3908 213 3966; x_wconf 77' lang='lat' dir='ltr'><strong>nistmun</strong></span> <span class='ocrx_word' id='word_1_529' title='bbox 229 3908 342 3965; x_wconf 86' lang='lat' dir='ltr'><strong>lamilia</strong></span> <span class='ocrx_word' id='word_1_530' title='bbox 355 3910 475 3985; x_wconf 85' lang='lat' dir='ltr'><strong>dignam</strong></span> <span class='ocrx_word' id='word_1_531' title='bbox 493 3913 500 3969; x_wconf 92' lang='lat' dir='ltr'><strong>l</strong></span> <span class='ocrx_word' id='word_1_532' title='bbox 945 3933 1036 3992; x_wconf 91' lang='lat' dir='ltr'><strong>quam</strong></span> <span class='ocrx_word' id='word_1_533' title='bbox 1051 3916 1237 3990; x_wconf 83' lang='lat' dir='ltr'><strong>perspicuum</strong></span> <span class='ocrx_word' id='word_1_534' title='bbox 1253 3931 1317 3972; x_wconf 90' lang='lat' dir='ltr'><strong>esse</strong></span> <span class='ocrx_word' id='word_1_535' title='bbox 1331 3916 1427 3984; x_wconf 90' lang='lat' dir='ltr'><strong>docet,</strong></span> <span class='ocrx_word' id='word_1_536' title='bbox 1442 3920 1471 3973; x_wconf 90' lang='lat' dir='ltr'><strong>et</strong></span> <span class='ocrx_word' id='word_1_537' title='bbox 1487 3915 1517 3972; x_wconf 93' lang='lat' dir='ltr'><strong>in</strong></span> <span class='ocrx_word' id='word_1_538' title='bbox 1527 3915 1660 3973; x_wconf 86' lang='lat' dir='ltr'><strong>omnium</strong></span> <span class='ocrx_word' id='word_1_539' title='bbox 1675 3916 1768 3973; x_wconf 89' lang='lat' dir='ltr'><strong>oculis</strong></span> 
     </span>
     <span class='ocr_line' id='line_1_42' title="bbox 96 3999 1767 4078; baseline 0.005 -26"><span class='ocrx_word' id='word_1_540' title='bbox 96 3999 350 4069; x_wconf 76' lang='lat' dir='ltr'><strong>nocargomento</strong></span> <span class='ocrx_word' id='word_1_541' title='bbox 376 3999 461 4058; x_wconf 84' lang='lat' dir='ltr'><strong>facile</strong></span> <span class='ocrx_word' id='word_1_542' title='bbox 484 4018 531 4060; x_wconf 92' lang='lat' dir='ltr'><strong>me</strong></span> <span class='ocrx_word' id='word_1_543' title='bbox 555 4005 732 4078; x_wconf 87' lang='lat' dir='ltr'><strong>expedirem,</strong></span> <span class='ocrx_word' id='word_1_544' title='bbox 757 4008 782 4064; x_wconf 90' lang='lat' dir='ltr'><strong>si</strong></span> <span class='ocrx_word' id='word_1_545' title='bbox 808 4009 892 4067; x_wconf 88' lang='lat' dir='ltr'><strong>innu-</strong></span> <span class='ocrx_word' id='word_1_546' title='bbox 945 4003 1278 4078; x_wconf 90' lang='lat' dir='ltr'><strong>positum,nullumtum</strong></span> <span class='ocrx_word' id='word_1_547' title='bbox 1290 4003 1419 4076; x_wconf 90' lang='lat' dir='ltr'><strong>amplius</strong></span> <span class='ocrx_word' id='word_1_548' title='bbox 1429 4007 1541 4061; x_wconf 90' lang='lat' dir='ltr'><strong>exstare</strong></span> <span class='ocrx_word' id='word_1_549' title='bbox 1552 4003 1582 4060; x_wconf 92' lang='lat' dir='ltr'><strong>in</strong></span> <span class='ocrx_word' id='word_1_550' title='bbox 1597 4004 1767 4062; x_wconf 75' lang='lat' dir='ltr'><strong>iudeorum</strong></span> 
     </span>
     <span class='ocr_line' id='line_1_43' title="bbox 60 4081 1769 4170; baseline 0.005 -29"><span class='ocrx_word' id='word_1_551' title='bbox 60 4099 150 4141; x_wconf 81' lang='lat' dir='ltr'><strong>mssa</strong></span> <span class='ocrx_word' id='word_1_552' title='bbox 164 4081 371 4143; x_wconf 79' lang='lat' dir='ltr'><strong>hucafferrem</strong></span> <span class='ocrx_word' id='word_1_553' title='bbox 386 4087 502 4158; x_wconf 90' lang='lat' dir='ltr'><strong>similis,</strong></span> <span class='ocrx_word' id='word_1_554' title='bbox 526 4092 552 4149; x_wconf 90' lang='lat' dir='ltr'><strong>ai</strong></span> <span class='ocrx_word' id='word_1_555' title='bbox 576 4109 634 4150; x_wconf 92' lang='lat' dir='ltr'><strong>non</strong></span> <span class='ocrx_word' id='word_1_556' title='bbox 658 4094 748 4152; x_wconf 87' lang='lat' dir='ltr'><strong>etiam</strong></span> <span class='ocrx_word' id='word_1_557' title='bbox 772 4098 892 4170; x_wconf 75' lang='lat' dir='ltr'><strong>maioris</strong></span> <span class='ocrx_word' id='word_1_558' title='bbox 946 4099 1032 4169; x_wconf 90' lang='lat' dir='ltr'><strong>gente</strong></span> <span class='ocrx_word' id='word_1_559' title='bbox 1054 4093 1251 4168; x_wconf 85' lang='lat' dir='ltr'><strong>prophetam:</strong></span> <span class='ocrx_word' id='word_1_560' title='bbox 1273 4097 1335 4150; x_wconf 89' lang='lat' dir='ltr'><strong>tum</strong></span> <span class='ocrx_word' id='word_1_561' title='bbox 1359 4091 1456 4167; x_wconf 88' lang='lat' dir='ltr'><strong>palam</strong></span> <span class='ocrx_word' id='word_1_562' title='bbox 1481 4110 1546 4150; x_wconf 90' lang='lat' dir='ltr'><strong>esse</strong></span> <span class='ocrx_word' id='word_1_563' title='bbox 1570 4094 1718 4166; x_wconf 88' lang='lat' dir='ltr'><strong>omnibus,</strong></span> <span class='ocrx_word' id='word_1_564' title='bbox 1736 4111 1769 4150; x_wconf 88' lang='lat' dir='ltr'><strong>ac</strong></span> 
     </span>
     <span class='ocr_line' id='line_1_44' title="bbox 60 4171 1767 4252; baseline 0.006 -25"><span class='ocrx_word' id='word_1_565' title='bbox 60 4171 184 4229; x_wconf 70' lang='lat' dir='ltr'><strong>fidncia</strong></span> <span class='ocrx_word' id='word_1_566' title='bbox 196 4172 403 4246; x_wconf 85' lang='lat' dir='ltr'><strong>exempla,non</strong></span> <span class='ocrx_word' id='word_1_567' title='bbox 418 4179 551 4238; x_wconf 89' lang='lat' dir='ltr'><strong>modoex</strong></span> <span class='ocrx_word' id='word_1_568' title='bbox 566 4183 759 4240; x_wconf 85' lang='lat' dir='ltr'><strong>recentiorum</strong></span> <span class='ocrx_word' id='word_1_569' title='bbox 776 4192 894 4245; x_wconf 91' lang='lat' dir='ltr'><strong>saneto·</strong></span> <span class='ocrx_word' id='word_1_570' title='bbox 946 4183 1147 4252; x_wconf 76' lang='lat' dir='ltr'><strong>manifestum,</strong></span> <span class='ocrx_word' id='word_1_571' title='bbox 1173 4198 1237 4238; x_wconf 89' lang='lat' dir='ltr'><strong>csse</strong></span> <span class='ocrx_word' id='word_1_572' title='bbox 1270 4197 1369 4239; x_wconf 90' lang='lat' dir='ltr'><strong>revera</strong></span> <span class='ocrx_word' id='word_1_573' title='bbox 1402 4180 1478 4238; x_wconf 87' lang='lat' dir='ltr'><strong>inter</strong></span> <span class='ocrx_word' id='word_1_574' title='bbox 1500 4181 1684 4239; x_wconf 86' lang='lat' dir='ltr'><strong>Christianos</strong></span> <span class='ocrx_word' id='word_1_575' title='bbox 1709 4198 1767 4238; x_wconf 93' lang='lat' dir='ltr'><strong>non</strong></span> 
     </span>
     <span class='ocr_line' id='line_1_45' title="bbox 62 4259 1768 4345; baseline 0.005 -27"><span class='ocrx_word' id='word_1_576' title='bbox 62 4277 136 4318; x_wconf 89' lang='lat' dir='ltr'><strong>rum</strong></span> <span class='ocrx_word' id='word_1_577' title='bbox 151 4259 295 4331; x_wconf 82' lang='lat' dir='ltr'><strong>historiis,</strong></span> <span class='ocrx_word' id='word_1_578' title='bbox 316 4264 367 4321; x_wconf 86' lang='lat' dir='ltr'><strong>sed</strong></span> <span class='ocrx_word' id='word_1_579' title='bbox 391 4281 408 4323; x_wconf 92' lang='lat' dir='ltr'><strong>e</strong></span> <span class='ocrx_word' id='word_1_580' title='bbox 431 4266 600 4326; x_wconf 84' lang='lat' dir='ltr'><strong>&#39;l&#39;hsodorlti</strong></span> <span class='ocrx_word' id='word_1_581' title='bbox 625 4288 743 4345; x_wconf 90' lang='lat' dir='ltr'><strong>queque</strong></span> <span class='ocrx_word' id='word_1_582' title='bbox 769 4273 893 4335; x_wconf 88' lang='lat' dir='ltr'><strong>historia</strong></span> <span class='ocrx_word' id='word_1_583' title='bbox 946 4273 1024 4330; x_wconf 91' lang='lat' dir='ltr'><strong>viros</strong></span> <span class='ocrx_word' id='word_1_584' title='bbox 1038 4272 1219 4342; x_wconf 88' lang='lat' dir='ltr'><strong>tantum,sed</strong></span> <span class='ocrx_word' id='word_1_585' title='bbox 1234 4272 1322 4328; x_wconf 90' lang='lat' dir='ltr'><strong>etiam</strong></span> <span class='ocrx_word' id='word_1_586' title='bbox 1337 4269 1768 4343; x_wconf 78' lang='lat' dir='ltr'><strong>feminas,prephetiespiritus</strong></span> 
     </span>
     <span class='ocr_line' id='line_1_46' title="bbox 63 4347 1769 4430; baseline 0.006 -24"><span class='ocrx_word' id='word_1_587' title='bbox 63 4347 221 4421; x_wconf 80' lang='lat' dir='ltr'><strong>religiosa,</strong></span> <span class='ocrx_word' id='word_1_588' title='bbox 234 4364 251 4406; x_wconf 90' lang='lat' dir='ltr'><strong>e</strong></span> <span class='ocrx_word' id='word_1_589' title='bbox 264 4353 395 4425; x_wconf 87' lang='lat' dir='ltr'><strong>Gregorii</strong></span> <span class='ocrx_word' id='word_1_590' title='bbox 417 4354 556 4430; x_wconf 89' lang='lat' dir='ltr'><strong>Dialogis,</strong></span> <span class='ocrx_word' id='word_1_591' title='bbox 581 4375 616 4415; x_wconf 90' lang='lat' dir='ltr'><strong>ex</strong></span> <span class='ocrx_word' id='word_1_592' title='bbox 634 4359 758 4419; x_wconf 89' lang='lat' dir='ltr'><strong>Joannis</strong></span> <span class='ocrx_word' id='word_1_593' title='bbox 782 4362 893 4423; x_wconf 82' lang='lat' dir='ltr'><strong>Moschi</strong></span> <span class='ocrx_word' id='word_1_594' title='bbox 948 4361 1109 4419; x_wconf 90' lang='lat' dir='ltr'><strong>secundum</strong></span> <span class='ocrx_word' id='word_1_595' title='bbox 1124 4359 1213 4419; x_wconf 88' lang='lat' dir='ltr'><strong>loelis</strong></span> <span class='ocrx_word' id='word_1_596' title='bbox 1228 4358 1396 4416; x_wconf 90' lang='lat' dir='ltr'><strong>vaticinium</strong></span> <span class='ocrx_word' id='word_1_597' title='bbox 1412 4358 1526 4415; x_wconf 86' lang='lat' dir='ltr'><strong>alilatos</strong></span> <span class='ocrx_word' id='word_1_598' title='bbox 1540 4358 1598 4430; x_wconf 87' lang='grc'>(90)</span> <span class='ocrx_word' id='word_1_599' title='bbox 1613 4374 1620 4414; x_wconf 86' lang='lat'>:</span> <span class='ocrx_word' id='word_1_600' title='bbox 1640 4379 1654 4409; x_wconf 90' lang='lat'>«</span> <span class='ocrx_word' id='word_1_601' title='bbox 1670 4359 1713 4415; x_wconf 93' lang='lat' dir='ltr'><strong>Ita</strong></span> <span class='ocrx_word' id='word_1_602' title='bbox 1736 4364 1769 4416; x_wconf 90' lang='lat' dir='ltr'><strong>ut</strong></span> 
     </span>
     <span class='ocr_line' id='line_1_47' title="bbox 66 4435 1769 4524; baseline 0.006 -31"><span class='ocrx_word' id='word_1_603' title='bbox 66 4435 331 4512; x_wconf 77' lang='lat' dir='ltr'><strong>Pratosplrituali,</strong></span> <span class='ocrx_word' id='word_1_604' title='bbox 355 4456 390 4497; x_wconf 83' lang='lat' dir='ltr'><strong>cx</strong></span> <span class='ocrx_word' id='word_1_605' title='bbox 415 4442 481 4501; x_wconf 90' lang='lat' dir='ltr'><strong>aliis</strong></span> <span class='ocrx_word' id='word_1_606' title='bbox 502 4445 672 4516; x_wconf 74' lang='lat' dir='ltr'><strong>huiusmodi</strong></span> <span class='ocrx_word' id='word_1_607' title='bbox 697 4449 803 4521; x_wconf 90' lang='lat' dir='ltr'><strong>quinti,</strong></span> <span class='ocrx_word' id='word_1_608' title='bbox 819 4457 893 4512; x_wconf 82' lang='lat' dir='ltr'><strong>sexti</strong></span> <span class='ocrx_word' id='word_1_609' title='bbox 947 4450 978 4507; x_wconf 90' lang='lat' dir='ltr'><strong>in</strong></span> <span class='ocrx_word' id='word_1_610' title='bbox 1000 4464 1104 4524; x_wconf 87' lang='lat' dir='ltr'><strong>genere</strong></span> <span class='ocrx_word' id='word_1_611' title='bbox 1127 4453 1222 4507; x_wconf 89' lang='lat' dir='ltr'><strong>vestro</strong></span> <span class='ocrx_word' id='word_1_612' title='bbox 1247 4464 1305 4504; x_wconf 91' lang='lat' dir='ltr'><strong>uon</strong></span> <span class='ocrx_word' id='word_1_613' title='bbox 1330 4445 1458 4519; x_wconf 88' lang='lat' dir='ltr'><strong>amplius</strong></span> <span class='ocrx_word' id='word_1_614' title='bbox 1481 4462 1561 4503; x_wconf 89' lang='lat' dir='ltr'><strong>more</strong></span> <span class='ocrx_word' id='word_1_615' title='bbox 1585 4448 1675 4504; x_wconf 89' lang='lat' dir='ltr'><strong>veteri</strong></span> <span class='ocrx_word' id='word_1_616' title='bbox 1701 4465 1769 4521; x_wconf 89' lang='lat' dir='ltr'><strong>pro·</strong></span> 
     </span>
     <span class='ocr_line' id='line_1_48' title="bbox 67 4525 1773 4621; baseline 0.008 -42"><span class='ocrx_word' id='word_1_617' title='bbox 67 4540 104 4580; x_wconf 83' lang='lat' dir='ltr'><strong>ac</strong></span> <span class='ocrx_word' id='word_1_618' title='bbox 116 4525 306 4595; x_wconf 87' lang='lat' dir='ltr'><strong>sequentinm</strong></span> <span class='ocrx_word' id='word_1_619' title='bbox 318 4530 489 4589; x_wconf 84' lang='lat' dir='ltr'><strong>seculorum</strong></span> <span class='ocrx_word' id='word_1_620' title='bbox 502 4534 700 4592; x_wconf 86' lang='lat' dir='ltr'><strong>voluminibus</strong></span> <span class='ocrx_word' id='word_1_621' title='bbox 716 4547 893 4606; x_wconf 73' lang='lat' dir='ltr'><strong>coacervata.</strong></span> <span class='ocrx_word' id='word_1_622' title='bbox 910 4539 1040 4621; x_wconf 75' lang='lat' dir='ltr'><strong>preta</strong></span> <span class='ocrx_word' id='word_1_623' title='bbox 1062 4537 1151 4595; x_wconf 82' lang='lat' dir='ltr'><strong>futuri</strong></span> <span class='ocrx_word' id='word_1_624' title='bbox 1178 4540 1275 4594; x_wconf 91' lang='lat' dir='ltr'><strong>essent</strong></span> <span class='ocrx_word' id='word_1_625' title='bbox 1291 4552 1297 4591; x_wconf 93' lang='lat'>:</span> <span class='ocrx_word' id='word_1_626' title='bbox 1316 4535 1393 4607; x_wconf 91' lang='lat' dir='ltr'><strong>qnod</strong></span> <span class='ocrx_word' id='word_1_627' title='bbox 1417 4538 1446 4591; x_wconf 92' lang='lat' dir='ltr'><strong>et</strong></span> <span class='ocrx_word' id='word_1_628' title='bbox 1468 4535 1562 4592; x_wconf 91' lang='lat' dir='ltr'><strong>oculis</strong></span> <span class='ocrx_word' id='word_1_629' title='bbox 1588 4536 1644 4610; x_wconf 88' lang='lat' dir='ltr'><strong>ipsi</strong></span> <span class='ocrx_word' id='word_1_630' title='bbox 1666 4539 1773 4595; x_wconf 89' lang='lat' dir='ltr'><strong>vestris</strong></span> 
     </span>
     <span class='ocr_line' id='line_1_49' title="bbox 67 4613 1773 4700; baseline 0.01 -33"><span class='ocrx_word' id='word_1_631' title='bbox 67 4613 251 4686; x_wconf 77' lang='lat' dir='ltr'><strong>Atqnomsm</strong></span> <span class='ocrx_word' id='word_1_632' title='bbox 265 4616 338 4673; x_wconf 90' lang='lat' dir='ltr'><strong>mibi</strong></span> <span class='ocrx_word' id='word_1_633' title='bbox 353 4634 421 4676; x_wconf 90' lang='lat' dir='ltr'><strong>cum</strong></span> <span class='ocrx_word' id='word_1_634' title='bbox 435 4623 581 4694; x_wconf 86' lang='lat' dir='ltr'><strong>ejusmodi</strong></span> <span class='ocrx_word' id='word_1_635' title='bbox 593 4623 895 4700; x_wconf 78' lang='lat' dir='ltr'><strong>hominibusquastio</strong></span> <span class='ocrx_word' id='word_1_636' title='bbox 950 4643 1068 4686; x_wconf 91' lang='lat' dir='ltr'><strong>cernere</strong></span> <span class='ocrx_word' id='word_1_637' title='bbox 1083 4625 1287 4699; x_wconf 87' lang='lat' dir='ltr'><strong>potestis.Pcst</strong></span> <span class='ocrx_word' id='word_1_638' title='bbox 1302 4623 1384 4679; x_wconf 91' lang='lat' dir='ltr'><strong>illum</strong></span> <span class='ocrx_word' id='word_1_639' title='bbox 1401 4639 1529 4696; x_wconf 84' lang='lat' dir='ltr'><strong>namque</strong></span> <span class='ocrx_word' id='word_1_640' title='bbox 1540 4624 1639 4683; x_wconf 92' lang='lat' dir='ltr'><strong>nullus</strong></span> <span class='ocrx_word' id='word_1_641' title='bbox 1654 4626 1773 4684; x_wconf 90' lang='lat' dir='ltr'><strong>omnino</strong></span> 
     </span>
     <span class='ocr_line' id='line_1_50' title="bbox 68 4701 1773 4790; baseline 0.009 -34"><span class='ocrx_word' id='word_1_642' title='bbox 68 4704 124 4769; x_wconf 83' lang='lat' dir='ltr'><strong>est,</strong></span> <span class='ocrx_word' id='word_1_643' title='bbox 147 4701 197 4774; x_wconf 89' lang='lat' dir='ltr'><strong>qni</strong></span> <span class='ocrx_word' id='word_1_644' title='bbox 223 4702 252 4759; x_wconf 92' lang='lat' dir='ltr'><strong>id</strong></span> <span class='ocrx_word' id='word_1_645' title='bbox 277 4706 393 4776; x_wconf 88' lang='lat' dir='ltr'><strong>generis</strong></span> <span class='ocrx_word' id='word_1_646' title='bbox 416 4713 617 4770; x_wconf 86' lang='lat' dir='ltr'><strong>monumentis</strong></span> <span class='ocrx_word' id='word_1_647' title='bbox 646 4731 763 4772; x_wconf 91' lang='lat' dir='ltr'><strong>omnem</strong></span> <span class='ocrx_word' id='word_1_648' title='bbox 787 4722 896 4775; x_wconf 88' lang='lat' dir='ltr'><strong>temere</strong></span> <span class='ocrx_word' id='word_1_649' title='bbox 951 4717 1029 4790; x_wconf 89' lang='lat' dir='ltr'><strong>apud</strong></span> <span class='ocrx_word' id='word_1_650' title='bbox 1044 4731 1095 4771; x_wconf 91' lang='lat' dir='ltr'><strong>vos</strong></span> <span class='ocrx_word' id='word_1_651' title='bbox 1111 4717 1197 4771; x_wconf 92' lang='lat' dir='ltr'><strong>natus</strong></span> <span class='ocrx_word' id='word_1_652' title='bbox 1212 4716 1257 4769; x_wconf 91' lang='lat' dir='ltr'><strong>est</strong></span> <span class='ocrx_word' id='word_1_653' title='bbox 1271 4711 1422 4786; x_wconf 88' lang='lat' dir='ltr'><strong>propheta.</strong></span> <span class='ocrx_word' id='word_1_654' title='bbox 1436 4734 1449 4764; x_wconf 77' lang='lat' dir='ltr'><strong>a</strong></span> <span class='ocrx_word' id='word_1_655' title='bbox 1466 4713 1499 4768; x_wconf 80' lang='lat' dir='ltr'><strong>tlt</strong></span> <span class='ocrx_word' id='word_1_656' title='bbox 1513 4715 1599 4786; x_wconf 90' lang='lat' dir='ltr'><strong>paulo</strong></span> <span class='ocrx_word' id='word_1_657' title='bbox 1615 4720 1682 4789; x_wconf 90' lang='lat' dir='ltr'><strong>post</strong></span> <span class='ocrx_word' id='word_1_658' title='bbox 1697 4717 1773 4788; x_wconf 83' lang='lat' dir='ltr'><strong>(9l):</strong></span> 
     </span>
     <span class='ocr_line' id='line_1_51' title="bbox 69 4789 1776 4881; baseline -0.002 -20"><span class='ocrx_word' id='word_1_659' title='bbox 69 4789 330 4881; x_wconf 55' lang='lat' dir='ltr'><strong>fidilmhwssfflh</strong></span> <span class='ocrx_word' id='word_1_660' title='bbox 352 4793 413 4852; x_wconf 83' lang='lat' dir='ltr'><strong>hec</strong></span> <span class='ocrx_word' id='word_1_661' title='bbox 440 4798 470 4853; x_wconf 92' lang='lat' dir='ltr'><strong>in</strong></span> <span class='ocrx_word' id='word_1_662' title='bbox 500 4801 721 4871; x_wconf 80' lang='lat' dir='ltr'><strong>presentiarum</strong></span> <span class='ocrx_word' id='word_1_663' title='bbox 752 4805 842 4863; x_wconf 89' lang='lat' dir='ltr'><strong>missa</strong></span> <span class='ocrx_word' id='word_1_664' title='bbox 859 4807 899 4863; x_wconf 89' lang='lat' dir='ltr'><strong>la·</strong></span> <span class='ocrx_word' id='word_1_665' title='bbox 987 4827 1001 4856; x_wconf 89' lang='lat'>«</span> <span class='ocrx_word' id='word_1_666' title='bbox 1018 4804 1070 4859; x_wconf 82' lang='lat' dir='ltr'><strong>Est</strong></span> <span class='ocrx_word' id='word_1_667' title='bbox 1083 4801 1162 4875; x_wconf 86' lang='lat' dir='ltr'><strong>apud</strong></span> <span class='ocrx_word' id='word_1_668' title='bbox 1186 4800 1351 4857; x_wconf 88' lang='lat' dir='ltr'><strong>nosviderc</strong></span> <span class='ocrx_word' id='word_1_669' title='bbox 1375 4805 1404 4856; x_wconf 91' lang='lat' dir='ltr'><strong>et</strong></span> <span class='ocrx_word' id='word_1_670' title='bbox 1424 4801 1549 4859; x_wconf 79' lang='lat' dir='ltr'><strong>feminas</strong></span> <span class='ocrx_word' id='word_1_671' title='bbox 1575 4808 1603 4860; x_wconf 91' lang='lat' dir='ltr'><strong>et</strong></span> <span class='ocrx_word' id='word_1_672' title='bbox 1626 4803 1776 4860; x_wconf 88' lang='lat' dir='ltr'><strong>masculos</strong></span> 
     </span>
     <span class='ocr_line' id='line_1_52' title="bbox 70 4876 1775 4964; baseline 0.007 -31"><span class='ocrx_word' id='word_1_673' title='bbox 70 4876 192 4941; x_wconf 82' lang='lat' dir='ltr'><strong>ciam.et</strong></span> <span class='ocrx_word' id='word_1_674' title='bbox 201 4878 240 4935; x_wconf 90' lang='lat' dir='ltr'><strong>ad</strong></span> <span class='ocrx_word' id='word_1_675' title='bbox 255 4880 314 4938; x_wconf 86' lang='lat' dir='ltr'><strong>alia</strong></span> <span class='ocrx_word' id='word_1_676' title='bbox 328 4898 376 4940; x_wconf 90' lang='lat' dir='ltr'><strong>me</strong></span> <span class='ocrx_word' id='word_1_677' title='bbox 390 4888 522 4960; x_wconf 89' lang='lat' dir='ltr'><strong>exempla</strong></span> <span class='ocrx_word' id='word_1_678' title='bbox 536 4890 765 4964; x_wconf 89' lang='lat' dir='ltr'><strong>testimoniaque</strong></span> <span class='ocrx_word' id='word_1_679' title='bbox 777 4911 898 4952; x_wconf 89' lang='lat' dir='ltr'><strong>conver·</strong></span> <span class='ocrx_word' id='word_1_680' title='bbox 953 4895 1030 4952; x_wconf 89' lang='lat' dir='ltr'><strong>dona</strong></span> <span class='ocrx_word' id='word_1_681' title='bbox 1044 4910 1061 4948; x_wconf 88' lang='lat' dir='ltr'><strong>a</strong></span> <span class='ocrx_word' id='word_1_682' title='bbox 1074 4891 1181 4963; x_wconf 89' lang='lat' dir='ltr'><strong>Spiritu</strong></span> <span class='ocrx_word' id='word_1_683' title='bbox 1195 4889 1243 4946; x_wconf 85' lang='lat' dir='ltr'><strong>Dei</strong></span> <span class='ocrx_word' id='word_1_684' title='bbox 1258 4888 1428 4946; x_wconf 85' lang='lat' dir='ltr'><strong>babentes.»</strong></span> <span class='ocrx_word' id='word_1_685' title='bbox 1444 4891 1502 4948; x_wconf 90' lang='lat' dir='ltr'><strong>lloc</strong></span> <span class='ocrx_word' id='word_1_686' title='bbox 1520 4891 1629 4949; x_wconf 79' lang='lat' dir='ltr'><strong>tustini</strong></span> <span class='ocrx_word' id='word_1_687' title='bbox 1640 4891 1775 4964; x_wconf 90' lang='lat' dir='ltr'><strong>martyris</strong></span> 
     </span>
     <span class='ocr_line' id='line_1_53' title="bbox 70 4966 1774 5056; baseline 0.008 -36"><span class='ocrx_word' id='word_1_688' title='bbox 70 4973 145 5036; x_wconf 71' lang='lat' dir='ltr'><strong>um,</strong></span> <span class='ocrx_word' id='word_1_689' title='bbox 162 4966 272 5040; x_wconf 87' lang='lat' dir='ltr'><strong>quihus</strong></span> <span class='ocrx_word' id='word_1_690' title='bbox 284 4969 305 5025; x_wconf 92' lang='lat' dir='ltr'><strong>ii</strong></span> <span class='ocrx_word' id='word_1_691' title='bbox 319 4975 438 5032; x_wconf 84' lang='lat' dir='ltr'><strong>tantum</strong></span> <span class='ocrx_word' id='word_1_692' title='bbox 455 4977 592 5050; x_wconf 76' lang='lat' dir='ltr'><strong>refragari</strong></span> <span class='ocrx_word' id='word_1_693' title='bbox 617 4980 753 5055; x_wconf 90' lang='lat' dir='ltr'><strong>audeant,</strong></span> <span class='ocrx_word' id='word_1_694' title='bbox 782 4983 831 5056; x_wconf 89' lang='lat' dir='ltr'><strong>qni</strong></span> <span class='ocrx_word' id='word_1_695' title='bbox 848 4987 900 5040; x_wconf 86' lang='lat' dir='ltr'><strong>aut</strong></span> <span class='ocrx_word' id='word_1_696' title='bbox 953 4979 1122 5039; x_wconf 89' lang='lat' dir='ltr'><strong>testimonie</strong></span> <span class='ocrx_word' id='word_1_697' title='bbox 1147 4977 1212 5035; x_wconf 82' lang='lat' dir='ltr'><strong>falsi</strong></span> <span class='ocrx_word' id='word_1_698' title='bbox 1229 4977 1375 5049; x_wconf 89' lang='lat' dir='ltr'><strong>imprimis</strong></span> <span class='ocrx_word' id='word_1_699' title='bbox 1398 4979 1579 5037; x_wconf 87' lang='lat' dir='ltr'><strong>convincitur</strong></span> <span class='ocrx_word' id='word_1_700' title='bbox 1602 4978 1774 5052; x_wconf 89' lang='lat' dir='ltr'><strong>Basnagius,</strong></span> 
     </span>
    </p>
   </div>
   <div class='ocr_carea' id='block_1_3' title="bbox 78 5197 1781 5578">
    <p class='ocr_par' dir='ltr' id='par_1_3' title="bbox 78 5197 1780 5544">
     <span class='ocr_line' id='line_1_54' title="bbox 107 5197 1779 5290; baseline 0.008 -36"><span class='ocrx_word' id='word_1_701' title='bbox 107 5199 166 5273; x_wconf 81' lang='lat'><strong>(88)</strong></span> <span class='ocrx_word' id='word_1_702' title='bbox 181 5197 283 5279; x_wconf 68' lang='grc' dir='ltr'>Γρᾶφιι</span> <span class='ocrx_word' id='word_1_703' title='bbox 308 5200 338 5260; x_wconf 78' lang='lat' dir='ltr'><strong>ti</strong></span> <span class='ocrx_word' id='word_1_704' title='bbox 362 5209 407 5263; x_wconf 79' lang='grc' dir='ltr'><strong>καὶ</strong></span> <span class='ocrx_word' id='word_1_705' title='bbox 430 5208 468 5272; x_wconf 76' lang='grc' dir='ltr'><strong>ὡς</strong></span> <span class='ocrx_word' id='word_1_706' title='bbox 492 5208 534 5268; x_wconf 75' lang='grc' dir='ltr'><strong>ὅτι</strong></span> <span class='ocrx_word' id='word_1_707' title='bbox 559 5212 641 5290; x_wconf 62' lang='grc' dir='ltr'><strong>μᾶχρι</strong></span> <span class='ocrx_word' id='word_1_708' title='bbox 665 5211 711 5267; x_wconf 81' lang='grc' dir='ltr'><strong>καὶ</strong></span> <span class='ocrx_word' id='word_1_709' title='bbox 744 5211 825 5268; x_wconf 78' lang='grc' dir='ltr'>αὐτοῦ</span> <span class='ocrx_word' id='word_1_710' title='bbox 870 5235 900 5270; x_wconf 87' lang='grc' dir='ltr'><strong>α-</strong></span> <span class='ocrx_word' id='word_1_711' title='bbox 991 5218 1048 5287; x_wconf 82' lang='lat'>(90)</span> <span class='ocrx_word' id='word_1_712' title='bbox 1061 5210 1165 5284; x_wconf 73' lang='grc' dir='ltr'>Μηκέτι</span> <span class='ocrx_word' id='word_1_713' title='bbox 1194 5209 1220 5264; x_wconf 77' lang='lat' dir='ltr'><strong>tv</strong></span> <span class='ocrx_word' id='word_1_714' title='bbox 1243 5212 1283 5282; x_wconf 85' lang='grc' dir='ltr'><strong>τῷ</strong></span> <span class='ocrx_word' id='word_1_715' title='bbox 1326 5209 1378 5265; x_wconf 70' lang='lat' dir='ltr'><strong>ivai</strong></span> <span class='ocrx_word' id='word_1_716' title='bbox 1402 5210 1479 5284; x_wconf 82' lang='grc' dir='ltr'>ὑμῶν</span> <span class='ocrx_word' id='word_1_717' title='bbox 1502 5211 1569 5266; x_wconf 80' lang='grc' dir='ltr'>κατὰ</span> <span class='ocrx_word' id='word_1_718' title='bbox 1599 5210 1630 5266; x_wconf 84' lang='grc' dir='ltr'><strong>τὸ</strong></span> <span class='ocrx_word' id='word_1_719' title='bbox 1662 5207 1779 5267; x_wconf 79' lang='grc' dir='ltr'>παλαιὸν</span> 
     </span>
     <span class='ocr_line' id='line_1_55' title="bbox 78 5231 1777 5363; baseline 0.006 -37"><span class='ocrx_word' id='word_1_720' title='bbox 78 5268 194 5359; x_wconf 44' lang='grc' dir='ltr'><strong>ρξσμπα.</strong></span> <span class='ocrx_word' id='word_1_721' title='bbox 226 5279 384 5362; x_wconf 56' lang='grc' dir='ltr'>προφηῖικὰ</span> <span class='ocrx_word' id='word_1_722' title='bbox 426 5276 574 5357; x_wconf 67' lang='grc' dir='ltr'>διέλαμπεν</span> <span class='ocrx_word' id='word_1_723' title='bbox 622 5282 666 5340; x_wconf 74' lang='grc' dir='ltr'><strong>ἐπὶ</strong></span> <span class='ocrx_word' id='word_1_724' title='bbox 694 5289 745 5354; x_wconf 81' lang='grc' dir='ltr'><strong>τῆς</strong></span> <span class='ocrx_word' id='word_1_725' title='bbox 784 5232 870 5343; x_wconf 35' lang='lat' dir='ltr'><strong>&#39;Buff</strong></span> <span class='ocrx_word' id='word_1_726' title='bbox 888 5317 901 5330; x_wconf 88' lang='lat'><strong>·</strong></span> <span class='ocrx_word' id='word_1_727' title='bbox 956 5286 1017 5353; x_wconf 76' lang='grc' dir='ltr'><strong>ἔθος</strong></span> <span class='ocrx_word' id='word_1_728' title='bbox 1031 5286 1173 5363; x_wconf 71' lang='grc' dir='ltr'>προφήτας</span> <span class='ocrx_word' id='word_1_729' title='bbox 1192 5231 1363 5357; x_wconf 49' lang='grc' dir='ltr'>γενήσεαέαι,</span> <span class='ocrx_word' id='word_1_730' title='bbox 1378 5279 1444 5356; x_wconf 81' lang='grc' dir='ltr'>ὅπερ</span> <span class='ocrx_word' id='word_1_731' title='bbox 1468 5281 1512 5336; x_wconf 86' lang='grc' dir='ltr'><strong>καὶ</strong></span> <span class='ocrx_word' id='word_1_732' title='bbox 1536 5277 1595 5356; x_wconf 80' lang='grc' dir='ltr'>ὄψει</span> <span class='ocrx_word' id='word_1_733' title='bbox 1622 5282 1685 5356; x_wconf 85' lang='grc' dir='ltr'>ὑμῖν</span> <span class='ocrx_word' id='word_1_734' title='bbox 1711 5281 1777 5339; x_wconf 79' lang='grc' dir='ltr'>ἰδεῖν</span> 
     </span>
     <span class='ocr_line' id='line_1_56' title="bbox 78 5344 1780 5434; baseline 0.008 -37"><span class='ocrx_word' id='word_1_735' title='bbox 78 5359 147 5414; x_wconf 68' lang='grc' dir='ltr'>ραις,</span> <span class='ocrx_word' id='word_1_736' title='bbox 163 5344 227 5400; x_wconf 83' lang='lat' dir='ltr'><strong>lnh.</strong></span> <span class='ocrx_word' id='word_1_737' title='bbox 244 5361 282 5417; x_wconf 86' lang='lat' dir='ltr'><strong>tv,</strong></span> <span class='ocrx_word' id='word_1_738' title='bbox 299 5349 380 5419; x_wconf 68' lang='lat' dir='ltr'><strong>litet„</strong></span> <span class='ocrx_word' id='word_1_739' title='bbox 396 5369 460 5428; x_wconf 85' lang='lat' dir='ltr'><strong>cap.</strong></span> <span class='ocrx_word' id='word_1_740' title='bbox 478 5357 522 5414; x_wconf 84' lang='lat'><strong>18.</strong></span> <span class='ocrx_word' id='word_1_741' title='bbox 956 5357 1022 5415; x_wconf 73' lang='grc' dir='ltr'>ἔστι·</span> <span class='ocrx_word' id='word_1_742' title='bbox 1051 5357 1108 5431; x_wconf 78' lang='grc' dir='ltr'><strong>μετ’</strong></span> <span class='ocrx_word' id='word_1_743' title='bbox 1129 5354 1230 5409; x_wconf 77' lang='grc' dir='ltr'><strong>ἐκεῖνον</strong></span> <span class='ocrx_word' id='word_1_744' title='bbox 1255 5352 1307 5428; x_wconf 78' lang='grc' dir='ltr'><strong>γὰρ</strong></span> <span class='ocrx_word' id='word_1_745' title='bbox 1331 5349 1419 5414; x_wconf 79' lang='grc' dir='ltr'>οὐδεὶς</span> <span class='ocrx_word' id='word_1_746' title='bbox 1442 5350 1515 5416; x_wconf 75' lang='grc' dir='ltr'>ὅλως</span> <span class='ocrx_word' id='word_1_747' title='bbox 1543 5356 1688 5434; x_wconf 71' lang='grc' dir='ltr'>προφήτης</span> <span class='ocrx_word' id='word_1_748' title='bbox 1717 5355 1780 5432; x_wconf 86' lang='grc' dir='ltr'>παρ’</span> 
     </span>
     <span class='ocr_line' id='line_1_57' title="bbox 110 5414 1483 5544; baseline -0.001 -61"><span class='ocrx_word' id='word_1_749' title='bbox 110 5414 170 5485; x_wconf 74' lang='lat'>(⁸9)</span> <span class='ocrx_word' id='word_1_750' title='bbox 184 5416 265 5544; x_wconf 55' lang='grc' dir='ltr'><strong>Παῖἆ</strong></span> <span class='ocrx_word' id='word_1_751' title='bbox 287 5418 341 5494; x_wconf 68' lang='grc' dir='ltr'><strong>γὰρ</strong></span> <span class='ocrx_word' id='word_1_752' title='bbox 364 5424 433 5496; x_wconf 69' lang='grc' dir='ltr'><strong>ἡμῖν</strong></span> <span class='ocrx_word' id='word_1_753' title='bbox 456 5425 501 5482; x_wconf 75' lang='grc' dir='ltr'><strong>καὶ</strong></span> <span class='ocrx_word' id='word_1_754' title='bbox 523 5426 607 5520; x_wconf 66' lang='grc' dir='ltr'>μέχρι</span> <span class='ocrx_word' id='word_1_755' title='bbox 620 5431 664 5483; x_wconf 80' lang='grc' dir='ltr'><strong>νῦν</strong></span> <span class='ocrx_word' id='word_1_756' title='bbox 679 5447 700 5481; x_wconf 79' lang='grc' dir='ltr'>π</span> <span class='ocrx_word' id='word_1_757' title='bbox 718 5428 836 5505; x_wconf 67' lang='lat' dir='ltr'><strong>cerycas</strong></span> <span class='ocrx_word' id='word_1_758' title='bbox 850 5446 901 5504; x_wconf 72' lang='lat' dir='ltr'><strong>yn·</strong></span> <span class='ocrx_word' id='word_1_759' title='bbox 958 5430 1022 5505; x_wconf 83' lang='grc' dir='ltr'>ὑμῖν</span> <span class='ocrx_word' id='word_1_760' title='bbox 1036 5428 1189 5505; x_wconf 74' lang='grc' dir='ltr'>γεγένηται.</span> <span class='ocrx_word' id='word_1_761' title='bbox 1274 5497 1287 5508; x_wconf 43' lang='lat'><strong>·</strong></span> <span class='ocrx_word' id='word_1_762' title='bbox 1470 5499 1483 5511; x_wconf 80' lang='lat'><strong>.</strong></span> 
     </span>
    </p>

    <p class='ocr_par' dir='ltr' id='par_1_4' title="bbox 177 5444 1781 5578">
     <span class='ocr_line' id='line_1_58' title="bbox 177 5444 1781 5578; baseline 0.016 -39"><span class='ocrx_word' id='word_1_763' title='bbox 177 5505 197 5540; x_wconf 78' lang='lat' dir='ltr'><strong>a</strong></span> <span class='ocrx_word' id='word_1_764' title='bbox 240 5506 309 5543; x_wconf 78' lang='grc' dir='ltr'><strong>στιν·</strong></span> <span class='ocrx_word' id='word_1_765' title='bbox 334 5491 360 5564; x_wconf 74' lang='grc' dir='ltr'><strong>ἐξ</strong></span> <span class='ocrx_word' id='word_1_766' title='bbox 394 5495 426 5551; x_wconf 79' lang='grc' dir='ltr'><strong>οὔ</strong></span> <span class='ocrx_word' id='word_1_767' title='bbox 459 5497 504 5553; x_wconf 77' lang='grc' dir='ltr'><strong>καὶ</strong></span> <span class='ocrx_word' id='word_1_768' title='bbox 534 5497 613 5556; x_wconf 80' lang='grc' dir='ltr'><strong>αυτυὶ</strong></span> <span class='ocrx_word' id='word_1_769' title='bbox 637 5444 755 5554; x_wconf 60' lang='lat' dir='ltr'><strong>acciscat</strong></span> <span class='ocrx_word' id='word_1_770' title='bbox 780 5497 904 5578; x_wconf 68' lang='grc' dir='ltr'><strong>ὀφείλετε</strong></span> <span class='ocrx_word' id='word_1_771' title='bbox 992 5502 1048 5576; x_wconf 86' lang='grc'>(91)</span> <span class='ocrx_word' id='word_1_772' title='bbox 1065 5499 1114 5554; x_wconf 81' lang='grc' dir='ltr'><strong>Καὶ</strong></span> <span class='ocrx_word' id='word_1_773' title='bbox 1139 5495 1202 5569; x_wconf 83' lang='grc' dir='ltr'>παρ’</span> <span class='ocrx_word' id='word_1_774' title='bbox 1232 5495 1300 5567; x_wconf 75' lang='grc' dir='ltr'><strong>ἧμιν</strong></span> <span class='ocrx_word' id='word_1_775' title='bbox 1329 5489 1400 5548; x_wconf 66' lang='grc' dir='ltr'>ἔστιν</span> <span class='ocrx_word' id='word_1_776' title='bbox 1430 5491 1495 5551; x_wconf 58' lang='lat' dir='ltr'><strong>ww</strong></span> <span class='ocrx_word' id='word_1_777' title='bbox 1524 5495 1569 5551; x_wconf 73' lang='grc' dir='ltr'><strong>καὶ</strong></span> <span class='ocrx_word' id='word_1_778' title='bbox 1598 5496 1710 5570; x_wconf 66' lang='grc' dir='ltr'><strong>θηλείας</strong></span> <span class='ocrx_word' id='word_1_779' title='bbox 1736 5496 1781 5554; x_wconf 56' lang='grc' dir='ltr'><strong>καὶ</strong></span> 
     </span>
    </p>
   </div>
   <div class='ocr_carea' id='block_1_4' title="bbox 80 5501 1781 5721">
    <p class='ocr_par' dir='ltr' id='par_1_5' title="bbox 80 5501 1781 5721">
     <span class='ocr_line' id='line_1_59' title="bbox 80 5501 1781 5721; baseline 0.01 -110"><span class='ocrx_word' id='word_1_780' title='bbox 80 5501 270 5698; x_wconf 40' lang='lat' dir='ltr'><strong>&amp;quinitas</strong></span> <span class='ocrx_word' id='word_1_781' title='bbox 285 5557 312 5617; x_wconf 79' lang='grc' dir='ltr'><strong>ἰν</strong></span> <span class='ocrx_word' id='word_1_782' title='bbox 327 5564 462 5643; x_wconf 69' lang='grc' dir='ltr'><strong>τῷγίνει·</strong></span> <span class='ocrx_word' id='word_1_783' title='bbox 479 5568 557 5645; x_wconf 79' lang='grc' dir='ltr'>ὑμῶν</span> <span class='ocrx_word' id='word_1_784' title='bbox 571 5565 636 5628; x_wconf 73' lang='grc' dir='ltr'>ὄντα</span> <span class='ocrx_word' id='word_1_785' title='bbox 664 5568 704 5634; x_wconf 74' lang='lat' dir='ltr'><strong>ct&lt;</strong></span> <span class='ocrx_word' id='word_1_786' title='bbox 731 5571 806 5644; x_wconf 77' lang='grc' dir='ltr'><strong>ἡμᾶς</strong></span> <span class='ocrx_word' id='word_1_787' title='bbox 826 5591 904 5646; x_wconf 76' lang='lat' dir='ltr'><strong>psac-</strong></span> <span class='ocrx_word' id='word_1_788' title='bbox 958 5574 1082 5721; x_wconf 38' lang='lat' dir='ltr'><strong>{gagg</strong></span> <span class='ocrx_word' id='word_1_789' title='bbox 1097 5567 1252 5648; x_wconf 74' lang='grc' dir='ltr'><strong>χαρίσματα</strong></span> <span class='ocrx_word' id='word_1_790' title='bbox 1279 5562 1332 5619; x_wconf 81' lang='grc' dir='ltr'><strong>ἀπὸ</strong></span> <span class='ocrx_word' id='word_1_791' title='bbox 1360 5568 1408 5621; x_wconf 80' lang='grc' dir='ltr'><strong>τοῦ</strong></span> <span class='ocrx_word' id='word_1_792' title='bbox 1428 5565 1587 5648; x_wconf 70' lang='grc' dir='ltr'><strong>Πνεῦματος</strong></span> <span class='ocrx_word' id='word_1_793' title='bbox 1622 5574 1672 5636; x_wconf 74' lang='grc' dir='ltr'><strong>τοῦ</strong></span> <span class='ocrx_word' id='word_1_794' title='bbox 1714 5572 1781 5631; x_wconf 78' lang='grc' dir='ltr'><strong>Θεοῦ</strong></span> 
     </span>
    </p>
   </div>
   <div class='ocr_carea' id='block_1_5' title="bbox 0 0 1958 6100">
    <p class='ocr_par' dir='ltr' id='par_1_6' title="bbox 0 0 1958 6100">
     <span class='ocr_line' id='line_1_60' title="bbox 0 0 1958 6100; baseline 0 0"><span class='ocrx_word' id='word_1_795' title='bbox 0 0 1958 6100; x_wconf 95' lang='lat' dir='ltr'><strong> </strong></span> 
     </span>
    </p>
   </div>
  </div>
 </body>
</html>
