3892 6104
111 280 189 341 iaci
634 278 686 339 Dii
707 275 1006 339 nAEaitiicoiittit
1031 274 1292 339 Bamaliana.
1738 274 1816 337 im

110 409 311 481 apostolorum
336 408 391 477 (70)
420 408 623 465 auctoritatem
655 409 835 481 praetendere
859 408 934 464 scire
948 408 1049 479 Ajam
1064 406 1211 480 probastis
1225 406 1298 464 satia
1313 404 1815 479 ridiculum⁸⁸esseutquissequa

112 498 179 570 quis
193 495 281 553 etiam
297 498 365 553 inde
383 502 485 569 potest,
497 498 575 569 iiuod
587 498 663 553 circa
674 498 863 554 celebrandos
874 497 935 553 dies
989 500 1038 551 tur
1051 500 1192 563 errantes,
1210 495 1283 551 illud
1307 500 1405 552 tamen
1429 512 1465 551 ex
1486 495 1650 551 abundanti
1666 494 1816 565 addimus,

113 586 231 642 Pascha
247 590 275 642 et
289 587 367 643 circa
382 584 476 642 multa
490 586 548 642 alia
572 587 674 642 divinar
697 588 736 643 rei
753 589 937 642 sacramenta
990 601 1048 639 nan
1064 601 1127 640 ease
1143 584 1251 639 mirum
1264 584 1289 640 si
1304 584 1347 640 sio
1366 582 1494 639 heretici
1508 588 1609 656 agant,
1629 584 1693 655 qui,
1710 585 1765 639 etsi
1787 585 1815 643 iii

114 675 211 732 videat
225 692 289 731 csse
305 676 382 747 apud
399 674 465 731 illos
479 674 591 745 aliquas
607 675 800 741 diversitates,
818 691 870 730 nec
885 675 937 731 oh·
991 672 1169 745 quibusdam
1193 673 1358 729 minoribus
1383 672 1561 745 discrepant,
1592 673 1622 728 iri
1650 689 1685 729 eo
1708 678 1815 741 tamen,

117 765 224 822 servari
254 763 313 819 illic
341 764 441 820 omnia
463 763 613 836 aequaliter
637 781 701 836 qiire
727 762 938 835 Hierosolymis
991 762 1316 833 quodestmaximum,
1338 763 1815 818 unumeteumdemconseusam

116 854 318 923 observantur,
343 853 505 909 secundum
532 854 609 925 quod
632 854 660 908 iii
686 854 797 909 crateris
822 868 939 924 quoquo
992 855 1094 907 tenent
1108 854 1140 906 ut
1155 848 1817 923 blasphementCreatorem,quaedamsomnia

117 940 253 1014 plurimis
268 942 424 1015 provinciis
438 941 532 997 multa
543 958 593 1013 pro
606 941 734 997 locorum
747 946 775 997 et
786 941 938 996 nominum
993 940 1049 996 sibi
1062 943 1090 995 et
1101 939 1309 1011 phantasmata
1320 936 1412 1009 ignoti
1423 937 1472 993 Dci
1483 938 1687 1010 contingentes
1700 940 1817 1010 ,quos³⁸

117 1032 285 1088 diversitate
300 1032 358 1101 (71)
375 1032 535 1099 variantur,
552 1048 605 1087 nac
632 1036 729 1087 tamea
752 1034 871 1103 propter
885 1030 940 1086 hoo
994 1030 1094 1099 utique
1109 1043 1293 1098 consequeus
1317 1030 1362 1081 est
1380 1026 1423 1081 sic
1446 1026 1612 1081 consentire
1635 1027 1665 1081 iii
1681 1028 1816 1099 baptismi

116 1121 153 1176 ab
168 1119 302 1177 Ecclesiae
318 1120 466 1176 catholica
478 1135 548 1193 pace
559 1126 649 1192 atque
660 1118 939 1191 unitatealiquando
995 1116 1040 1172 sni
1056 1116 1183 1171 vanitate
1205 1118 1239 1170 ut
1261 1114 1450 1170 consentiunt
1473 1115 1502 1170 in
1519 1114 1704 1186 repudianda
1716 1116 1816 1171 divini·

116 1209 280 1265 discessum
304 1214 358 1264 ost.
384 1209 465 1272 Quod
490 1226 569 1264 nunc
594 1208 761 1280 Stephanus
786 1224 877 1264 ausus
896 1212 941 1263 est
995 1206 1065 1261 tatis
1080 1204 1211 1260 veritate.
1229 1207 1267 1259 De
1283 1203 1402 1274 quibua,
1418 1204 1557 1275 quoniam
1584 1202 1708 1275 longum
1723 1210 1770 1259 est
1784 1205 1816 1259 ad

116 1298 220 1363 lacere,
237 1314 378 1369 rumpens
393 1297 548 1353 adversum
563 1314 615 1354 ros
630 1312 742 1369 pac-em,
759 1314 847 1369 quam
864 1314 941 1352 sein·
996 1293 1113 1365 singula
1127 1309 1227 1348 corum
1243 1291 1288 1347 vel
1302 1290 1426 1347 scelesta
1440 1291 1482 1347 iiel
1504 1308 1686 1364 supervacua
1702 1308 1818 1363 respon·

117 1404 169 1459 per
183 1390 383 1441 antecessores
404 1387 471 1457 ejus
492 1386 643 1442 vobiscum
667 1402 766 1441 amore
790 1385 942 1441 ethonore
995 1384 1074 1452 dere,
1090 1380 1162 1437 satis
1177 1386 1223 1436 ast
1237 1380 1361 1435 breviter
1375 1378 1446 1434 illud
1466 1380 1497 1434 iii
1522 1381 1699 1451 compendio
1715 1380 1816 1449 dicei-a,

117 1479 221 1530 mutuo
237 1474 451 1541 custodierunt,
467 1474 563 1529 adhuc
584 1474 671 1529 etiam
693 1474 841 1530 infamans
852 1476 875 1510 ³²
890 1478 936 1530 Pe·
996 1487 1046 1527 eos
1062 1469 1112 1541 qui
1128 1485 1186 1525 non
1203 1472 1321 1524 teneant
1335 1468 1358 1503 ³⁸
1382 1484 1481 1524 rerum
1507 1467 1678 1534 Dominum,
1694 1467 1816 1537 Patrem,

118 1567 197 1619 trum
214 1566 242 1618 et
258 1562 379 1619 Paulum
405 1564 504 1619 beatos
528 1562 685 1634 apostolos,
711 1562 795 1634 quasi
820 1562 871 1617 lioc
887 1562 943 1633 ipsi
997 1564 1094 1615 tenere
1110 1575 1166 1613 noii
1183 1572 1269 1630 posse
1285 1573 1337 1613 nec
1353 1556 1416 1612 Filii
1431 1572 1484 1613 nec
1499 1556 1626 1630 Spiritus
1642 1557 1815 1613 sanctiveri·

118 1652 304 1722 tradiderint,
317 1652 366 1724 qui
382 1651 411 1705 in
423 1650 555 1724 epistolis
566 1650 628 1707 suis
639 1651 792 1707 haereticos
802 1650 942 1707 exsecrati
998 1654 1098 1715 tatem,
1115 1648 1279 1703 secundum
1294 1647 1369 1717 quod
1381 1646 1470 1702 etiam
1481 1646 1504 1681 ⁸³
1516 1644 1559 1701 illi
1571 1646 1623 1717 qui
1633 1646 1815 1719 cataphriga

119 1745 191 1797 sant
204 1744 232 1797 et
248 1744 280 1795 ut
294 1757 344 1796 eos
359 1740 502 1796 evitemus
517 1745 703 1796 monuerunt.
730 1740 809 1796 Unde
824 1744 944 1813 apparet
998 1736 1195 1810 appellantur,
1211 1740 1240 1792 at
1254 1752 1345 1791 novas
1369 1734 1536 1807 prophetias
1552 1752 1700 1807 usurpare
1715 1752 1815 1791 conan-

120 1828 307 1885 traditionem
333 1830 408 1885 hauc
434 1829 590 1884 humanam
617 1844 681 1885 esse
706 1845 770 1900 quae
792 1829 944 1885 haereticos
997 1830 1057 1896 tur,
1074 1842 1128 1882 nec
1143 1826 1258 1881 Patrem
1273 1828 1398 1896 possunt
1414 1824 1519 1879 hahere
1534 1840 1587 1879 nec
1614 1823 1759 1879 Filium³⁸
1773 1840 1815 1881 nec

121 1918 237 1987 asserit,
253 1924 281 1974 et
304 1919 462 1991 baptisma,
488 1919 592 1974 11111)
612 1919 689 1991 quod
705 1935 763 1973 noii
781 1918 836 1973 nisi
852 1918 944 1974 solius
999 1916 1153 1988 [Spiritum
1179 1918 1313 1969 sanctum
1334 1914 1356 1947 ³⁸
1382 1912 1468 1987 (71));
1493 1930 1510 1969 a
1532 1913 1642 1985 quibus
1658 1930 1815 1985 queramus

120 2006 256 2063 Ecclesia
271 2012 316 2062 est
330 2008 397 2078 (72),
414 2022 463 2062 eos
478 2006 585 2061 habere
600 2006 741 2062 del'endit.
999 2021 1087 2077 quem
1113 2002 1261 2060 Christum
1285 2003 1385 2058 11111
1414 2002 1584 2075 predicent,
1607 2004 1815 2075 respondebunt

156 2095 217 2151 vii.
243 2095 299 2151 Sed
322 2100 351 2150 et
375 2096 410 2150 ad
436 2094 514 2150 illam
541 2098 652 2166 partem
677 2096 751 2150 bene
776 2094 889 2151 avobis
904 2111 946 2151 re·
1000 2110 1068 2149 eum
1083 2108 1114 2149 se
1128 2092 1286 2165 predicare
1301 2091 1351 2164 qui
1373 2091 1487 2147 miserit
1509 2091 1654 2163 Spiritum
1675 2108 1730 2164 per
1743 2092 1815 2149 blon-

121 2200 265 2257 sponsum
289 2188 335 2239 cst
360 2184 409 2239 uhi
434 2183 601 2255 Stephanus
623 2184 652 2238 iii
668 2182 792 2256 epistola
807 2200 860 2239 sua
873 2184 947 2239 dixit
1000 2186 1102 2240 tanum
1118 2188 1147 2239 et
1160 2182 1291 2237 Priscam
1306 2180 1448 2237 locutum.
1466 2182 1499 2237 lu
1514 2180 1625 2253 quihus
1640 2198 1711 2237 oiim
1737 2182 1816 2238 aniiu-

121 2294 137 2323 «
153 2272 436 2343 hereticosquoque
456 2271 536 2342 ipsos
561 2272 589 2325 iii
612 2273 756 2341 baptismo
781 2272 945 2344 convenire,
1000 2272 1187 2327 advertamus
1213 2286 1271 2326 noii
1293 2270 1425 2326 veritatis
1453 2268 1607 2341 Spiritum,
1639 2271 1692 2326 sed
1722 2272 1816 2327 erroris

122 2363 151 2416 et
165 2360 243 2431 quod
273 2358 447 2415 alterutrum
475 2360 498 2395 ⁸⁸
519 2360 555 2415 ad
581 2376 612 2415 se
637 2359 787 2416 venientes
811 2361 866 2432 (73)
888 2377 945 2417 noii
1001 2360 1103 2427 luisse,
1113 2358 1318 2432 cognoscimus
1330 2374 1381 2415 cos
1391 2358 1441 2430 qui
1452 2358 1558 2414 salsam
1570 2356 1694 2414 illorum
1707 2360 1815 2431 prophe

121 2448 281 2521 baptizent,
307 2448 357 2504 sed
383 2448 599 2505 communicent
626 2452 752 2517 tantum,
771 2471 785 2499 »
809 2450 895 2521 quasi
919 2454 948 2506 et
1002 2450 1074 2506 tiam
1088 2447 1307 2505 contraChristi
1323 2448 1411 2504 tidem
1435 2446 1586 2503 vindicant
1608 2447 1816 2505 Christumhi·

123 2553 178 2595 nos
201 2536 256 2594 hoc
279 2537 374 2593 lacere
397 2538 567 2594 debeamus.
592 2538 653 2603 Ouo
679 2537 708 2593 in
733 2539 806 2609 loco,
826 2538 882 2595 etsi
896 2556 947 2596 iios
1002 2540 1069 2595 bere
1085 2555 1142 2594 non
1157 2554 1254 2611 posse.
1271 2537 1327 2593 Sed
1351 2540 1381 2593 et
1403 2537 1497 2593 caleri
1521 2538 1634 2609 quique
1646 2536 1814 2609 hareticisi

836 2656 939 2717 Variae
959 2655 1117 2717 lectiones.

161 2759 185 2794 ³¹
200 2758 325 2814 lnlamat
340 2758 385 2813 Ar.
401 2760 478 2813 tam.
493 2758 573 2814 dtur.
589 2757 646 2814 ΝΟ.
664 2760 690 2814 1.
705 2759 776 2815 ltod.
789 2762 816 2814 2.
832 2760 854 2795 θ’
869 2760 950 2825 Quod
966 2763 1002 2817 ad
1019 2760 1192 2817 alterutrum
1207 2759 1292 2815 Oeen.
1313 2760 1336 2796 ⁸⁸
1353 2760 1499 2815 Probastis
1526 2759 1688 2816 ridiculum
1718 2761 1780 2817 llud.
1791 2762 1813 2816 t.

125 2830 148 2865 ³⁸
163 2830 244 2896 Quod
260 2832 337 2885 Lern.
354 2830 433 2885 Ebur.
450 2829 503 2885 ΝΟ.
523 2830 545 2886 1.
562 2830 584 2864 ⁸⁸
600 2834 638 2885 lto
653 2832 730 2903 quod
748 2848 806 2887 noii
820 2834 938 2889 teneant
952 2834 1028 2889 Lern.
1040 2834 1120 2888 nior.
1137 2831 1189 2887 ΝΟ.
1199 2832 1223 2886 1.
1239 2832 1262 2865 ⁸¹
1272 2831 1353 2895 Quod
1370 2831 1470 2903 utique
1480 2831 1546 2887 ltoil.
1563 2833 1590 2889 i.
1600 2833 1623 2867 ³⁸
1637 2832 1698 2889 Neo
1710 2832 1813 2899 liliam;

126 2901 235 2973 quibus
249 2902 295 2956 rlr.
320 2902 380 2958 NG.
399 2903 423 2956 i.
442 2902 525 2957 Elior.
543 2901 607 2957 hort.
624 2903 651 2957 2.
666 2902 745 2957 ittet.
763 2904 829 2959 l'r'ct.
844 2904 868 2940 ⁸⁹
882 2903 927 2961 Sie
942 2906 1018 2962 tum.
1046 2904 1202 2969 Sanctum;
1218 2902 1325 2974 quibus
1342 2903 1401 2973 ltip.

843 3012 1008 3074 variorum
1034 3018 1129 3073 notoe.

162 3114 219 3181 (70)
247 3116 364 3169 Frrutra
390 3116 585 3186 apostolorum.
623 3120 740 3181 Contra,
777 3119 950 3175 Vincentius
965 3120 987 3187 C
1005 3119 1072 3174 dem
1089 3118 1261 3173 adductum.
1280 3117 1393 3174 ltourii.

128 3184 289 3241 Lirinensis
304 3186 339 3242 de
354 3185 408 3241 hoo
424 3188 487 3258 ipso
502 3186 617 3258 negotio
633 3204 722 3259 agens
736 3188 792 3244 ait:
810 3190 843 3246 llt
857 3206 950 3247 omnes
1040 3190 1097 3262 (73)
1113 3190 1285 3245 Alterutrum
1299 3189 1335 3244 cd
1349 3205 1378 3244 ae
1394 3190 1541 3245 uenientes.
1557 3190 1601 3245 Ad
1619 3189 1752 3262 Cypriani
1764 3190 1811 3261 epi·

129 3257 189 3311 luce
214 3257 318 3312 clarius
348 3257 459 3313 evideant
489 3258 631 3313 lectonam
658 3260 846 3330 apestolorum
872 3262 951 3317 lenta
1005 3261 1111 3316 stolam
1135 3260 1171 3316 cil
1195 3262 1366 3331 Pompeium,
1392 3261 1442 3315 ulii
1465 3260 1606 3333 Stephani
1632 3262 1811 3317 verhaadhuc

126 3330 258 3384 successio
280 3332 383 3401 quante
407 3330 439 3383 ei
460 3344 574 3401 aeriiper,
600 3336 701 3401 quanto
724 3332 824 3394 studio.
846 3336 950 3402 quanta
1006 3332 1121 3404 plenius
1137 3332 1307 3399 afferuntur,
1325 3332 1379 3387 hoc
1396 3332 1545 3387 adnotavit
1563 3332 1810 3405 Rtgriiiumttrc

126 3401 300 3456 contentione
314 3399 466 3470 ‹telenderit
480 3406 607 3471 airrreptae
622 3406 703 3457 semet
722 3403 865 3472 relirricnta
879 3408 950 3460 tnte-
1005 3405 1122 3459 tissima
1134 3408 1178 3459 est
1198 3404 1259 3459 haec
1273 3404 1428 3475 scriptura.
1444 3404 1502 3458 lloc
1518 3411 1572 3475 est,
1601 3420 1698 3477 neque
1712 3406 1810 3460 venien-

127 3472 269 3542 9ritutem.
286 3472 320 3525 lit
335 3487 402 3525 moa
416 3471 498 3526 addit
511 3473 690 3543 Stephanum
708 3491 744 3546 pa
766 3491 813 3529 ain
826 3476 948 3547 dignum
1005 3480 1064 3531 tem
1079 3492 1097 3530 a
1112 3476 1256 3531 Marcione
1271 3475 1400 3547 baptizat
1414 3476 1579 3536 lilontanus.
1597 3493 1695 3549 neque
1709 3476 1808 3532 venien-

128 3542 313 3625 eiiistimasse
327 3545 352 3596 ει
367 3542 488 3625 reliquos·
500 3559 591 3599 oriinea
609 3548 718 3625 tanturn
733 3492 797 3614 thei
810 3546 950 3603 ileuotr'one
1005 3549 1063 3601 teni
1079 3564 1096 3602 a
1111 3548 1245 3603 llontano
1261 3546 1389 3618 baptizat
1411 3547 1549 3603 Marcion.
1566 3546 1631 3604 Non
1648 3548 1809 3621 rebaptizant

127 3622 247 3667 maceret
273 3616 406 3694 querutum
436 3614 487 3695 loct
505 3620 680 3697 ‚terretorrlaie
708 3618 867 3687 superabat.
899 3619 951 3674 Per
1004 3617 1178 3705 alterutrum
1194 3618 1231 3700 ad
1246 3634 1277 3673 se
1291 3619 1450 3673 venientes.
1466 3617 1576 3674 Rourii.

127 3682 276 3821 &hill
296 3683 353 3811 il?
374 3685 513 3811 stall
526 3685 756 3814 ..ttttltttt‘tt
779 3692 950 3817 latitat
1004 3690 1741 3817 ..ttitttttt.tt‘llintttttt.t⁵t.ltt
1754 3689 1808 3832 ,tt

128 3824 263 3909 Ecclesia
274 3771 422 3882 hemana.
445 3828 550 3897 Magna
574 3828 739 3909 animorum
763 3832 950 3889 contentione
1004 3836 1072 3887 tuor
1099 3832 1277 3904 anglicanis.
1307 3834 1350 3888 lta
1377 3832 1465 3887 etiam
1495 3834 1530 3889 de
1554 3850 1614 3889 urio
1636 3838 1810 3889 suotestatur

128 3902 480 4026 attentabant?
495 3901 950 4045 ‘stultittittttttttttt
1003 3901 1810 4047 {titinitistittttttttntttlatitat

127 4042 298 4097 factasunt.
314 4040 387 4095 lllud
399 4046 514 4097 tantum
525 4043 620 4097 dicam
633 4042 784 4114 legendam
795 4061 948 4101 esseexer·
1003 4051 1180 4117 apposuerat
1204 4046 1409 4117 castigationes
1432 4062 1467 4101 ex
1489 4048 1580 4103 variis
1598 4018 1749 4103 5codicibus
1762 4062 1809 4101 mi·

126 4111 296 4193 citationem
321 4114 360 4194 de⁸
380 4115 523 4195 singulari
538 4114 674 4239 'primatu
703 4114 776 4170 Petri
802 4132 890 4187 quam
915 4135 949 4173 ea
1003 4117 1173 4187 nuscriptis.
1192 4117 1809 4175 ltcnianettamenadhucdubiumauhao

125 4199 277 4239 occasione
305 4191 424 4265 scripsit
457 4184 501 4239 vir
536 4184 757 4242 ilustrissimus
788 4187 887 4244 Petrus
913 4190 948 4245 ds
1003 4187 1216 4244 duovocahula
1243 4189 1342 4244 addita
1371 4190 1478 4245 luerint
1507 4206 1541 4245 eii
1563 4190 1640 4246 libro
1665 4190 1760 4253 veteri,
1780 4204 1809 4243 iii

126 4253 234 4315 Marce.
250 4254 429 4327 archiepisco
452 4272 487 4311 us
502 4256 687 4312 Parisiensis.
1002 4276 1070 4315 voro
1085 4277 1120 4313 ea
1136 4262 1304 4331 conjectura
1319 4260 1436 4316 Cauchii
1461 4264 1588 4317 tantum.
1614 4262 1701 4327 Nam,
1715 4258 1809 4334 quiaii

159 4326 217 4397 (71)
245 4328 393 4383 Nominum
439 4329 587 4383 teneritate.
618 4328 757 4393 Quamvis
782 4328 842 4384 haec
863 4329 948 4387 lectio
1003 4330 1439 4403 veteribnslihriepostvocem
1453 4332 1557 4387 illium
1578 4332 1699 4389 additur
1711 4349 1764 4397 aer,
1778 4330 1809 4384 iti

125 4402 266 4452 constans
290 4398 328 4452 eit
356 4398 387 4454 iii
409 4398 547 4455 omnibus
569 4400 699 4471 antiquis
720 4399 946 4473 exemplaribus,
1003 4410 1035 4457 ut
1050 4403 1203 4457 videantur
1213 4402 1312 4474 aliqua
1322 4404 1434 4471 deesse,
1445 4404 1612 4475 conjecerat
1621 4402 1810 4461 Pameliusad·

125 4472 196 4538 puto
210 4472 309 4524 tamen
325 4469 481 4543 legendum
497 4486 561 4526 essa
580 4472 733 4528 hominum.
750 4472 851 4526 Biana.
963 4474 1098 4559 Ddenda
1121 4490 1185 4529 esse
1211 4474 1270 4529 duo
1293 4472 1343 4530 illa
1367 4474 1518 4538 vocabula.
1543 4481 1572 4532 et
1595 4477 1711 4533 addidit
1724 4476 1808 4531 ridens

158 4540 216 4609 (72)
231 4540 285 4595 Nee
304 4545 396 4597 tamen
417 4552 530 4613 propter
551 4542 600 4598 lice
614 4544 647 4597 alr
661 4544 789 4599 Ecclesiae
803 4543 947 4601 euholicae
1001 4547 1199 4615 conjecturam
1223 4562 1308 4601 suain
1334 4546 1536 4602 confirmatam
1562 4549 1734 4605 auctoritate
1755 4542 1805 4601 libii

119 4624 189 4679 pure
202 4620 285 4693 ctque
307 4614 415 4693 unitate
434 4615 586 4697 aliquando
608 4614 753 4670 discessum
772 4624 819 4669 cst.
836 4614 891 4669 att.
908 4615 944 4673 cl.
1000 4616 1170 4673 Cauchiani.
1182 4618 1213 4671 ln
1224 4616 1545 4688 codiccporroCauchii
1557 4617 1805 4679 adnotatasluiesa

122 4679 313 4738 Constantius
329 4682 490 4740 Firmiliani
503 4686 591 4741 verba
605 4686 728 4741 allcreiis
744 4686 774 4740 iii
789 4689 858 4740 nota
868 4687 903 4740 ad
915 4686 945 4741 S.
1001 4705 1057 4743 non
1075 4688 1171 4743 ¹solum
1184 4689 1279 4743 varias
1296 4688 1434 4744 lectiones
1453 4694 1586 4746 veterum
1602 4689 1753 4755 librorum,
1765 4685 1803 4743 aad

122 4751 945 4833 lre'neiepistolamadRomanuinapiscopumVictorem,
999 4760 1086 4814 etiani
1112 4761 1296 4829 conjecturas
1319 4761 1394 4829 cjus,
1419 4767 1520 4816 monet
1543 4762 1607 4832 ipse
1634 4757 1804 4818 Pameliuaii

122 4838 172 4948 {ui
187 4825 311 4905 Asianos
326 4826 468 4882 Pascham
483 4829 529 4883 die
546 4828 579 4882 14
594 4828 705 4883 mensis
720 4827 899 4884 celebrantes
909 4829 945 4884 ab
999 4831 1238 4887 adnotationibus
1254 4832 1326 4886 auis.
1344 4832 1445 4902 ltaque
1461 4848 1514 4887 nos
1527 4832 1589 4888 haec
1604 4834 1664 4890 duo
1674 4829 1803 4889 vocabula.

146 4893 946 4971 cclesiasepararecunatuslueratatleleritas,quippe
1000 4919 1064 4973 quie
1091 4903 1185 4973 posita
1208 4908 1279 4957 sunt
1304 4902 1367 4958 sine
1390 4903 1575 4967 auctoritate,
1601 4907 1802 4976 exconjectura

121 4980 191 5047 pua,
208 4970 240 5021 ut
253 4969 370 5023 credere
384 4976 439 5035 εει,
456 4988 511 5041 pair
526 4970 562 5025 ad
578 4970 726 5025 modicum
740 4970 944 5037 interturbata,
1000 4978 1126 5043 tantum,
1143 4973 1225 5028 iincis
1241 4973 1448 5029 conclusimus.
1464 4974 1574 5031 Bisuz.

120 5052 150 5091 iii
167 5044 314 5111 integrum
340 5042 475 5097 restituta
499 5046 553 5110 ast,
574 5042 697 5097 unitatis
716 5048 807 5113 ruptae
823 5043 944 5099 oblivio·
1035 5044 1168 5099 iudicant
1190 5045 1308 5115 quidem
1331 5045 1396 5101 ilar.
1420 5047 1512 5101 Lectt.
1536 5046 1616 5118 apud
1641 5046 1710 5103 edit.
1729 5043 1799 5099 Oion.

120 5124 188 5163 nem
212 5110 253 5165 ita
278 5112 403 5193 peperit,
432 5119 463 5167 ut
491 5113 527 5168 ab
551 5129 586 5167 oa
610 5111 769 5184 aliquando
794 5114 944 5169 dicessum
998 5115 1800 5187 collectaetriaverbanecSpirilumaanetnminquatior

121 5194 186 5235 esse
201 5181 337 5255 Cypriani
352 5187 435 5239 artata
451 5202 487 5240 ne
502 5183 677 5239 recoleretur
691 5184 820 5255 quidem.
840 5208 853 5233 n
865 5188 943 5241 Rom.
999 5185 1059 5241 illis
1074 5186 1157 5243 libris
1179 5188 1309 5259 Anglicis
1335 5188 1456 5255 deesse;
1482 5190 1532 5245 sed
1550 5206 1652 5245 revera
1666 5190 1695 5243 in
1709 5186 1799 5243 cunina

119 5254 224 5321 Pontis.
250 5256 402 5323 Epistulae,
426 5274 455 5325 p.
480 5258 525 5311 titt.
549 5256 623 5321 Quin
648 5255 736 5311 ctiam
761 5262 883 5311 testatus
898 5264 944 5311 est
998 5273 1032 5312 ex
1051 5257 1119 5327 illia,
1137 5258 1165 5312 hi
1181 5266 1250 5313 sunt
1265 5258 1442 5315 Bodleianus
1460 5264 1487 5315 et
1506 5261 1572 5317 novi
1589 5259 1706 5331 Collegii
1721 5256 1797 5313 codex.

119 5322 474 5403 Anatoliuslaodicenus,
485 5328 510 5383 is
521 5328 588 5398 quis
599 5334 665 5382 ante
677 5326 833 5382 concilium
846 5328 944 5383 lloruit
997 5337 1117 5399 apparet
1140 5346 1189 5385 nec
1215 5336 1281 5401 post
1306 5347 1404 5385 vocem
1428 5332 1531 5387 Filium
1546 5348 1615 5387 cuni
1632 5328 1797 5403 sequentibus

118 5390 281 5459 Nicaenum,
291 5402 506 5453 contentionem
519 5400 605 5454 istam
615 5400 650 5454 de
662 5398 802 5454 Paschatc
813 5404 942 5454 exortam
997 5404 1198 5467 conjunctum.
1216 5407 1247 5456 ln
1265 5400 1355 5457 altero
1370 5406 1467 5458 autem
1483 5402 1677 5475 epistolarum
1687 5398 1796 5475 captim

119 5464 156 5517 ab
172 5464 279 5521 lceiieo
296 5478 427 5537 pacatam
443 5486 518 5533 esse.
538 5474 663 5541 utrisque
684 5471 819 5541 patribus,
836 5472 942 5540 inquit,
997 5473 1105 5539 codice,
1123 5473 1174 5543 qni
1191 5490 1278 5543 penas
1294 5477 1338 5527 cst
1352 5474 1431 5529 idem
1450 5474 1621 5549 collegium,
1636 5474 1712 5531 haud
1725 5470 1798 5529 exstit

118 5533 150 5587 in
163 5550 215 5615 sue
229 5541 324 5607 renutu
337 5542 588 5611 perseverantibus,
612 5558 662 5597 nec
684 5558 701 5596 o
719 5544 805 5623 coepto
819 5544 941 5623 antipat-
996 5543 1143 5599 Fimiliani
1158 5544 1292 5617 epistola.
1310 5546 1419 5601 liocrii.

117 5604 183 5663 tatu
207 5623 282 5663 more
304 5609 516 5669 ileclr'ncritttus.
543 5613 611 5669 llidc
633 5611 759 5669 Anatolii
775 5614 871 5669 locum
888 5613 940 5669 ihi-
