3892 6104
113 289 173 351 444
758 281 809 342 ull
830 277 982 343 nlnnnll
1007 279 1177 342 outsvlo
1757 278 1822 339 ffl

114 407 251 493 uqmllue
273 419 302 474 et
320 414 451 490 Regulus
478 412 661 487 pertulerint,
689 411 755 470 sllet
779 409 937 484 ninuelus,
952 412 981 481 Α
994 424 1159 469 sermonem
1173 428 1192 470 e
1206 410 1334 470 Minucio
1348 411 1411 469 llerl
1426 410 1462 468 de
1476 409 1584 469 bimulo
1597 407 1821 484 Aquilio,quem

114 507 192 569 hand
207 506 295 564 dubie
308 504 379 578 quia
392 503 453 560 hec
473 519 527 560 suo
542 506 671 576 tempore
699 500 811 559 nemini
825 501 937 557 incom·
992 499 1153 572 Appianas,
1171 518 1188 558 e
1203 501 1371 558 Mithridate
1386 498 1597 557 crudelissime
1621 498 1706 555 morti
1730 496 1823 555 tradi·

114 602 197 674 perte
216 598 307 651 erant.
324 593 380 650 Sed
396 609 433 649 ue
446 590 533 648 eliani
558 591 680 649 forsitan
704 589 853 662 incognite
867 588 936 658 sint,
991 591 1066 659 tum,
1082 587 1129 646 his
1144 595 1245 646 narrat
1257 589 1373 647 verbis:
1391 611 1406 640 e
1420 588 1579 646 Necmulto
1591 590 1658 660 post
1672 587 1822 645 lderoium

113 703 148 745 se
158 683 284 742 breviter
296 680 519 751 enarrabimue3
539 680 575 736 de
590 679 676 737 Mucii
692 684 790 737 autem
805 677 938 736 Scevole
991 676 1151 751 Aquilium,
1166 677 1320 752 legationis
1336 678 1427 750 hujus
1441 683 1471 734 et
1495 676 1565 735 belli
1580 680 1729 735 enetorem
1744 691 1822 750 pro-

114 773 271 849 eupplicio,
287 771 348 828 heo
362 770 507 826 troubles
521 769 631 826 ibidem
638 768 762 841 adjecit:
780 790 794 818 «
806 767 937 835 Quicum
991 765 1123 839 sipunm,
1138 772 1257 838 ceptum
1272 767 1463 839 vinctumque
1477 765 1506 821 iu
1522 765 1605 823 esino
1618 764 1822 822 circumvehe-

113 861 276 920 erraesetin
285 856 579 932 Regemperiissetiu
589 857 734 927 hostibus,
742 854 798 913 nisi
806 856 936 912 dextram
992 853 1052 922 bet,
1068 859 1199 912 coactum
1214 859 1319 928 suapte
1332 871 1402 912 voce
1416 855 1495 927 apud
1510 858 1688 927 spectatores
1702 853 1823 927 procle-

114 950 297 1026 pcrdidisset.
315 970 329 999 e
345 947 422 1006 438
439 943 558 1004 leenim
573 961 641 1003 cum
660 945 818 1013 Porsenna,
834 944 938 1002 lltrus·
992 959 1073 1003 mars
1099 958 1131 1001 ss
1158 960 1223 1001 esse
1250 943 1403 1012 Marcium,
1429 944 1523 1001 donec
1550 942 1684 1016 Pergami
1712 958 1824 1000 eurum

114 1055 215 1097 corum
231 1055 290 1109 rex,
306 1037 428 1093 Romam
443 1034 523 1109 grem
538 1034 710 1107 diutinoque
724 1032 800 1090 hello
823 1032 937 1090 obside·
991 1030 1138 1104 liquatum
1154 1032 1185 1090 in
1199 1048 1233 1090 os
1253 1034 1317 1104 ejus
1330 1031 1472 1100 infundit,
1497 1031 1678 1104 corruptelas
1702 1030 1822 1106 largitio

114 1132 169 1193 ret,
184 1127 213 1182 in
229 1125 359 1182 bostium
380 1128 477 1181 castre
499 1123 648 1189 audenter,
673 1125 702 1179 et
725 1121 789 1178 siue
813 1120 884 1192 ulle,
905 1122 939 1177 ut
992 1135 1063 1177 unm
1077 1121 1255 1194 exprobrans
1270 1120 1483 1178 Remanent)
1500 1119 1623 1178 nomini.
1639 1141 1655 1171 e
1667 1119 1824 1194 (appiam,

114 1216 156 1274 eit
169 1214 278 1282 (licere,
295 1229 346 1287 spo
361 1211 467 1270 salutis
487 1210 618 1281 intravit,
641 1209 741 1282 ibique
767 1206 845 1282 regis
866 1207 939 1264 seri·
991 1207 1165 1267 libasset.
1181 1208 1315 1278 bitorini..
1336 1208 1422 1284 longs
1440 1213 1506 1282 post
1528 1208 1606 1277 init,
1634 1224 1700 1283 pag.
1730 1209 1824 1282 ter.)

114 1305 196 1376 bam,
221 1318 273 1376 pre
297 1302 424 1375 ipsomet
440 1313 517 1373 roge,
547 1313 635 1371 quem
658 1297 789 1354 occidere
813 1295 937 1364 nolebat,
992 1296 1104 1354 Plinius
1119 1313 1237 1370 quoqne
1260 1314 1300 1354 z«
1316 1299 1461 1370 Nectum,
1481 1297 1588 1371 inquit,
1604 1296 1753 1364 Quiritum
1769 1296 1824 1354 eli·

115 1392 287 1466 imprudens
309 1387 453 1447 interfecit
475 1387 566 1461 (Cin,
590 1385 746 1458 smenon,
769 1400 837 1459 pag.
862 1385 936 1460 434).
992 1401 1060 1458 quo,
1076 1387 1126 1444 ssd
1142 1386 1278 1444 uniuerso
1293 1386 1412 1444 nomine
1440 1387 1569 1444 Romano
1583 1386 1699 1456 intami,
1725 1402 1790 1444 rex.
1807 1408 1825 1439 s

115 1481 312 1551 Quamobrem
337 1481 441 1550 captus
455 1480 486 1535 et
500 1479 567 1533 ants
587 1474 666 1549 regis
683 1473 812 1533 tribuual
832 1473 940 1532 eddec-
994 1474 1177 1532 Mithridates
1190 1473 1308 1549 Aquilio
1324 1475 1391 1531 duci
1406 1479 1601 1547 eaptoaurum
1611 1477 1686 1532 inos
1700 1475 1824 1534 inludit.

113 1573 174 1637 tus,
190 1569 321 1625 dextrsm
343 1581 465 1623 accenso
490 1564 526 1622 ad
551 1562 730 1620 sacrificium
754 1562 817 1619 leco
839 1561 941 1633 injecit
993 1562 1090 1637 (elin,
1101 1562 1153 1621 lib.
1168 1580 1258 1621 mur
1270 1567 1371 1621 emer.
1387 1565 1468 1634 lieet,
1484 1581 1549 1638 nep.
1564 1565 1592 1636 3,
1607 1580 1675 1638 pag.
1689 1564 1753 1636 32.)

113 1656 288 1730 intrepidus.
312 1656 375 1723 Qua
400 1653 523 1711 audacia
545 1651 752 1710 exterrelectue
779 1650 938 1718 Porsenna,
1029 1669 1126 1728 pmii
1150 1670 1268 1742 quidem
1297 1686 1356 1728 no„
1384 1686 1489 1729 mmm
1514 1669 1633 1744 smmi,
1659 1687 1678 1727 a
1705 1669 1829 1729 qdod„

114 1745 200 1803 illum
211 1743 347 1802 libertale
356 1742 496 1800 donatum
518 1739 632 1798 dimisit
653 1738 776 1813 (Livius,
796 1739 900 1796 moad.
918 1753 939 1807 1,
954 1774 979 1840 B
994 1758 1119 1816 Maximo
1133 1759 1293 1832 proditum,
1306 1762 1343 1816 fl·
1350 1758 1652 1832 Aquiliummdujm
1659 1759 1828 1820 ffiqhfiffl

115 1834 168 1892 00·
180 1851 214 1903 ¹¹·
229 1849 296 1907 443·
307 1833 344 1888 22
357 1834 387 1889 44
400 1828 485 1904 4444)·
500 1830 537 1886 04
551 1830 587 1886 04
605 1829 661 1887 044
676 1827 756 1886 0044
776 1826 852 1885 04444
867 1825 939 1885 4000
993 1847 1119 1921 turpiter
1131 1847 1251 1917 servies,
1276 1863 1367 1921 quem
1388 1847 1515 1921 gloriose
1542 1864 1577 1905 ec
1600 1847 1714 1907 fortiter
1738 1848 1829 1907 mori.

116 1923 256 1981 44444444·
993 1936 1050 1994 Sed
1065 1938 1128 2010 ipse
1143 1936 1278 1994 valerius
1292 1936 1351 1995 alte
1365 1936 1405 1994 ibi
1413 1935 1520 2010 premit
1526 1935 1708 2010 silentioque
1719 1937 1831 1995 modis

149 2028 266 2086 Merene
284 2042 350 2084 sero
379 2023 499 2082 Attilius
514 2022 655 2098 Regulus,
670 2022 756 2096 eules
769 2025 872 2096 postea
887 2039 940 2081 eu·
994 2040 1100 2100 genere
1112 2025 1218 2083 obierit
1228 2025 1335 2100 (Valsr.
1350 2029 1436 2096 llam,
1463 2025 1515 2082 lib.
1540 2040 1581 2093 nx,
1602 2040 1667 2098 nep.
1691 2025 1741 2097 43,
1757 2025 1773 2099 5
1789 2026 1831 2101 4).

114 2121 177 2176 ntor
187 2122 288 2176 noster
303 2113 447 2184 meminit,
460 2113 567 2171 iterum
583 2112 696 2183 consul,
721 2111 816 2186 prime
831 2111 940 2169 Punice
994 2115 1134 2182 Quemvis
1147 2118 1247 2173 entem
1266 2112 1315 2171 ille
1329 2114 1366 2171 de
1379 2113 1487 2188 Aquilii
1504 2118 1597 2171 morte
1617 2112 1714 2180 aliter,
1735 2129 1831 2187 quam

113 2205 201 2273 bello,
217 2205 254 2263 ab
268 2203 417 2274 hostibus,
432 2218 507 2275 quoe
520 2201 609 2258 variis
624 2201 757 2258 cladibus
772 2201 898 2273 lisgeret
912 2203 941 2257 et
995 2202 1148 2277 Appianae
1158 2207 1188 2260 et
1201 2202 1262 2274 alii,
1279 2203 1410 2271 sentiret,
1434 2203 1464 2259 id
1488 2207 1567 2260 certe
1594 2202 1754 2275 prohibere
1767 2220 1832 2262 non

111 2295 230 2362 vicerat,
245 2297 359 2366 eaptus,
374 2307 442 2348 cnm
458 2292 494 2347 de
508 2289 631 2364 captivis
646 2288 866 2347 commutandis
886 2287 942 2346 Ro·
996 2291 1102 2365 potuit,
1123 2308 1161 2349 ne
1175 2291 1442 2349 Minuciusberum
1471 2291 1580 2364 potius,
1612 2307 1702 2364 qnam
1717 2290 1835 2349 Valerii

112 2398 193 2441 mam
209 2380 319 2439 missus
336 2383 424 2449 esset,
445 2380 635 2453 J'nraseetqns
650 2393 682 2435 se
705 2377 890 2435 rediturum:
904 2375 944 2435 Ut
995 2380 1123 2450 Maximi,
1138 2386 1259 2439 secutus
1273 2381 1312 2438 sit
1335 2381 1513 2454 opinionem.
1529 2380 1592 2437 Huc
1606 2380 1731 2449 emedit,
1746 2380 1829 2452 qued

111 2471 201 2540 venit,
216 2471 259 2528 eit
271 2469 380 2537 cinero,
395 2467 526 2542 captivos
537 2465 701 2524 reddendos
715 2464 746 2522 in
762 2469 867 2523 senatu
883 2482 942 2523 non
996 2468 1045 2527 bis
1059 2468 1192 2542 Aquilius
1207 2485 1272 2527 esse
1286 2470 1433 2536 enodetur,
1449 2470 1486 2526 de
1508 2485 1567 2543 qno
1581 2469 1679 2527 Cicero
1694 2469 1831 2542 quedem

113 2560 238 2617 censuit.
254 2558 364 2617 Deinde
386 2573 455 2614 oum
478 2555 653 2613 retineretur
680 2571 697 2611 e
723 2552 898 2629 propinquis
911 2561 942 2616 ot
996 2556 1027 2614 ln
1041 2557 1179 2615 Oratione
1191 2557 1236 2617 sic
1249 2558 1387 2615 disserit:
1404 2579 1419 2612 e
1435 2557 1494 2618 Vos
1506 2575 1574 2616 eum
1585 2573 1684 2631 regem
1694 2556 1831 2629 (Mithri-

114 2648 150 2706 ab
165 2647 280 2714 amicis,
295 2647 330 2704 ed
348 2645 547 2703 certissimum
553 2649 653 2701 umen
660 2641 943 2717 supplieinmredlre
997 2645 1116 2716 datam),
1131 2643 1260 2703 inultum
1274 2644 1567 2718 cssepstiemini,qui
1583 2647 1713 2720 legatum
1725 2644 1834 2719 populi

115 2734 230 2808 maluit,
242 2751 332 2810 quum
347 2732 426 2791 besti
436 2733 535 2790 datam
549 2732 637 2790 lldem
653 2730 752 2790 fellere
764 2731 848 2804 (Cin,
861 2730 941 2796 libr,
998 2732 1121 2792 Romani
1136 2732 1332 2806 consularem,
1345 2732 1480 2803 merulis,
1496 2750 1530 2791 ec
1544 2735 1727 2805 verberibus,
1740 2738 1837 2807 etque

114 2824 148 2881 dc
163 2824 252 2897 Ospa,
269 2840 335 2898 pag.
346 2823 410 2893 356,
427 2821 478 2879 lin.
496 2823 564 2878 ldet
574 2837 657 2895 seqq.
674 2821 722 2895 ).ι
738 2819 944 2895 Ausoniisque
998 2821 1078 2879 omui
1097 2820 1243 2895 supplicio
1257 2822 1455 2880 excrucietnm
1465 2822 1578 2880 necavit
1591 2822 1606 2879 t
1619 2843 1634 2873 »
1648 2821 1834 2894 (Cic.,or,13,

115 2929 261 2985 reversus,
285 2911 396 2986 vigiliis
419 2916 448 2968 et
481 2909 577 2968 iuedla
604 2913 724 2968 necatus
751 2913 805 2967 est.
828 2908 945 2968 videsis
996 2910 1249 2985 prolepsflaes'l„
1264 2926 1331 2984 pag.
1345 2911 1422 2985 243.)
1450 2910 1582 2984 Denique
1609 2910 1771 2982 Aruobius,
1796 2911 1836 2969 de

115 3002 253 3059 eumdem
281 3000 449 3059 Ciceronem
474 2998 525 3055 lib.
554 2996 755 3066 edeficiis„
788 3013 856 3072 peg.
881 2997 944 3070 442,
998 3016 1056 3073 quo
1071 3015 1125 3057 noe
1140 2997 1281 3067 snelooo,
1295 2999 1602 3072 exemplnmeJ'usdem
1611 2998 1836 3072 Aquiliieontre

114 3093 203 3163 etque
217 3087 364 3163 imprimis
378 3086 429 3144 lib.
446 3103 478 3143 ιιι
497 3085 530 3145 ds
554 3085 644 3159 Ostia,
666 3103 732 3161 pag.
759 3087 809 3143 404
827 3094 854 3144 ct
865 3102 943 3160 ssp.,·
999 3086 1143 3156 ethnicos,
1159 3087 1677 3161 quemadmodumldinuolnsnosler,
1692 3087 1835 3147 adhibuit

113 3177 210 3234 Veler.
226 3177 314 3245 Max„
330 3176 382 3233 lib.
397 3192 420 3246 ι,
436 3191 500 3249 cap.
518 3175 545 3246 4,
562 3177 576 3246 t
593 3175 639 3243 ll,
654 3192 685 3249 p.
703 3176 747 3245 43,
762 3174 945 3248 Eutropium,
959 3137 982 3207 0
1000 3176 1134 3251 (arnob,
1150 3175 1202 3233 lib.
1218 3192 1238 3243 s,
1254 3192 1322 3249 pag.
1342 3177 1401 3250 23.)

115 3267 167 3325 lib.
184 3284 206 3324 ιι
233 3267 333 3323 dulor.
352 3267 457 3334 Rom.,·
480 3263 629 3322 Aurelium
655 3263 801 3322 Victorem
815 3264 850 3321 de
876 3264 948 3321 Viris
1034 3282 1103 3340 ,qm
1117 3286 1216 3340 guum
1230 3281 1494 3356 animmqueso,
1507 3282 1736 3356 aduertaequem
1751 3287 1833 3357 pecte

116 3355 273 3414 4044444044
305 3371 371 3429 443·
393 3354 472 3426 0054
497 3359 532 3411 4·
558 3351 697 3422 0404444
725 3351 776 3409 lib·
807 3370 836 3410 44
870 3352 946 3410 Nm·
1000 3371 1095 3435 erbis
1109 3370 1250 3444 exemplis
1264 3377 1365 3428 auctor
1379 3376 1480 3429 noster
1494 3371 1832 3446 eontraetlruieossrgu·

115 3447 285 3517 Amssessflll·
301 3444 337 3514 l;
361 3442 490 3516 0444444,
512 3440 564 3499 fib·
590 3459 621 3511 ¹¹2
646 3458 711 3515 444·
726 3441 764 3512 23
792 3441 944 3542 04444444,
1001 3464 1159 3518 mentetnr.
1176 3459 1305 3518 Primum
1320 3459 1397 3517 enim
1413 3476 1449 3517 er
1476 3460 1610 3518 Scovole
1634 3460 1769 3534 exemplo
1788 3461 1833 3518 sin

117 3532 400 3599 lib-&Providme
425 3548 488 3605 444·
506 3531 549 3599 13,
579 3547 645 3604 4444·
662 3531 740 3599 272;
770 3535 845 3606 043·
868 3528 947 3587 004
1000 3548 1301 3622 illedisputatzellt
1327 3553 1398 3622 quot
1416 3565 1451 3605 ex
1479 3550 1588 3606 nostris
1604 3551 1832 3607 nundentonam

117 3619 428 3691 acervitat.,cap.1³,
457 3633 524 3692 443·
555 3619 689 3692 l5;cap.
713 3618 760 3687 2⁴.
791 3634 857 3692 443·
887 3618 944 3686 23;
1002 3635 1110 3703 solum,
1127 3637 1177 3692 sed
1195 3639 1410 3709 tetumeorpus
1434 3636 1491 3705 uri,
1514 3636 1649 3708 eremari,
1670 3637 1735 3694 sins
1760 3636 1832 3694 ullis

118 3708 171 3766 lib·
187 3726 219 3778 1¹.
235 3724 298 3781 444·
313 3708 359 3774 23·
376 3723 441 3781 448·
456 3707 502 3776 52,
519 3711 549 3763 44
563 3705 615 3762 lib·
645 3724 689 3773 1¹¹·
714 3724 779 3780 444·
796 3708 839 3779 4οι
855 3723 885 3780 l)-
901 3706 947 3764 00·
1002 3725 1161 3798 ejulatibus
1177 3724 1371 3798 pertulerunt,
1387 3741 1455 3781 cum
1474 3724 1582 3782 dimitti
1597 3726 1762 3798 presertim
1778 3725 1833 3782 be·

120 3802 160 3853 De
174 3801 298 3869 utroque
326 3799 434 3862 autem,
463 3793 591 3851 scevola
618 3801 647 3851 st
688 3793 810 3894 Regulo,
838 3795 947 3869 Cicero,
1002 3814 1103 3872 bereng
1129 3815 1158 3870 pn
1188 3831 1244 3871 „ug
1271 3816 1450 3888 βψω)
1478 3836 1493 3866 ,,
1519 3813 1626 3871 gerru,
1653 3813 1773 3882 deinde,
1797 3829 1834 3872 u

119 3886 171 3944 lib·
189 3903 231 3952 111,
245 3883 278 3941 04
294 3885 385 3956 04404·
398 3899 465 3984 443·
475 3883 529 3940 252
542 3900 550 3952 ἱ
561 3883 706 3954 04444444
730 3882 783 3938 00·
799 3900 839 3950 'w
854 3900 880 3940 4·
903 3883 946 3940 ¹3·
1002 3903 1141 3961 omnibus
1153 3901 1243 3959 simul
1254 3901 1445 3975 conglobatis,
1455 3902 1534 3960 hunc
1548 3902 1640 3960 instet
1653 3902 1684 3958 in
1695 3903 1832 3960 medum:

119 3991 187 4050 443·
202 3974 274 4030 0004
290 3969 644 4074 T⁰lt¹¹¹¹¹⁸¹¹ej4d⁰l⁰tl⁶²e
657 3988 721 4046 444·
742 3970 788 4043 504
803 3976 831 4028 44
846 3970 897 4030 hb·
913 3972 949 4030 44
1006 3991 1200 4049 sviroennm
1217 3991 1325 4059 lduoio,
1340 3990 1385 4047 vel
1413 4007 1481 4048 cum
1508 3991 1625 4064 Aquilio
1651 3995 1704 4049 ant
1717 3991 1835 4066 Regulo

119 4065 244 4138 044434»
260 4079 323 4139 444·
354 4062 369 4117 ⁴
395 4065 424 4118 44
447 4059 531 4132 4044,
563 4058 660 4161 [inum
693 4076 780 4134 44444
809 4060 951 4164 04404444
1003 4096 1150 4153 compara.
1174 4080 1261 4138 Pueri
1286 4086 1316 4138 et
1341 4080 1521 4138 muliercule
1549 4086 1656 4138 nostre
1682 4087 1836 4140 creasset

119 4151 399 4221 animadvertemus,
416 4147 513 4208 444444
543 4149 636 4250 044444
662 4149 698 4206 04
724 4149 831 4250 04340
856 4166 950 4251 444444
1003 4173 1161 4235 tormenta,
1176 4168 1253 4226 teres
1267 4173 1296 4226 et
1310 4185 1414 4227 omnes
1442 4167 1655 4243 suppliciorum
1674 4170 1836 4230 berneulas

120 4239 314 4315 4444040444
328 4254 434 4314 344444
448 4236 555 4295 044444
574 4237 756 4312 044444444444
785 4253 947 4311 4444444444·
1004 4256 1145 4330 inspirata
1159 4256 1302 4331 patientie
1311 4257 1421 4315 doloris
1431 4257 1571 4316 illudunt.
1588 4281 1604 4311 n
1619 4260 1727 4317 Eodem
1743 4260 1836 4335 pleae

157 4350 296 4404 Ceterum
321 4361 378 4419 quo
394 4343 574 4417 frequentior
591 4343 681 4416 hujus
697 4342 799 4416 Reguli
812 4360 846 4402 ee
860 4343 948 4401 Mucii
1004 4347 1090 4404 modo
1104 4351 1133 4403 ct
1147 4363 1182 4402 er
1194 4347 1300 4403 iisdem
1315 4346 1401 4404 Mueil
1423 4364 1457 4404 ae
1479 4347 1582 4422 Reguli
1600 4348 1744 4422 exemplis
1760 4354 1834 4408 bee-

123 4434 255 4493 Scevole
270 4434 347 4507 apud
363 4432 458 4491 varios
486 4431 656 4506 scriptores,
672 4448 705 4490 eo
722 4432 815 4490 rarior
827 4431 948 4504 aquilii,
1003 4434 1115 4492 tentius
1131 4434 1335 4492 ratiocinatur:
1352 4458 1366 4488 «
1383 4436 1493 4504 Nostri,
1510 4441 1542 4493 ut
1562 4438 1598 4493 de
1616 4437 1700 4511 viris,
1719 4437 1833 4512 inquit,

123 4524 160 4580 ab
175 4528 292 4579 auctore
308 4525 407 4579 nestm
422 4520 532 4578 ibidem
551 4521 716 4590 memorati,
740 4520 859 4577 mentio.
874 4520 947 4578 Hine
963 4504 986 4572 D
1000 4528 1124 4597 teneam,
1140 4523 1223 4598 pueri
1238 4528 1268 4581 et
1298 4523 1480 4583 muliercule
1506 4528 1631 4582 tortores
1654 4542 1725 4583 snos
1748 4526 1836 4596 teuit}

124 4616 202 4667 certe
216 4610 336 4683 qnidam
352 4608 552 4682 opinanturin
570 4610 635 4682 ejus
659 4610 778 4670 nomine
792 4610 947 4667 scribendo
1001 4614 1132 4681 vincent,
1161 4617 1191 4671 st
1214 4613 1378 4686 exprimere
1409 4612 1469 4670 illis
1497 4614 1639 4687 gemitum
1669 4629 1723 4673 nec
1752 4616 1835 4690 ignis

124 4714 237 4756 errasse
252 4697 416 4770 librarium,
432 4701 520 4770 atque
535 4696 575 4754 ibi
590 4698 776 4772 proAqnilio,
790 4696 948 4773 legendum
1002 4706 1109 4776 potest.
1137 4702 1227 4759 Erant
1250 4701 1385 4768 Romani,
1414 4706 1445 4760 et
1470 4703 1566 4760 Mucia
1593 4703 1756 4775 glorientur
1782 4710 1837 4765 aet

123 4787 212 4844 utilio
222 4790 273 4843 ant
286 4784 387 4843 Acilio.
403 4785 478 4852 Quis
489 4785 609 4859 quidem
633 4786 711 4844 iacta
733 4788 947 4858 emendatione,
1003 4789 1148 4863 Regulo...
1175 4791 1248 4847 Ecce
1275 4806 1362 4847 sexus
1389 4790 1537 4862 infirmus,
1560 4796 1591 4849 et
1604 4791 1718 4865 fragilia
1747 4798 1837 4864 oter,

124 4881 244 4936 censent
258 4875 336 4932 hunc
351 4891 425 4946 esse,
442 4891 529 4946 quem
548 4874 948 4948 Dionysiuellalioarnasseus
1006 4878 1159 4937 dilacerari
1174 4895 1206 4936 se
1230 4882 1288 4937 toto
1312 4895 1432 4952 corpere
1460 4880 1558 4952 utique
1577 4881 1751 4955 perpetitur,
1775 4899 1838 4942 nou

121 4962 257 5037 ’dedisse
272 4981 324 5021 seu
355 4962 463 5036 potius,
487 4963 577 5021 uteie
606 4963 714 5038 pleeet,
730 4963 868 5035 Ἀκύλιον,
895 4982 949 5040 ap·
1003 4967 1190 5035 necessitate,
1201 4967 1273 5039 quie
1286 4965 1354 5024 licet
1368 4966 1468 5036 vitare,
1485 4968 1510 5026 si
1530 4968 1646 5039 vellent,
1662 4985 1713 5028 seu
1728 4971 1839 5039 solinn-¹

123 5051 426 5130 pellavitlllelioarn„
442 5050 493 5109 lib.
524 5068 556 5108 ιιι
582 5053 728 5127 deliquit,
758 5069 825 5129 peg.
853 5054 907 5112 259
920 5060 951 5114 st
1003 5058 1064 5112 tete
1079 5054 1149 5129 quia
1163 5055 1317 5112 confidunt
1331 5055 1400 5113 Deo.
1419 5077 1433 5106 s
1460 5057 1615 5130 (bactani,
1632 5058 1683 5116 lib.
1708 5063 1836 5122 sintii.

124 5160 185 5217 seq.
202 5144 222 5216 ).
239 5143 295 5200 Sed
310 5140 410 5199 lutilee
422 5145 637 5215 vanequesunt
651 5141 694 5199 be
710 5143 949 5216 conjecturelli·
1003 5143 1089 5201 divin.
1106 5159 1171 5216 cap.
1192 5144 1235 5210 13,
1246 5160 1312 5218 pag.
1330 5144 1382 5200 433
1396 5148 1425 5200 st
1447 5159 1508 5219 seq.
1525 5146 1535 5219 )
1558 5145 1613 5202 Alii
1631 5165 1697 5206 vero
1710 5149 1837 5220 ethnici,

124 5232 230 5289 nucius
249 5232 328 5288 enirn
357 5228 393 5287 dc
416 5227 488 5284 viris
516 5228 777 5300 innocentissimis,
797 5230 851 5303 qui
869 5229 949 5288 vario
1003 5232 1137 5305 quamvis
1151 5233 1270 5290 robusto
1285 5249 1406 5306 corpore
1420 5233 1562 5307 vigentes,
1579 5252 1646 5293 cum
1661 5240 1839 5311 torqueren-

125 5319 336 5393 suppliciorum
365 5316 582 5375 dirissimorum
621 5334 727 5393 genere
754 5319 844 5377 occisi
868 5323 949 5385 sunt,
1003 5326 1062 5392 tur,
1078 5322 1292 5392 exclamabant,
1307 5323 1491 5396 edebantqns
1505 5323 1642 5397 gemitus,
1656 5326 1839 5398 qniasdeest

125 5407 265 5479 loquitur.
281 5406 387 5464 Atilius
402 5407 701 5473 eutem,teetseodem
717 5406 949 5477 Halicarnassso,
1003 5408 1186 5483 illis,inquit,
1196 5411 1837 5487 inspiratspatisntia.»ouibnsqnidemver·

127 5494 250 5552 meritas
264 5493 396 5551 criminis
410 5494 455 5550 sui
472 5510 573 5567 poenss
587 5496 736 5569 persolvit.
1003 5498 1050 5555 bis
1064 5498 1210 5556 Minucius
1226 5504 1336 5571 noster,
1352 5500 1394 5556 uti
1409 5501 1515 5572 cernis,
1538 5502 1603 5574 J'am
1627 5520 1701 5561 usus
1724 5505 1837 5568 luem.

163 5581 237 5648 Quid
251 5597 329 5655 vero,
344 5583 448 5641 amabo
462 5585 500 5663 te,
527 5587 606 5643 vetet
629 5585 792 5660 queminus
817 5585 953 5654 dicamm
1004 5587 1174 5645 bmtauties
1188 5586 1278 5662 igitur
1290 5604 1351 5647 nou
1363 5589 1450 5648 mode
1460 5588 1589 5657 motoria
1602 5591 1696 5652 nostrl
1707 5609 1836 5659 sensum
