3892 6104
108 287 150 345 85
242 319 245 323 -
527 287 605 348 Pub
627 287 682 349 SS.
707 285 929 358 Pallebant,
953 284 1185 351 FELICITATE
1208 291 1257 353 ΕΤ
1279 295 1415 359 suella.
1786 311 1826 372 86

108 418 143 473 lit
158 418 196 473 ad
206 417 420 488 primumillud
432 415 939 491 qnodattinstdeobituMaximillee,
955 416 982 482 Α
999 415 1087 476 tissas
1103 424 1268 496 agnovisse,
1287 433 1318 483 ut
1333 430 1441 486 mirum
1457 432 1505 502 ait,
1523 434 1576 491 hoc
1592 436 1688 494 virum
1702 439 1823 497 doctum

111 506 256 578 equidem
274 507 335 563 scio
351 507 461 563 multos
476 507 505 563 in
521 523 555 564 aa
569 506 677 563 versari
693 507 841 578 opinione,
857 504 941 561 illam
992 505 1101 575 jecisse
1111 511 1326 583 opinioniesua
1339 520 1687 582 laudamentumllnnan
1699 528 1734 582 ad
1744 531 1823 586 Mon·

106 611 177 651 esse
192 594 223 651 ia
240 612 352 652 annum
364 597 454 653 Marci
465 596 828 653 ultimumconlerendum.
836 596 942 660 sedat
996 597 1121 653 tanistas
1132 601 1276 658 defecerat
1287 606 1496 678 Tertullanius,
1506 628 1572 668 cum
1583 613 1691 671 librum
1701 616 1820 690 scripsit

107 683 185 740 alibi
196 685 315 741 ostendi
325 686 382 756 (51)
398 691 427 741 et
446 685 623 757 jampridem
648 684 778 741 Valesius
804 685 940 740 observa·
996 685 1032 740 de
1050 688 1181 744 Anima?
1207 693 1308 748 tanna
1338 697 1373 752 ab
1399 698 1479 755 obitu
1503 703 1669 761 Maximillae
1696 706 1818 778 triginta

105 774 150 828 vit
165 775 239 842 (52),
254 774 323 830 inde
331 788 433 830 aarum
441 789 521 829 error
531 773 679 844 prolluxit,
691 773 768 844 quod
779 772 939 842 Asterium,
995 773 1086 830 ferme
1101 778 1197 848 annis,
1215 781 1239 835 si
1262 781 1312 838 illa
1335 786 1443 842 Aurelii
1464 789 1568 847 ultimo
1589 793 1723 860 excessit,
1740 795 1817 853 huno

106 862 162 933 qui
180 879 212 919 ee
228 861 453 935 quatuordecim
470 862 554 918 annis
570 867 637 933 post
660 861 788 919 Montani
804 867 833 919 et
848 861 938 918 Masi·
994 860 1103 920 librum
1123 865 1326 927 elucubravit?
1349 877 1378 928 et
1399 879 1496 932 tamen
1518 879 1590 936 alias
1616 897 1648 937 sa
1672 881 1724 949 ibi,
1751 888 1819 956 post

105 951 202 1006 mille
217 952 343 1022 obitum,
359 949 449 1009 libros
465 967 535 1008 suos
548 951 703 1023 scripsisse
711 954 846 1018 testatur,
854 949 938 1023 Apol·
993 951 1128 1010 insanam
1140 954 1220 1013 illam
1232 959 1397 1027 mulierem,
1409 967 1818 1046 pseudoprophetissasagno·

103 1038 192 1097 lenio
205 1039 396 1097 vetustiorem
411 1056 476 1097 esse
490 1040 679 1108 crediderint,
694 1056 779 1111 aquo
791 1040 936 1097 memoria
992 1056 1072 1097 scere
1087 1044 1241 1113 profitetur
1264 1048 1330 1121 (54).
1357 1074 1371 1101 a
1390 1053 1441 1108 list
1464 1053 1550 1112 hodie
1565 1072 1648 1113 soror
1662 1060 1740 1131 apud
1763 1076 1817 1119 nos

103 1129 265 1201 proditum
280 1133 327 1186 est
341 1129 537 1201 quadraginta
556 1129 642 1185 annis
657 1133 815 1200 antequam
830 1129 937 1187 scribe·
992 1129 1202 1190 ravelationum
1217 1134 1396 1196 charismata
1411 1142 1523 1210 sortita,
1540 1159 1614 1215 quas
1636 1145 1666 1202 in
1687 1147 1817 1207 Ecclesia

101 1225 167 1284 ret,
179 1218 356 1275 Montanum
367 1218 551 1291 prophetiam
564 1234 649 1275 suam
660 1217 805 1276 invexisse
819 1219 887 1290 (53).
898 1221 937 1274 at
989 1216 1068 1275 inter
1081 1221 1229 1282 dominica
1243 1225 1387 1284 solemnia
1400 1245 1452 1301 per
1466 1232 1594 1289 exstasin
1609 1233 1640 1289 in
1650 1234 1755 1307 spiritu
1764 1254 1814 1310 pa-

98 1307 290 1364 nonresita
317 1323 350 1365 se
373 1307 486 1364 habuit.
511 1330 526 1359 a
549 1306 672 1377 litenim,
696 1328 711 1359 a
743 1311 774 1363 ut
801 1306 935 1365 Valesius
989 1307 1073 1377 titur,
1092 1317 1281 1371 conversatur
1305 1332 1372 1373 cum
1388 1319 1513 1392 angelis,
1538 1320 1697 1394 aliquando
1725 1324 1815 1383 stiam

98 1397 259 1464 observat,
277 1395 478 1470 sdpollonius,
494 1397 630 1454 Montano
645 1396 742 1453 adhuc
765 1397 932 1468 superstite,
985 1414 1055 1455 oum
1070 1401 1203 1471 Domino,
1219 1409 1249 1460 at
1262 1404 1385 1474 videt,et
1399 1408 1482 1464 audit
1492 1414 1688 1483 sacramenta,
1699 1417 1813 1486 etquo-

94 1502 178 1542 cum
198 1485 312 1544 insanis
336 1485 400 1543 suis
424 1485 541 1545 vatibus
559 1485 692 1543 Priscilla
707 1491 735 1542 et
763 1484 931 1555 Maximilla,
987 1488 1815 1569 rumdamcardedignoscitetmedicinasdesiderantibus

95 1574 223 1633 librum
235 1590 322 1632 saum
337 1574 513 1647 composuit,
531 1580 607 1632 utex
621 1574 667 1632 his
681 1574 853 1648 fragmentis
868 1591 932 1647 quas
986 1577 1144 1634 submittit.
1159 1580 1225 1637 Jam
1239 1598 1305 1640 vero
1320 1589 1408 1656 prout
1426 1587 1581 1659 scripture
1594 1572 1745 1662 leguntur,
1761 1594 1814 1649 ant

98 1664 227 1737 profert
240 1663 380 1721 Eusebius
394 1662 518 1735 elicitur,
534 1664 623 1736 idque
644 1680 701 1720 non
717 1679 775 1718 uno
790 1663 852 1720 loco
868 1682 875 1732 ;
901 1669 933 1721 ut
986 1664 1092 1737 psalmi
1104 1674 1319 1736 canuntur,aut
1333 1672 1525 1732 allocutiones
1540 1677 1739 1749 proteruntur,
1758 1684 1810 1738 ant

93 1769 178 1811 eum
194 1752 304 1822 dixitl
318 1754 458 1830 πφοφῆτις
481 1753 548 1824 ἡμῖν
579 1751 680 1807 εἰπάτω
708 1752 742 1806 τὰ
769 1750 930 1809 aari'hii·
947 1754 1141 1854 Bpetitiones
1157 1757 1341 1832 delegantur,
1359 1761 1402 1818 ita
1419 1762 1487 1820 inde
1502 1763 1629 1822 materie
1647 1766 1812 1826 visionibus
1923 1820 1928 1828 .

94 1837 220 1916 todeca
235 1840 281 1901 τὸν
297 1838 410 1916 hiscere
426 1841 518 1896 ἑαυτὸν
545 1841 677 1915 μάρτυρα,
703 1841 726 1912 ᾦ
755 1848 931 1918 συνεστιᾶται,
987 1843 1273 1904 subministrantur:
1290 1849 1363 1907 forte
1378 1852 1476 1908 nescio
1492 1853 1562 1925 quid
1576 1855 1613 1910 de
1634 1856 1734 1912 anima
1747 1856 1811 1914 dis-

97 1931 340 2006 ᾇπροσκυνοῡσι,
355 1927 400 1986 aei
416 1929 489 2002 αὐτῷ
510 1927 623 1987 πολλοί.
649 1932 683 1987 Et
702 1931 788 2002 paulo
812 1938 879 2004 past
897 1934 934 1990 de
987 1947 1185 2003 serueramus,
1212 1953 1279 1993 cum
1304 1955 1338 1996 ea
1360 1956 1443 1997 soror
1457 1941 1488 1997 in
1512 1942 1617 2015 spiritu
1638 1948 1724 2001 osset.
1742 1944 1811 2003 Post

96 2021 213 2080 sodam
229 2019 392 2079 alexandro
407 2022 530 2093 loquens
549 2022 600 2089 eit,
616 2019 645 2074 ὃν
670 2021 685 2075 t
703 2023 848 2099 προφήτης
873 2042 932 2079 aas·
986 2023 1136 2079 transacta
1156 2023 1309 2098 solemnia,
1330 2028 1453 2086 dimissa
1467 2030 1560 2103 plebe,
1576 2047 1635 2104 quo
1656 2048 1712 2089 usu
1736 2032 1811 2092 solet

95 2109 174 2165 ὄντα
188 2107 309 2172 πολλοῖς
324 2104 408 2165 ἔτεσιν
422 2108 508 2166 dveit.
524 2111 565 2167 Ex
589 2110 697 2183 quibus
724 2116 846 2184 apparet
867 2128 931 2170 ver·
987 2110 1072 2166 nobis
1088 2113 1329 2187 renuntiareque
1345 2117 1450 2174 viderit
1459 2119 1540 2191 (nam
1548 2125 1577 2176 et
1587 2101 1810 2195 diligentissime

92 2200 162 2268 bis,
177 2204 210 2257 et
226 2199 422 2256 Alexandrum
437 2203 466 2256 et
480 2204 649 2257 Montanum
671 2200 770 2273 ipsum
793 2218 826 2257 ac
843 2201 931 2259 Maxi·
987 2198 1162 2271 digeruntur
1192 2207 1224 2258 ut
1252 2205 1340 2262 etiam
1371 2207 1554 2280 prebeatur),
1579 2213 1659 2266 lnter
1693 2217 1809 2282 wara,

92 2287 929 2362 millamadbaovtxtesa,cumheeaeriberetapollonias.
986 2286 1094 2359 inquit,
1115 2293 1233 2348 ostensa
1243 2298 1288 2350 ast
1298 2295 1370 2351 mihi
1385 2295 1484 2354 aalma
1497 2298 1696 2370 corporaliter,
1721 2303 1777 2357 etc.
1793 2322 1809 2353 a

93 2379 208 2451 Neque
222 2394 290 2435 vero
303 2378 345 2434 ait
355 2377 526 2449 Apollonius
537 2379 734 2451 quadraginta
748 2397 841 2436 annos
851 2381 933 2437 cillu-
986 2380 1027 2431 En
1043 2379 1190 2451 egregiam
1205 2386 1272 2452 post
1282 2384 1469 2442 Maximillam
1481 2388 1728 2446 Montanistarum
1742 2405 1809 2463 pro·

92 2468 183 2524 xisss
194 2465 322 2524 ahohitu
333 2467 462 2523 Montani
474 2468 509 2522 ad
520 2472 636 2540 tempus
647 2468 930 2541 quaistaecrihebat;
986 2464 1146 2537 phetissam
1158 2468 1165 2523 l
1177 2469 1251 2533 Quid
1264 2474 1340 2544 qnod
1352 2474 1382 2529 in
1393 2475 1494 2531 eodem
1505 2475 1645 2549 librol55)
1661 2477 1808 2551 Perpetua

93 2558 156 2614 sed
171 2555 203 2612 id
220 2559 336 2613 tentum
351 2555 434 2623 dicit,
450 2557 644 2628 quadraginta
663 2557 748 2614 annis
771 2562 929 2630 antequam
985 2553 1185 2625 revelationes,
1211 2576 1268 2616 nan
1291 2561 1390 2618 minus
1415 2579 1503 2636 quam
1529 2565 1679 2625 Passionis
1694 2571 1807 2637 auctor,

92 2646 168 2720 ipse
183 2645 426 2702 adscribendum
441 2646 600 2715 accederet,
616 2647 787 2704 Montanum
804 2649 929 2719 pseudo·
985 2645 1219 2720 agnoscitatque
1238 2652 1435 2722 commendat,
1465 2654 1595 2726 adeoque
1625 2655 1807 2729 Perpetuam,

98 2734 294 2809 prophetiam
307 2751 395 2792 snam
415 2735 596 2792 invexisse.»
614 2741 708 2803 Quare
723 2753 801 2804 cum,
827 2739 929 2794 Severo
985 2748 1042 2787 non
1059 2733 1254 2809 minusquam
1275 2741 1412 2797 Actorum
1433 2741 1578 2811 collector,
1595 2743 1626 2799 in
1651 2745 1808 2817 propheta·

96 2827 271 2898 imperanto
290 2828 319 2882 aa
338 2825 498 2897 superstite
521 2825 617 2880 adhue
640 2825 809 2895 Maximilla,
837 2826 929 2883 libros
984 2836 1050 2875 rum
1071 2821 1170 2880 album
1196 2826 1377 2884 referendam
1408 2829 1605 2887 existimavit?
1636 2837 1810 2906 rPerpetua

97 2931 175 2972 suos
203 2913 379 2988 Apollonius
398 2913 587 2984 elucubrarit,
609 2920 786 2971 memoratos
813 2916 929 2972 asterio
984 2908 1146 2968 fortissima
1174 2919 1285 2987 martyr
1308 2916 1338 2971 in
1358 2917 1532 2974 revelatione
1552 2917 1653 2990 gloriae
1666 2920 1807 2992 paradisi,

96 3003 328 3078 quatuordecim
343 3019 361 3060 a
376 3001 541 3059 Maximilla
552 3002 632 3059 obitu
648 3002 755 3076 quietis
770 3003 885 3076 imperii
899 3009 929 3060 et
984 2996 1063 3053 solae
1089 2997 1149 3056 illic
1172 3009 1381 3076 commartyres
1408 3022 1478 3062 suos
1505 3006 1587 3063 vidit.
1603 3029 1619 3058 a
1648 3012 1682 3064 st
1709 3012 1807 3067 tamen

98 3093 238 3151 Ecclesia
252 3093 333 3166 pacis
348 3108 479 3159 annuas
492 3091 644 3148 caracallae
660 3099 725 3162 post
740 3099 863 3149 mortem
875 3109 926 3165 ps·
985 3088 1130 3158 Perpetua
1145 3090 1191 3145 vix
1206 3097 1355 3165 nataarat,
1367 3110 1435 3150 cam
1451 3094 1611 3151 Maximilla
1620 3095 1701 3167 obiit,
1717 3097 1807 3155 slsuh

96 3183 156 3241 tris
171 3182 268 3239 initiis
280 3183 318 3239 ad
333 3180 487 3238 Alexandri
504 3182 615 3253 priores
629 3199 722 3238 annos
737 3199 801 3238 esse
815 3182 924 3238 ducen-
941 3153 962 3220 C
982 3182 1096 3254 imperii
1126 3181 1213 3236 Marci
1238 3182 1326 3238 finem
1351 3183 1461 3240 vivere⁴
1479 3184 1576 3255 desiit,
1593 3202 1670 3242 anno
1696 3185 1808 3245 scilicet

96 3273 165 3337 dos,
180 3277 213 3328 et
226 3270 419 3328 Maximillam
431 3288 508 3327 anno
523 3271 639 3328 homini
656 3271 721 3343 plus
739 3273 837 3328 minue
851 3288 926 3328 ccxii
981 3287 1102 3327 cxxxix:
1126 3286 1203 3326 anno
1230 3270 1310 3327 enim
1336 3287 1402 3327 cciii
1432 3287 1489 3342 qao
1517 3278 1629 3346 martyr
1656 3275 1804 3348 occubuit,

97 3361 223 3428 abiisse,
239 3360 303 3417 loco
318 3360 455 3432 superius
467 3360 585 3416 laudato
600 3360 808 3417 demonstravi.
824 3361 874 3417 llis
887 3362 927 3416 ita
981 3376 1118 3417 canoram
1135 3363 1207 3427 erat,
1224 3366 1256 3415 ut
1270 3359 1300 3415 in
1316 3360 1395 3416 Actia
1410 3359 1546 3425 habetur,
1572 3364 1681 3419 circiter
1704 3365 1806 3437 alciati

98 3449 318 3507 animadversis
331 3450 416 3506 facile
431 3455 572 3506 corruunt
587 3466 650 3521 que
667 3449 835 3506 bodwellus
847 3449 926 3506 lalsn
980 3450 1108 3505 duorum.
1125 3449 1199 3512 Quid
1215 3449 1301 3504 etiam
1324 3450 1402 3520 quod
1427 3449 1457 3505 in
1474 3451 1575 3507 eodem
1598 3451 1706 3523 pariter
1728 3452 1803 3510 libro

99 3540 137 3595 de
151 3538 319 3595 Maximilla
333 3539 453 3595 interitu
468 3538 584 3611 epocha
595 3539 800 3611 superstruxit.
820 3539 926 3611 Perpe-
981 3537 1142 3609 tamlonge
1165 3537 1307 3605 abaetat
1334 3539 1443 3605 credat,
1473 3543 1540 3612 post
1561 3544 1745 3610 Montanum,
1775 3547 1805 3599 at

98 3635 182 3685 tnam
199 3628 279 3684 enim
301 3631 389 3700 atque
405 3627 582 3684 Felicitatem
598 3645 675 3684 anno
691 3645 767 3695 cciii,
783 3629 838 3685 sub
863 3629 927 3700 ipsa
978 3625 1169 3682 Maximillam
1196 3627 1354 3699 prophetiae
1378 3627 1515 3700 spiritum
1537 3628 1567 3684 in
1582 3629 1710 3687 Ecclesia
1725 3631 1803 3688 dela·

99 3733 174 3790 psas
188 3717 350 3773 Severiano
360 3717 571 3789 persecutionis
584 3717 680 3787 initia,
693 3722 834 3789 martyres
844 3733 927 3774 occu·
981 3714 1073 3783 cissa;
1099 3715 1171 3786 quin
1189 3714 1287 3787 potius
1302 3731 1351 3771 eos
1375 3715 1431 3771 sibi
1447 3715 1524 3772 viam
1539 3717 1574 3773 ad
1590 3733 1664 3774 nava
1690 3717 1802 3776 charis·

99 3805 792 3876 baisse,vemsimilliaaaruditorum,quosinter
809 3811 838 3863 et
853 3807 927 3863 Dad-
982 3809 1061 3861 mata
1076 3804 1266 3876 suscipienda
1276 3804 1591 3878 aperuissesignifieet,
1602 3806 1761 3878 quiesdem
1772 3807 1803 3863 ia

98 3896 219 3962 wellas,
233 3895 332 3967 opinio
346 3900 401 3952 est.
427 3894 507 3952 Unde
528 3899 675 3967 Perpetua
691 3895 741 3951 88
753 3895 926 3967 martyrium
981 3893 1245 3965 pseudoprophetis
1260 3893 1319 3949 illis
1331 3893 1502 3966 neutiquam
1514 3895 1801 3967 sueraatasperaati3

99 3984 267 4040 Maximilla
277 3984 427 4041 interitum
439 3985 525 4041 annis
536 3984 572 4040 ad
585 3984 684 4040 minus
694 3985 794 4040 decem
806 4001 926 4057 preces·
980 3988 1009 4038 et
1024 3982 1099 4038 hanc
1114 3989 1283 4054 perpetuam
1296 3987 1385 4055 atque
1405 3982 1620 4040 indeficientem
1636 3983 1802 4040 divinorum

99 4075 160 4130 sit:
177 4075 310 4146 adeoque
324 4074 449 4146 scriptor
466 4072 644 4130 montanista
672 4075 737 4145 ejus
759 4073 926 4146 pmphetias
980 4071 1193 4129 charismatum
1209 4071 1447 4140 redundantiam,
1463 4088 1531 4129 cum
1546 4070 1678 4145 Apostoli
1702 4071 1732 4126 in
1752 4086 1800 4128 eo·

99 4178 261 4236 agnoscere
272 4162 375 4234 potuit,
391 4178 426 4218 ac
440 4163 582 4229 venerari,
598 4179 720 4233 eamque
744 4167 776 4218 ut
800 4163 926 4235 prophe·
980 4162 1131 4230 demlaco,
1148 4165 1211 4218 tum
1231 4160 1301 4217 alibi
1323 4161 1380 4233 (56)
1401 4159 1491 4217 Joelis
1512 4159 1702 4229 testimoniis,
1722 4159 1801 4216 haud

100 4252 206 4309 tissam
219 4251 327 4319 colere,
337 4252 472 4323 quamvis
487 4269 544 4310 nou
555 4251 778 4324 ignoraret,ima
789 4252 925 4309 etincan·
979 4268 1065 4308 secus
1081 4267 1170 4324 quam
1186 4255 1322 4308 Actorum
1338 4251 1390 4307 Sd
1404 4250 1530 4323 scriptor
1548 4249 1691 4316 adstruat,
1713 4252 1801 4321 atque

102 4338 191 4398 casse
201 4359 235 4398 ac
250 4342 374 4398 firmiter
392 4341 520 4398 crederet
531 4340 642 4397 nullam
656 4346 722 4413 past
736 4342 924 4399 Maximillam
979 4341 1153 4397 confirmet?
1164 4362 1179 4392 «
1194 4340 1266 4397 Nam
1276 4340 1345 4410 quia
1360 4337 1505 4411 spiritalia
1518 4336 1697 4393 charismata
1711 4352 1800 4410 agno·

103 4429 165 4486 tore
176 4430 404 4503 prophetissam.
979 4429 1101 4498 scimus,
1118 4433 1184 4502 post
1197 4429 1339 4485 ioannem
1358 4442 1475 4500 quoque
1493 4425 1677 4499 prophetiam
1692 4425 1802 4483 merul·

140 4518 174 4576 V.
189 4520 308 4587 Deinde,
328 4519 353 4576 si
369 4519 546 4576 arbitremur
560 4537 629 4576 vera
643 4536 779 4592 esseque
790 4522 826 4578 de
840 4521 926 4578 Maxi·
941 4525 964 4592 Ι)
980 4536 1047 4576 mus
1062 4522 1088 4575 el
1104 4517 1254 4592 consequi.
1276 4517 1310 4572 lit
1324 4516 1411 4572 hodie
1429 4532 1521 4583 soror,
1546 4520 1612 4583 eta,
1623 4537 1638 4568 a
1653 4515 1802 4589 relataque

102 4607 192 4664 milla
205 4609 288 4667 obitu
304 4608 473 4666 Dodwallus
490 4610 608 4678 statuit,
623 4626 687 4666 eam
711 4610 822 4667 scillcet
847 4627 924 4667 anno
977 4607 1088 4665 insane
1102 4606 1177 4662 vatis
1191 4605 1312 4676 visione,
1329 4604 1501 4679 subjungit:
1519 4626 1534 4657 a
1549 4604 1614 4662 Hac
1641 4604 1714 4662 visio
1737 4609 1800 4676 θείς

99 4698 190 4754 Marci
204 4697 309 4755 ultimo
330 4698 500 4765 excessisse,
525 4714 642 4755 necesse
664 4698 791 4770 prolecto
810 4705 865 4765 est,
893 4703 926 4756 ut
978 4701 1054 4752 Daue
1069 4696 1163 4766 testis,
1183 4700 1213 4751 et
1227 4692 1385 4768 Apostolus
1400 4694 1611 4752 charismatum
1624 4694 1655 4751 in
1673 4693 1803 4753 Ecclesia

100 4787 310 4844 lalsaomnino
325 4786 462 4859 sintque
478 4787 606 4842 secundo
620 4785 683 4843 luco
698 4787 834 4860 traditide
846 4788 924 4844 lilan-
978 4786 1144 4841 luturorum
1160 4784 1284 4841 idoneus
1300 4801 1433 4857 sponsor.
1452 4807 1463 4836 a
1488 4784 1562 4853 Quid
1578 4785 1704 4857 deniqne
1723 4785 1800 4856 quod

99 4876 278 4934 tanistarum
296 4876 326 4931 in
339 4875 416 4932 hanc
431 4876 606 4931 sententiam
627 4875 829 4947 consensione,
846 4876 923 4948 quad
979 4874 1010 4930 in
1034 4873 1108 4930 libro
1129 4873 1166 4929 de
1183 4872 1309 4945 iejuniis
1334 4874 1475 4932 adversus
1499 4873 1655 4948 Psychicos
1675 4873 1728 4929 hac
1750 4887 1800 4930 eos

100 4965 184 5023 nulla
193 4970 260 5038 post
270 4964 462 5021 Maximillam
471 4964 570 5020 lutura
580 4970 658 5021 esset
682 4965 712 5020 in
724 4965 849 5022 Ecclesia
863 4982 926 5038 pro·
979 4963 1099 5020 nomine
1119 4963 1244 5033 vellicat,
1273 4964 1352 5037 quod
1372 4964 1475 5021 divinas
1499 4963 1599 5037 gratiae
1613 4958 1799 5019 charismatis

99 5054 244 5130 phetissa.
261 5053 376 5110 Etenim
393 5057 455 5109 tam
471 5053 591 5110 clareat
609 5058 707 5126 aperta
729 5056 925 5112 demonstrari
977 5054 1120 5111 terminos
1145 5053 1365 5122 constituerent,
1391 5070 1445 5110 seu
1458 5053 1545 5124 polos,
1557 5049 1730 5121 utlaquitur
1741 5058 1800 5104 ter-

98 5149 209 5218 potest,
224 5142 425 5211 Montanistas,
441 5143 514 5200 alies
529 5148 596 5216 post
604 5143 790 5200 Maximillam
802 5145 837 5218 (si
860 5146 925 5217 ejus
978 5143 1120 5200 minutas?
1131 5144 1213 5210 Quod
1229 5143 1331 5215 utique
1355 5142 1385 5199 in
1409 5143 1489 5215 ipsos
1502 5138 1694 5196 Montanistas
1709 5141 1799 5194 retor-

99 5233 339 5292 mursiaannum
354 5232 442 5289 Marci
459 5230 595 5289 ultimum
607 5232 791 5306 conjiciatur)
799 5235 923 5307 prophe·
980 5233 1062 5306 queri
1095 5232 1175 5289 nullo
1207 5232 1322 5306 negotio
1351 5231 1506 5305 potuisset,
1527 5228 1551 5284 si
1572 5226 1683 5283 eisdem
1702 5227 1800 5301 gratia

133 5471 193 5541 (51)
210 5468 329 5524 Dissert.
340 5469 379 5524 De
393 5469 476 5540 capit.
492 5470 603 5524 crimin..
620 5467 737 5535 abacia,
753 5473 823 5525 sect.
837 5473 864 5525 2,
1015 5470 1070 5539 (ὃί)
1083 5468 1181 5538 Capti

133 5543 182 5615 (52
210 5543 316 5596 annot.
333 5540 371 5598 ert
384 5542 480 5598 liaseb.
496 5541 548 5596 lib.
566 5559 592 5608 v,
610 5556 673 5613 cap.
692 5544 734 5596 18.
793 5549 795 5552 ·
1015 5542 1071 5606 (55)
1088 5542 1156 5608 Cap.
1173 5538 1217 5590 59.

133 5615 184 5686 (55
209 5613 294 5685 Apud
309 5612 428 5685 Euseb,
443 5611 499 5670 loc.
515 5611 564 5669 cit.
1015 5613 1072 5680 (bil)
1089 5609 1147 5665 Lib.
1166 5610 1315 5663 Rcsarrcct
1332 5607 1434 5676 caruis,
1452 5607 1508 5665 suh
1522 5606 1574 5673 lin,
