3892 6104
65 40 174 91 swa-43·-
184 39 265 69 ..nu-s
278 40 309 61 ···,ι
322 40 344 81 τι
354 39 373 77 -Ι
419 50 427 61 .

65 74 244 140 trb'i‘nssds'
289 84 314 131 ‘s'
330 76 342 94 ’
478 132 498 145 .,
576 82 586 91 “

113 242 232 339 sss
378 218 381 223 ⁵
566 270 600 333 s,
624 268 810 333 cirmini
834 270 960 333 srisr.
983 270 1128 333 sinon.
1151 272 1374 337 nemesis.
1764 272 1827 335 sac
1883 318 1887 337 .

112 416 203 477 scopo
216 400 595 476 eminentissimarum
608 403 706 477 gloria
717 420 777 461 snas
791 420 903 477 pacem,
915 407 944 462 et
957 406 986 475 Α
1000 406 1120 463 cesserit
1131 424 1138 463 :
1150 422 1247 464 nonne
1257 405 1343 463 nobis
1353 406 1559 479 imputabitur,
1569 406 1647 480 quod
1659 408 1720 463 tam
1731 406 1827 477 bona,

113 494 272 565 accepturo
285 490 427 565 majorem
452 492 488 548 de
512 492 627 549 Domini
652 493 821 566 dignatione
835 510 944 550 merce·
999 494 1093 563 miles,
1109 496 1159 568 qui
1174 495 1273 553 omniu
1288 514 1343 553 sua
1361 496 1528 571 dereliquit,
1547 501 1576 553 et
1591 500 1760 569 contempta
1774 497 1825 553 do·

114 580 195 639 dem.
225 581 945 657 Primoidoneusessenonpolestllssladmarty·
998 584 1826 659 mo,etparontibus,autliheris,sequil)ominumsuum
1935 622 1938 627 -

111 670 204 739 rium,
219 670 270 743 qui
287 671 323 727 ab
340 670 469 727 Ecclesia
484 687 542 728 non
558 674 736 728 armat-arad
748 671 900 744 pralium:
917 678 946 729 et
999 672 1113 741 maluit,
1130 676 1192 731 sine
1209 692 1277 747 pace
1297 678 1325 731 ct
1347 675 1411 731 sine
1435 674 1699 731 communicatione
1714 672 1828 731 decedit

110 774 198 817 mens
212 760 321 826 delicit,
338 776 428 833 quam
444 778 502 817 non
521 766 636 833 recepta
651 762 672 797 2¹
690 761 874 818 Eucharistiae
889 763 944 818 ori·
999 764 1024 809 ²⁶
1037 764 1117 837 (eali
1134 765 1234 823 Nonne
1245 764 1329 821 nobis
1344 763 1387 821 vol
1404 764 1581 838 negligentia
1601 766 1699 838 segnis
1714 764 1757 821 vel
1772 766 1827 820 dii·

110 850 199 925 gilot
214 848 349 905 accendit
363 848 396 905 ¹².
413 850 557 907 Dominus
579 850 657 907 euim
678 851 708 906 in
723 850 878 923 Evangelio
892 868 945 908 suo
1000 852 1066 909 ritia
1080 853 1207 909 crudelis
1232 853 1396 910 ascribetur
1411 855 1441 909 in
1465 854 1512 909 die
1532 852 1658 925 judicii;
1683 854 1761 926 quod
1776 869 1827 925 pa-

112 939 204 997 dicit:
233 939 302 994 dnm
325 946 415 995 antem
440 955 486 995 vos
511 940 691 1009 tradiderint,
716 941 801 997 nolite
825 942 946 1010 cogitare
999 946 1094 999 stores
1109 943 1235 999 creditas
1250 947 1277 998 et
1292 942 1466 999 commissas
1482 942 1644 999 nobisoves
1659 958 1712 999 nec
1726 958 1829 999 curare

111 1028 179 1103 quid
194 1029 218 1064 ²³
235 1029 392 1101 loquamini
400 1048 411 1096 ,·
425 1027 537 1085 debitor
559 1032 636 1085 enirn
657 1032 733 1086 vote
757 1030 788 1085 in
811 1029 865 1086 ilia
879 1032 946 1086 horo
1000 1032 1030 1087 in
1046 1048 1125 1104 pace,
1141 1048 1193 1088 nec
1208 1031 1238 1087 iii
1253 1031 1313 1087 acie
1328 1030 1507 1088 voluerimus
1523 1030 1773 1089 armaretNonne
1787 1030 1832 1088 iii·

112 1117 179 1191 quid
196 1119 372 1190 loquamini:
395 1134 451 1173 non
476 1120 551 1175 enirn
574 1135 620 1175 oos
640 1122 705 1175 estis
725 1122 773 1191 qni
788 1119 945 1196 loquimini,
999 1120 1724 1194 gereturnobisaDominoquodperpropbetam
1740 1136 1828 1178 suum
1938 1183 1941 1191 ¹

111 1208 161 1265 sed
173 1208 296 1281 Spiritus
306 1209 493 1265 Patriseestri
516 1210 564 1280 qni
574 1209 696 1280 loquitur
709 1211 739 1264 in
749 1209 824 1265 robis
840 1208 945 1279 (llattlo
999 1209 1108 1266 clamat
1120 1214 1149 1265 ot
1164 1209 1251 1265 dicit:
1267 1210 1333 1266 Erre
1353 1211 1395 1265 lae
1408 1211 1579 1277 itomumitis,
1595 1218 1622 1266 et
1642 1209 1715 1265 lonis
1728 1224 1774 1266 cos
1787 1212 1830 1265 tc-

112 1313 142 1366 x,
159 1297 216 1371 ill).
233 1297 354 1362 Quando
369 1302 467 1353 autem
490 1297 567 1353 dieat
590 1300 617 1353 in
633 1297 709 1355 81111
727 1298 844 1355 traditis
858 1302 946 1371 atque
999 1300 1117 1369 pitis,et
1138 1299 1209 1371 qaod
1232 1302 1410 1355 crossnrnest
1434 1298 1614 1370 interficitis,·
1641 1307 1739 1355 etooes
1754 1314 1830 1355 ineas
1921 1290 1924 1295 ’

111 1386 142 1443 in
159 1385 346 1443 confessione
359 1385 490 1442 nominis
503 1387 526 1421 ²⁴
547 1387 604 1459 (19)
619 1387 788 1444 constitutis
803 1388 945 1458 Spiritum
999 1405 1054 1445 non¹
1067 1390 1201 1461 poscitis,·
1216 1388 1287 1460 quod
1310 1390 1479 1459 infirmatam
1503 1397 1543 1445 est
1565 1389 1586 1423 ²¹
1602 1403 1658 1445 non
1675 1388 1829 1459 contortas·

109 1474 209 1534 Patris
219 1474 300 1548 ioqui
313 1492 320 1532 :
333 1475 480 1547 quomodo
492 1480 585 1548 potest
596 1478 632 1533 ad
641 1475 853 1533 confessionem
863 1494 946 1550 para·
999 1479 1044 1546 tis,
1060 1482 1087 1533 et
1101 1478 1174 1550 qnod
1193 1479 1266 1533 mole
1290 1477 1385 1533 tnbnit
1408 1493 1463 1532 non
1489 1478 1700 1546 corroborastis,
1719 1476 1829 1549 siquod

109 1568 159 1622 tus
170 1564 500 1635 antidoneusioveniri,
512 1566 563 1637 qui
577 1582 635 1622 non
647 1567 729 1639 prius
746 1583 816 1637 pnes
827 1572 946 1640 accepta
998 1568 1214 1624 coiitiittalatam
1237 1572 1276 1623 cst
1299 1583 1353 1623 non
1377 1567 1509 1623 consolati
1522 1568 1588 1623 estis
1601 1566 1625 1601 ²⁷
1648 1565 1827 1639 (21)(131111·

109 1654 257 1729 receperit
271 1653 413 1727 Spiritum
438 1654 543 1721 Patris,
566 1658 614 1727 qai
639 1656 830 1712 corroborans
846 1672 944 1713 servos
997 1673 1093 1723 xxxiv,
1118 1658 1145 1721 3,
1170 1656 1249 1723 etat,
1274 1665 1300 1712 et
1322 1656 1395 1728 qnod
1419 1656 1532 1713 errabat
1550 1672 1607 1712 non
1630 1657 1788 1726 revocastis,
1803 1666 1831 1719 et

110 1760 184 1802 suos
209 1743 272 1817 ipse
293 1742 425 1815 loquitur
448 1748 476 1799 st
498 1743 654 1800 confitetur
676 1744 705 1799 iii
730 1744 840 1802 nobis?
862 1747 943 1802 Tunc
998 1746 1067 1818 qnod
1079 1747 1165 1819 periit
1186 1762 1240 1802 nori
1265 1747 1431 1819 inquisistis,
1447 1750 1475 1801 et
1497 1745 1570 1817 qnod
1592 1747 1662 1816 torte
1684 1746 1750 1815 scit,
1765 1758 1830 1801 cerr·

112 1832 222 1889 deinde
236 1832 262 1889 si
276 1832 393 1890 relectis
408 1833 546 1889 omuibus
562 1835 649 1890 rebus
663 1834 726 1891 suis
739 1834 856 1907 ingerit,
871 1838 900 1890 et
915 1836 944 1891 iii
1000 1838 1102 1907 fecistis
1116 1836 1227 1891 labore:
1242 1838 1266 1891 rt
1290 1835 1422 1907 dispersae
1445 1843 1511 1891 snnt
1528 1834 1605 1891 81111
1620 1850 1680 1891 eires
1703 1848 1786 1905 mee,
1800 1850 1831 1892 ec

111 1921 236 1979 latebris
252 1925 339 1993 atque
355 1922 384 1977 in
400 1920 559 1979 solitudine
579 1923 758 1980 constitutus
775 1924 803 1979 in
818 1923 945 1981 latrones
1000 1928 1075 1997 quod
1089 1925 1209 1980 nonsint
1219 1932 1348 1995 pastores,
1359 1932 1384 1979 et
1400 1926 1484 1993 faretra
1498 1931 1563 1979 sunt
1574 1924 1605 1979 in
1619 1922 1832 1980 rmnestarcm¹⁸

108 2011 188 2069 forte
203 2010 369 2079 incurrerit,
385 2016 436 2067 aut
451 2011 481 2067 in
497 2011 628 2069 febribus
644 2016 673 2070 ct
695 2014 725 2069 in
741 2012 881 2086 languore
895 2015 945 2070 de·
1001 2014 1057 2087 (22)
1084 2014 1213 2071 omnibus
1238 2014 1332 2069 bestiis
1360 2014 1445 2086 apri:
1469 2016 1495 2069 et
1521 2028 1577 2069 non
1598 2014 1654 2085 seit
1674 2014 1724 2086 qai
1736 2010 1832 2085 inqui-

823 2158 924 2219 Variae
946 2157 1107 2220 lectiones.

143 2260 354 2328 ”Quamnou
378 2263 496 2333 accepta
520 2265 595 2317 Lam.
634 2262 658 2297 ²²
673 2261 765 2336 Erigit
778 2267 807 2319 et
830 2263 957 2335 accingit
985 2264 1045 2321 bin.
1071 2263 1124 2321 NG.
1141 2265 1167 2319 2.
1207 2261 1338 2344 ²³·Nol'ite
1365 2260 1493 2345 cogitare
1517 2260 1817 2389 quomodouulquid
1869 2290 1872 2295 ·

107 2334 189 2389 Lam.
206 2332 288 2389 libor.
305 2330 370 2387 ltod.
385 2333 413 2387 2.
452 2334 475 2368 ²⁸
489 2333 674 2391 consessione
698 2335 744 2390 sui
760 2335 887 2391 nominis
912 2334 968 2391 illd.
981 2336 1009 2393 2.
1048 2335 1357 2393 ”communicatione
1378 2334 1503 2389 discedit
1526 2336 1600 2389 Lem.
1618 2333 1730 2390 Decidit

110 2404 180 2461 Vici.
219 2402 302 2459 ’istc
318 2405 376 2459 Ver.
402 2403 486 2467 Onud
509 2406 666 2463 contritum
682 2408 746 2463 lteri.
773 2408 837 2463 sod.
865 2408 892 2462 2.
917 2407 995 2464 libor.
1022 2405 1077 2464 NG.
1103 2408 1128 2462 1.
1166 2407 1187 2441 ²³
1211 2405 1390 2462 Consolidali
1413 2408 1504 2465 Onon.
1543 2406 1566 2441 ²⁸
1580 2404 1817 2463 comestionibus

107 2476 208 2534 dumi.
225 2475 257 2531 lii
272 2474 486 2548 depredatione
501 2476 581 2533 Cori.
806 2493 809 2497 ¹

825 2568 992 2633 Variorum
1014 2573 1109 2632 notae.

108 2686 168 2743 disi
191 2684 291 2756 etatis,
316 2688 429 2758 sanquis
454 2697 515 2745 teas
539 2694 590 2755 est,
614 2689 710 2762 inquit
733 2691 855 2747 Tertull.
878 2692 946 2749 Vid.
1001 2697 1085 2749 caule
1100 2691 1260 2765 praemittit,
1284 2694 1309 2748 si
1322 2690 1390 2761 fidei
1409 2690 1640 2760 interpretator.
1665 2692 1825 2749 Cousrnnr.

111 2757 208 2887 fflst.
234 2774 301 2814 eviii
322 2758 372 2829 (al.
396 2766 462 2829 ivi).
487 2761 606 2817 Facias.
631 2763 723 2834 llpist.
750 2770 846 2833 cxxiii,
878 2781 944 2837 pag.
1036 2766 1094 2835 (lit)
1109 2767 1139 2820 ln
1152 2764 1322 2836 confossione
1336 2764 1466 2819 nominis.
1489 2761 1551 2820 Uno
1567 2778 1624 2818 ms.
1647 2761 1694 2818 hio
1709 2764 1829 2820 additur

197 2830 290 2902 litpote
304 2834 352 2901 qai
366 2831 541 2902 liopttmnnir
561 2834 760 2905 gloriosissimo
778 2844 804 2891 et
818 2839 947 2892 inanimo
1000 2840 1045 2892 sui
1054 2854 1063 2891 .·
1081 2836 1157 2909 quod
1173 2835 1302 2891 alienum
1325 2839 1442 2891 nonest
1465 2840 1592 2891 amente
1614 2837 1653 2907 Cy
1675 2834 1760 2905 niani,
1776 2834 1828 2891 scd
1931 2880 1935 2887 .

115 2902 266 2983 sanguinis
300 2904 444 2985 baptismo.
472 2904 508 2960 lit
530 2921 598 2961 maii
621 2906 703 2962 addit
725 2909 868 2979 sanguino
895 2924 948 2964 suo
1001 2908 1037 2962 ab
1061 2908 1125 2979 ejus
1149 2924 1215 2962 usu.
1246 2908 1304 2980 lpsi
1320 2922 1424 2977 nempe
1453 2905 1594 2962 familiare
1623 2850 1672 2961 esi

113 2974 279 3045 baptizatos
295 2979 323 3029 ct
338 2991 474 3047 passione
489 2977 684 3035 sanctificatos
703 2980 902 3035 consummari
917 2983 947 3035 et
1000 2978 1108 3035 Christi
1124 2979 1336 3035 contessionem
1359 2977 1534 3050 simpliciter
1556 2978 1754 3048 contessionem
1773 2992 1828 3033 no·

113 3045 222 3102 divine
239 3044 458 3117 pollicitationis
471 3048 594 3121 gratiam
618 3051 768 3122 consequi.
789 3051 861 3107 virle
876 3052 945 3107 'l'er-
1000 3053 1083 3107 minis
1099 3051 1256 3123 appellare,
1272 3056 1305 3106 nt
1320 3050 1348 3105 in
1367 3049 1490 3122 epistola
1504 3064 1565 3119 iiiii,
1582 3051 1652 3106 nota
1666 3048 1830 3121 penultima

113 3116 275 3173 tullianum
290 3117 320 3173 in
336 3117 410 3173 libro
428 3119 462 3174 de
476 3121 614 3193 ltaptismo
628 3125 657 3177 el
680 3122 709 3177 in
725 3122 799 3179 libro
814 3124 846 3179 de
861 3122 945 3179 Padi-
1001 3123 1151 3196 probaturi
1166 3140 1281 3179 sumus.
1297 3128 1452 3179 consrinr.

113 3191 197 3256 cilia,
213 3188 313 3246 Passio
328 3194 498 3247 sanctarum
525 3192 669 3264 Perpetua
694 3196 723 3249 et
746 3194 912 3259 Felicitatis,
928 3212 947 3251 a
1036 3196 1093 3267 (sti)
1108 3194 1229 3251 decedit.
1253 3194 1337 3249 Corb.
1363 3209 1419 3248 ms.
1444 3209 1461 3248 a
1481 3193 1610 3249 secunda
1633 3207 1722 3248 manu
1738 3192 1828 3249 etiam

114 3261 306 3332 sanguinent
320 3262 514 3319 obsnerieead
529 3266 677 3321 retiarium
697 3266 788 3321 latiam
803 3276 863 3338 post
895 3283 946 3322 ar·
1002 3283 1059 3322 uno
1075 3266 1187 3337 anglic.
1203 3266 1329 3323 discedit.
1345 3264 1563 3321 Existimandus
1577 3280 1635 3321 nou
1650 3268 1695 3321 cst
1709 3263 1828 3347 Cypria·

115 3337 175 3390 tani
190 3334 325 3402 baptismo
339 3335 465 3391 secundo.
483 3335 554 3392 Vide
569 3336 804 3394 dissertationem
823 3284 945 3393 13611-
1001 3356 1057 3394 nus
1072 3339 1108 3395 de
1123 3339 1227 3394 horum
1244 3338 1339 3393 salute
1362 3336 1471 3393 dubius
1493 3341 1521 3393 st
1544 3350 1652 3407 anceps
1670 3336 1826 3393 exstitisse.

116 3404 167 3461 rici
185 3404 340 3474 Dodwelli,
355 3421 418 3478 quei
431 3410 476 3463 est
489 3409 526 3464 de
538 3410 666 3465 secundo
686 3410 817 3483 martyrii
833 3410 946 3481 Baptis-
999 3414 1125 3466 Mentem
1138 3426 1224 3465 suam
1245 3426 1278 3466 aa
1302 3410 1337 3463 dc
1359 3426 1389 3464 re
1412 3408 1503 3492 Epist.
1526 3424 1580 3476 avi,
1597 3424 1647 3464 scii
1672 3410 1717 3473 58,
1733 3406 1828 3479 aperit
1938 3402 1945 3415 '

116 3492 175 3533 mo.
193 3476 348 3533 Bnaozius
1000 3482 1047 3538 bis
1062 3480 1175 3537 verbis:
1194 3482 1252 3537 litsi
1263 3482 1413 3552 [replentem
1428 3498 1457 3535 in
1467 3478 1616 3536 solitudine
1638 3495 1671 3535 ce
1689 3479 1827 3535 montibus

150 3547 212 3621 (18)
229 3548 346 3605 idonens
359 3566 417 3606 esse
430 3567 485 3606 non
499 3558 597 3621 potest.
612 3551 672 3607 ista
686 3552 716 3607 in
731 3551 858 3624 speciem
872 3568 944 3625 pug-
961 3553 983 3622 c
1001 3555 1073 3609 latro
1088 3555 1260 3626 oppresserit,
1276 3555 1337 3622 ferit
1360 3552 1503 3618 invaserit,
1526 3553 1618 3622 [ames
1639 3553 1688 3606 ant
1700 3550 1763 3607 sitis
1777 3552 1828 3606 ant

118 3636 189 3675 iisre
203 3620 342 3677 uidentur
355 3638 422 3678 cum
436 3622 483 3679 his
493 3639 557 3695 qna
569 3624 646 3679 idem
658 3625 774 3695 praesul,
791 3641 858 3679 cuni
873 3640 945 3680 non·
999 3628 1089 3697 [ripas
1104 3626 1247 3697 amiserit,
1263 3624 1305 3679 nel
1318 3639 1369 3695 per
1383 3624 1476 3679 iniria
1492 3624 1668 3693 ricuiqcntem
1682 3629 1828 3695 tempestas

119 3689 216 3747 nullos
231 3708 412 3820 praepropere
426 3698 455 3751 st
469 3694 636 3766 importuno
652 3712 751 3767 pacem
772 3700 801 3751 et
815 3712 946 3751 commu·
1001 3712 1033 3753 ae
1047 3698 1169 3768 procella
1182 3696 1382 3751 sabinenseril:
1400 3698 1501 3766 spectat
1515 3696 1633 3750 mititem
1650 3710 1732 3751 snam
1747 3692 1828 3751 Cliti·

121 3762 237 3819 aionsm
261 3768 345 3835 postu
361 3782 410 3822 arc
433 3782 450 3822 e
475 3766 653 3839 presbyteris
681 3784 713 3823 ac
738 3767 869 3823 diaconis
883 3768 946 3823 suis
1000 3777 1057 3826 stus
1084 3768 1240 3839 ubieunque
1270 3772 1437 3839 piiqimntem
1463 3773 1489 3822 et
1524 3767 1720 3836 persecutionis
1746 3780 1830 3823 caasa

120 3833 282 3904 didicisset,
311 3836 401 3894 laist
425 3854 482 3908 xiv,
510 3838 679 3910 rescripsit:
696 3840 750 3908 Qni
774 3840 800 3895 si
826 3840 948 3895 nimium
1000 3841 1190 3913 pronominis
1212 3841 1258 3894 sni
1280 3840 1381 3895 lionore
1405 3837 1535 3893 iimiientt
1556 3840 1705 3905 premium
1726 3838 1829 3905 reddit,

121 3911 280 3979 properant,
296 3854 397 3965 iciant
412 3910 440 3963 in
465 3924 516 3964 sita
540 3914 672 3981 potestate
718 3912 770 3966 aad
796 3911 946 3982 postulant,
1000 3912 1071 3985 qued
1085 3911 1215 3968 daturam
1238 3926 1267 3966 se
1289 3912 1319 3967 in
1343 3912 1529 3983 persecutione
1547 3911 1685 3981 promisit.
1710 3908 1761 3964 Nee
1774 3910 1829 3964 mi·

121 3986 240 4051 tempore
267 3979 337 4051 qnod
359 3982 499 4051 postulant
521 3981 667 4054 largiente.
692 3928 769 4039 ictas
791 3982 879 4038 aditae
901 3998 946 4054 pe·
1000 3988 1104 4041 norest
1116 3983 1246 4054 martyrii
1268 3983 1359 4051 pluria
1382 3998 1436 4038 oon
1460 3981 1568 4053 palliae
1589 3984 1616 4036 et
1638 3982 1714 4035 inter
1726 3978 1830 4035 niattos

121 4053 204 4119 riter,
219 4054 247 4107 et
260 4066 336 4120 agon
350 4052 472 4124 qnotidie
490 4052 669 4109 aetola-atat:
686 4056 713 4109 si
734 4056 874 4111 reminisci
888 4070 948 4109 nerii
1001 4057 1111 4128 perisse,
1140 4072 1201 4110 euin
1226 4054 1360 4126 pereundi
1387 4070 1470 4109 caiisa
1493 4053 1529 4107 sit
1550 4055 1664 4123 propter
1692 4049 1830 4107 Cliristnni

120 4123 280 4195 alfii-miter
292 4126 414 4194 penitet,
430 4128 455 4180 et
464 4124 530 4195 fidei
538 4125 613 4181 notor
626 4127 766 4197 prevalet,
777 4127 826 4198 qni
839 4126 948 4199 ‹titterri
1001 4130 1101 4197 perire.
1118 4128 1154 4181 ill
1175 4126 1424 4197 quemadmodum
1445 4121 1580 4195 culpandi
1605 4125 1705 4179 essent
1718 4120 1828 4191 lldeies,

120 4210 172 4275 pois
182 4198 282 4267 potest,
295 4198 384 4267 potest
403 4198 539 4252 coronari.
562 4196 669 4253 Verum
684 4197 731 4253 liic
755 4213 812 4254 non
829 4214 946 4255 omnem
1001 4200 1026 4255 si
1043 4216 1098 4254 non
1115 4214 1231 4253 omnem
1246 4197 1396 4253 dedissent
1410 4210 1540 4268 operam,
1557 4198 1588 4250 ut
1609 4194 1677 4250 liiiio
1691 4209 1749 4249 non
1765 4194 1830 4250 sine

120 4264 163 4335 iis,
179 4265 292 4338 quibus
313 4266 500 4325 Eucharistiae
521 4269 667 4342 perceptio
692 4286 750 4325 non
766 4270 946 4336 conceditur,
1000 4270 1105 4327 uiatico
1120 4274 1181 4325 lain
1199 4269 1361 4325 necessario
1385 4268 1554 4339 migrarent,
1569 4266 1610 4319 ita
1632 4270 1662 4321 et
1684 4268 1828 4336 pastores,

119 4336 251 4411 martyrii
265 4338 411 4395 subeundi
427 4344 613 4413 potestatem,
629 4343 680 4397 scd
703 4340 816 4397 lacilem
831 4346 945 4397 tantum
1001 4342 1027 4399 si
1043 4341 1083 4397 illi
1098 4358 1198 4398 eorum
1215 4340 1393 4415 negligentia
1406 4343 1487 4395 tanto
1503 4352 1625 4394 munere
1638 4336 1744 4410 privati
1760 4336 1830 4394 luis·

119 4414 143 4465 et
158 4409 399 4483 expeditamque
413 4411 572 4483 paratiores
588 4413 668 4477 liunt,
685 4413 783 4485 negari
800 4414 868 4469 inde
882 4430 948 4468 con·
1001 4417 1076 4471 sent.
1092 4414 1250 4469 Cousrnnr.

118 4480 229 4537 licitur.
253 4480 353 4555 Neque
376 4482 465 4539 etiam
488 4484 534 4539 his
554 4484 584 4539 in
608 4484 679 4541 locis
703 4502 802 4541 secum
818 4501 948 4557 pugnare
1037 4484 1093 4556 (⁴31)
1119 4484 1255 4539 ciiiisnlati'
1277 4483 1349 4537 estis.
1375 4479 1450 4549 Qiiad
1474 4479 1690 4537 contribulatam
1710 4482 1752 4537 est
1772 4495 1830 4535 non

115 4550 364 4625 vigilantissimus
380 4559 479 4626 pastor
499 4558 664 4612 censendus
688 4560 741 4624 ast,
768 4558 818 4612 sed
834 4557 948 4612 diversa
1001 4555 1187 4613 roinotistasti.
1214 4553 1336 4609 Librarii
1360 4568 1459 4608 vocem
1484 4551 1559 4606 hanc
1582 4551 1612 4606 in
1637 4550 1750 4635 vulgari
1772 4550 1830 4607 tri·

116 4623 245 4682 diversis
268 4626 451 4698 temporibus
480 4628 608 4682 remedia
631 4626 776 4700 sapienter
799 4628 946 4696 adhibere,
1002 4626 1159 4683 balationis
1183 4624 1243 4681 sivo
1267 4641 1402 4680 aruinum
1432 4622 1579 4679 notatione
1604 4623 1828 4695 intelligebant;

113 4694 193 4753 Cum
209 4696 420 4769 poenitentibus
434 4699 671 4755 communionem
692 4700 799 4755 dilicrri
824 4700 947 4767 volebat,
1002 4704 1032 4755 et
1047 4699 1111 4754 ideo
1125 4696 1354 4753 consolationem
1382 4694 1487 4750 melius
1511 4695 1687 4766 respondere
1700 4694 1829 4751 credide·

113 4764 147 4825 iri
164 4766 196 4823 ld
212 4784 306 4824 unum
322 4770 501 4834 intendebat,
520 4787 555 4825 ne
570 4768 661 4842 lapsis
679 4772 799 4827 omnino
814 4788 947 4827 neccssa-
1003 4776 1090 4835 ruiit;
1116 4774 1216 4825 contra
1241 4766 1316 4823 sacri
1337 4772 1434 4822 textus
1459 4772 1597 4822 mentem.
1625 4767 1703 4835 LXX,
1727 4767 1830 4839 legunt

113 4839 776 4912 riumprobatapmnitantiaeremediumcum
788 4843 949 4899 multorum
1002 4837 1178 4911 κατιδιξσατε,
1203 4838 1373 4911 colligastis.
1405 4838 1509 4893 Tentat.
1538 4839 1657 4895 Fessus.
1688 4838 1830 4895 Felliuam

112 4910 210 4969 exitio
241 4918 436 4984 sperneretur.
466 4914 549 4969 Nunc
573 4931 639 4970 vero
664 4915 714 4970 ubi
736 4914 1073 4995 blacharistiampedit.
1101 4917 1219 4969 seculus
1240 4928 1318 4975 sum,
1344 4911 1373 4965 iii
1399 4926 1457 4983 qua
1480 4909 1522 4966 sic
1545 4910 1712 4966 restitutum
1737 4914 1832 4966 estex

111 4980 265 5055 concedit,
281 5000 315 5040 co
330 4989 443 5057 spectat
458 4994 488 5041 ut
504 4986 878 5058 persecutionesaevissima
893 4987 950 5042 im·
1005 4987 1126 5057 seriptis,
1151 4984 1264 5057 opinor,
1288 4982 1425 5039 radicibus
1448 4998 1500 5052 pro
1522 4997 1579 5037 riori
1600 4982 1734 5063 consolati
1756 4982 1832 5066 estis,

113 5054 264 5121 minente,
280 5057 482 5128 potentissimo
498 5060 562 5129 ejus
574 5057 709 5129 prasidio
726 5060 830 5113 armati
843 5058 952 5114 milites
1007 5058 1086 5130 quod
1101 5058 1209 5113 liabent
1219 5056 1357 5127 impressi.
1369 5052 1536 5111 llarduinus
1547 5056 1659 5109 notavit
1673 5069 1728 5108 ms.
1742 5055 1835 5108 Socie-

112 5124 232 5185 Gbristi
257 5127 371 5185 fortiter
398 5134 507 5185 certare
535 5130 715 5185 etinimicis
743 5130 810 5186 lidei
837 5130 953 5186 invictis
1006 5130 1075 5186 tatis
1091 5146 1150 5185 sum
1167 5128 1302 5185 exhibere
1320 5142 1373 5182 non
1400 5125 1631 5206 consolati'estis,
1651 5123 1706 5207 'scd
1722 5138 1833 5179 memo·

112 5197 232 5253 animis
247 5201 382 5257 resistere
405 5202 498 5257 tatius
522 5201 646 5257 valeant.
672 5201 804 5273 Denique
828 5202 876 5256 nlii
894 5203 951 5257 ait:
1008 5202 1082 5258 ravit
1106 5200 1241 5257 llnluzius
1266 5199 1296 5254 in
1318 5198 1409 5255 codice
1433 5196 1580 5253 Sorlioniro
1602 5199 1744 5267 scriptum
1769 5208 1835 5252 esse

112 5270 234 5325 liabent
259 5272 288 5326 in
312 5289 363 5328 saa
386 5278 516 5345 potestate
543 5273 614 5345 qnod
635 5274 787 5346 postularit,
809 5273 849 5329 ibi
873 5274 952 5343 arlia·
1007 5290 1062 5329 non
1076 5272 1244 5329 consolidati
1266 5272 1340 5327 estis.
1366 5268 1490 5339 Vulgata
1514 5267 1620 5339 lnlerp.
1644 5266 1743 5334 babet,
1762 5266 1836 5339 qnod

116 5344 206 5397 venie
220 5342 336 5399 Domino
350 5345 547 5416 supplendum
570 5361 633 5401 esse
657 5346 846 5401 mnnil'esliim
861 5350 906 5401 ost
921 5361 955 5401 ex
1007 5348 1180 5415 coiit'ranlnm
1193 5348 1244 5409 est,
1260 5359 1314 5397 tion
1330 5340 1488 5395 rciiiinislis.
1507 5339 1617 5421 Rcu‘in.

118 5408 173 5468 liis
188 5412 255 5468 libri
268 5414 407 5486 ipsiosdo
421 5416 615 5471 Morla'itale:
640 5418 795 5473 Norrestin
820 5420 954 5487 limpote-
1044 5418 1100 5487 (2⁴3)
1130 5419 1327 5471 t'oincstnrani.
1357 5412 1450 5467 Codex
1474 5411 1664 5481 ilcmigisnus
1691 5411 1835 5469 comestio·

119 5486 205 5549 811111.
220 5484 267 5539 scil
291 5488 321 5543 in
344 5489 396 5544 Dei
418 5488 577 5559 dignatione
600 5492 776 5557 inartqri'inn.
793 5491 852 5544 lino
867 5489 954 5543 eliam
1009 5505 1082 5557 nerii,
1099 5486 1281 5544 corbeiensis
1295 5484 1508 5555 depredatione,
1523 5481 1703 5539 'l'iironcnsis
1717 5482 1751 5539 de
1763 5498 1835 5557 prse-

126 5554 180 5611 ubi
193 5556 230 5613 de
244 5573 288 5625 eo,
325 5560 356 5614 ui
372 5560 608 5617 communionem
625 5548 734 5617 dilierri
750 5561 803 5617 sibi
821 5576 895 5633 regie
910 5578 956 5632 pa·
1008 5561 1156 5616 ditatione.
1183 5564 1335 5614 lisinnias,
1361 5552 1486 5629 Vulgata
1508 5555 1605 5627 habat,
1630 5556 1660 5611 in
1679 5555 1833 5613 decoratio-

124 5624 213 5703 atur,
226 5627 286 5689 alt:
305 5576 361 5701 zui
383 5632 492 5706 differri
513 5648 569 5689 iton
586 5636 685 5706 potest,
708 5640 797 5707 potest
816 5634 954 5704 ecroncri,
1009 5648 1080 5689 nem.
1097 5632 1206 5689 Rourn.

1763 2348 1815 2390 018.
1919 2348 1923 2355 ’

1696 2906 1746 2962 Dei
1776 2922 1829 2965 ses
1936 2915 1943 2927 '
