3900 6112
115 476 345 559 emollirentur
361 476 397 536 de
406 475 466 553 bis,
477 471 694 551 atquelisllonrc
710 472 799 532 etiarn
815 472 938 529 forsitan
954 475 982 545 Α

115 564 441 642 mnsecratie,similiter
454 568 684 639 argumentatur.

151 716 287 778 Sedcsci
302 717 427 792 gentiles
436 719 526 773 tautre
550 716 672 773 deorum
694 729 818 771 sucrum
839 713 941 768 contu·

116 807 210 867 melisa
225 807 314 865 aliam
330 806 569 880 adjiciebant,qui
584 827 599 855 «
615 803 827 869 mendicantes,
838 822 852 851 υ
863 802 941 857 sicut

24 922 27 931 ·
116 896 165 954 ille
178 898 256 954 Mt)
268 896 374 969 pergit,
393 914 404 945 r
420 894 540 952 vicatim
564 895 635 951 dece
650 894 774 959 ducunt,
793 913 808 941 »
823 887 942 962 Cybeles

115 985 261 1054 videlicet,
291 984 353 1041 sive
394 984 495 1041 ldatris
523 984 610 1039 deum
635 981 840 1039 simulacrum.
865 979 943 1033 Tum

757 340 810 403 ute
831 334 985 404 billlUilll
1006 333 1178 403 ou'levlo

1027 470 1114 535 Nupts
1136 466 1200 533 quld
1227 462 1392 529 exspectas?
1414 462 1473 512 Non
1500 456 1707 532 inpellentibus
1732 452 1823 507 herbis

1041 532 1096 583 Nec
1109 544 1198 595 prece,
1214 542 1264 580 nec
1277 541 1320 579 ms
1340 530 1380 578 'co
1395 525 1512 577 cermiue
1526 528 1611 575 meter
1624 534 1696 571 eras:

1025 595 1123 659 Excipe
1137 592 1258 643 fecundae
1273 593 1408 655 patienter
1417 586 1648 646 verberedsxtrae,

1041 657 1100 708 lam
1115 670 1190 707 socer
1203 658 1323 718 optatum
1338 665 1436 703 nomen
1452 649 1561 701 habebit
1580 648 1633 699 avi.

1369 732 1467 796 (ovid,
1482 731 1502 781 l.
1517 742 1535 779 ιι
1552 729 1631 786 raes,
1645 728 1705 787 ts.)

1027 825 1079 877 Sed
1093 824 1165 876 hanc
1175 823 1392 887 superstitionem
1403 821 1471 871 ridet
1480 816 1616 870 luvenalis
1627 830 1634 867 :

1059 916 1111 967 Nec
1120 914 1229 979 prodest
1239 912 1301 978 agili
1311 912 1415 975 palmas
1422 909 1542 972 praebere
1550 907 1670 970 lupersc.

1392 970 1535 1037 (Juvenal,
1546 969 1635 1034 Sntyr.
1650 981 1678 1028 u,
1693 974 1756 1017 ceste
1768 965 1823 1029 fio.)

117 1074 197 1131 enim
209 1072 286 1146 turpi
297 1088 418 1146 prorsus
429 1068 772 1140 mendicitatequaslibet
781 1068 873 1139 stipes
887 1063 944 1122 col·
997 1085 1071 1141 gn
1091 1083 1194 1139 min,
1210 1086 1307 1138 aurem
1323 1080 1500 1136 prudentius
1515 1077 1546 1133 q„
1569 1092 1634 1133 gam
1649 1073 1823 1131 invehitur:

118 1160 250 1237 llgebaut
272 1178 375 1218 aureas
411 1166 441 1218 et
476 1164 638 1232 argenteae.
675 1158 772 1230 inquit
804 1154 944 1228 Apuleius

119 1251 246 1325 (Apulei.
262 1252 312 1308 loc.
324 1252 372 1307 cit.
389 1251 409 1323 ),
424 1250 468 1307 vel
508 1242 624 1310 distet<
651 1246 697 1302 asi
721 1243 858 1323 δραχμὰς,
874 1245 944 1301 obo-

120 1339 166 1397 los
180 1344 210 1397 et
221 1340 369 1413 dragmas,
380 1338 422 1395 uti
437 1341 478 1397 ait
491 1335 837 1410 Lucienus,acquidquid
853 1348 944 1389 unus·

122 1428 248 1503 quisque
263 1428 322 1485 illis
336 1427 447 1484 allatim
463 1427 642 1501 largiebatur
652 1426 795 1497 (Luciam.
806 1426 857 1481 icc.
873 1422 943 1495 cit).

121 1518 185 1576 Uno
200 1517 395 1575 eutemverbc
412 1534 429 1573 a
447 1516 581 1589 Dionysio
602 1515 772 1571 Halicarnae
786 1530 820 1571 ec
844 1509 946 1585 appel·

121 1606 221 1664 lantur
236 1602 489 1681 μητραγυρτοῦντες
514 1607 642 1679 (Dionys.
672 1604 764 1661 Helie.
781 1603 832 1658 lib.
858 1618 879 1657 u
894 1600 946 1657 rin·

121 1697 173 1769 tiq.
189 1697 265 1753 Rom.
277 1713 306 1770 p.
318 1697 375 1767 91),
389 1696 424 1751 ab
436 1696 511 1764 aliis,
541 1698 574 1751 ut
588 1694 657 1751 alibi
687 1692 826 1759 vidimus,
844 1707 947 1764 μητρα-

118 1782 232 1862 γύρτης,
249 1808 264 1836 «
280 1786 340 1842 sive
368 1786 474 1859 stipem
502 1784 586 1839 Matri
619 1784 707 1840 deum
736 1780 914 1854 colligentes.
931 1800 946 1829 »

120 1873 677 1939 QuamobremaTertulliano,sicutauc
692 1871 753 1928 loco
768 1869 947 1939 videbimus,

120 1967 309 2034 nuncupatur
321 1986 335 2015 «
353 1963 455 2036 religio
470 1963 652 2031 mendicans,
664 1981 678 2011 »ι
709 1977 772 2033 que
797 1973 947 2030 cauponas

120 2050 264 2109 circuibat
272 2054 382 2124 (tomi
411 2055 560 2125 Apparet,
579 2066 645 2123 pag.
661 2049 736 2121 781).
752 2047 824 2115 Quie
847 2051 946 2104 autem

121 2160 179 2199 uon
194 2143 351 2199 mirabitur
364 2142 443 2199 huuc
466 2143 705 2199 sordidissimum
722 2141 946 2211 moremjsacra·

1 2272 3 2280 ›
119 2230 245 2289 tlcribue
259 2232 410 2288 ilrmatum
426 2232 517 2288 luisse
531 2230 685 2305 gentilium
700 2228 839 2303 legibus?
853 2230 886 2283 11
898 2225 948 2284 ci·

122 2335 188 2375 cero
204 2325 302 2377 tamen
318 2320 404 2385 hauc,
433 2321 510 2377 inter
532 2319 605 2375 alias
634 2320 669 2375 ad
696 2318 818 2374 deorum
834 2316 946 2373 cultum

122 2406 312 2481 pertinentes,
328 2407 423 2482 legem
442 2408 580 2465 exbibet:
597 2430 611 2457 a
629 2407 735 2463 Praeter
752 2406 834 2462 lders
847 2404 947 2461 Matris

123 2496 262 2568 famulos,
277 2513 384 2570 eosque
396 2497 489 2569 justis
502 2496 617 2567 diebus,
633 2512 669 2552 ne
697 2495 765 2567 quie
779 2494 885 2567 stipem
900 2509 947 2549 co-

121 2585 194 2660 gito.
211 2608 224 2635 ι
240 2586 311 2643 Eam
327 2603 397 2644 sane
409 2587 446 2644 ob
468 2601 587 2642 causam
614 2601 672 2641 non
701 2584 766 2640 ausi
781 2587 852 2640 aunt
866 2582 945 2639 hune

121 2674 278 2732 ridiculum
294 2690 405 2732 morem
429 2675 583 2746 antiquare
608 2674 678 2747 (cic.
695 2673 768 2729 lib.u
789 2672 823 2727 de
844 2672 943 2742 tegit,

122 2780 149 2835 p.
165 2764 229 2833 335,
241 2762 293 2820 lin.
311 2766 366 2833 11).
382 2763 473 2820 Paulo
487 2765 566 2820 enim
595 2766 697 2835 poetes
723 2762 801 2818 idem
826 2762 945 2818 Cicero:

120 2872 135 2903 s
150 2852 261 2925 stipem
278 2851 465 2923 sustulimus,
482 2852 591 2925 iuquit,
607 2851 664 2908 nisi
675 2867 739 2907 eam
756 2866 820 2923 qus
835 2849 948 2920 adpau·

119 2956 168 2998 ros
183 2940 245 2999 dies
261 2942 378 3016 propria
402 2942 482 2998 ldaeas
506 2940 620 3006 Matris,
635 2939 837 3012 excepimus.»
853 2938 945 3009 (ldam

118 3045 185 3103 pag.
201 3030 264 3097 338,
285 3028 337 3087 lin.
352 3031 410 3102 20.)
426 3030 502 3086 Idaea
525 3046 610 3102 porro
630 3033 725 3085 mater
738 3029 837 3085 eadem
853 3032 898 3086 est
911 3043 945 3085 ac
1000 3081 1006 3094 ,

118 3117 207 3174 deum
222 3121 313 3175 Meter
326 3122 356 3175 et
365 3117 479 3193 Cybele.

154 3266 195 3325 De
210 3268 349 3341 Lupercis
364 3268 468 3325 deinde
478 3268 539 3325 hac
556 3268 657 3342 procul
672 3267 762 3325 dubio
782 3266 940 3335 Minucius,

119 3372 173 3413 nec
186 3355 271 3431 plura
286 3357 425 3432 scripsit:
442 3380 457 3409 «
485 3358 562 3414 Nudi
590 3357 682 3415 cruda
707 3357 803 3413 hieme
828 3355 943 3413 discur-

119 3450 198 3503 runt.
216 3467 231 3496 a
246 3446 338 3503 Certis
348 3452 447 3503 autem
462 3448 589 3505 testibus
618 3447 643 3503 ei
667 3446 722 3503 boc
751 3445 804 3501 tibi
826 3443 943 3517 probari

119 3534 262 3607 postules,
279 3536 315 3591 ad
332 3537 534 3593 manusnobis
549 3536 648 3609 plures
664 3536 766 3607 utique
780 3541 860 3590 sunt.
879 3533 942 3590 Pri·

119 3624 342 3697 mussiquidem
357 3623 473 3681 obviarn
488 3625 566 3681 venit
582 3624 689 3693 Livius,
714 3624 764 3696 qui
785 3629 884 3679 narrat
898 3623 942 3680 in·

118 3712 258 3769 stitutum
274 3712 366 3770 fuisse
381 3706 417 3770 ab
441 3714 574 3769 Evandro
602 3713 733 3769 solemus
757 3728 792 3769 er
819 3712 944 3770 Arcadia

118 3800 253 3873 allatum,
270 3824 282 3854 ι
300 3808 333 3859 ut
347 3801 419 3859 nudi
436 3805 570 3875 juvence,
596 3803 720 3876 Lyceum
751 3806 831 3858 Pana
856 3817 942 3859 reuc-

117 3896 227 3960 reutes,
254 3907 307 3965 per
333 3890 432 3949 lusum
456 3896 544 3964 atque
564 3891 716 3949 lasciuiam
745 3895 941 3948 currerent.»

116 3979 189 4050 (Lis.
204 3979 257 4037 lib.
274 3998 294 4050 1,
309 3982 325 4055 ξ
338 3982 379 4053 5.)
395 3981 504 4038 Deinde
517 3981 610 4037 AElius
620 3981 747 4049 Tubero,
766 3997 783 4037 a
803 3979 941 4055 Dionysio

115 4068 338 4128 Halicarnasson
352 4070 469 4139 citatus,
485 4071 618 4127 eamdem
647 4070 768 4127 tradidit
792 4070 881 4141 hujus
897 4086 942 4127 so·

1076 1209 1143 1269 Quid
1159 1208 1203 1257 illu
1217 1207 1300 1271 turpis
1318 1206 1435 1271 pompat
1450 1204 1553 1267 Nempe
1563 1199 1699 1265 ignobiles

1077 1273 1127 1322 Vos
1140 1285 1197 1319 esee
1212 1271 1352 1327 monstrat,
1368 1281 1428 1318 cum
1443 1265 1553 1330 Luperci
1567 1263 1685 1315 curritis.

1075 1335 1160 1393 Quem
1177 1331 1344 1382 servulorum
1356 1344 1409 1380 uon
1424 1343 1484 1379 reor
1498 1327 1668 1387 vilissimum,

1075 1398 1169 1447 Nudus
1177 1396 1279 1459 plateas
1289 1396 1311 1444 si
1326 1408 1374 1457 per
1387 1408 1482 1443 ornnes
1497 1390 1638 1448 cursitans,

1077 1459 1164 1509 Pulset
1178 1457 1281 1522 puellas
1290 1455 1400 1507 verbere
1413 1456 1479 1504 ictas
1493 1452 1604 1504 lubrlcc.

1278 1536 1425 1600 [Prudent.,
1441 1534 1534 1599 llymn.
1548 1532 1577 1581 irs
1591 1531 1619 1581 5.
1635 1528 1756 1592 Remum]

1035 1648 1093 1703 Gur
1107 1649 1204 1702 autem
1221 1663 1237 1700 a
1253 1642 1409 1699 Minucio«
1426 1641 1517 1696 cruda
1531 1638 1626 1694 hieme
1644 1658 1659 1687 e
1678 1634 1749 1693 nudi
1765 1634 1847 1703 di..

1000 1752 1118 1792 currere
1136 1734 1281 1805 dieantur,
1297 1733 1393 1789 disces
1407 1724 1837 1800 erl’lutarehc,quilocisjarn

1000 1826 1097 1881 citatis
1107 1826 1241 1881 observat
1254 1822 1315 1879 hec
1331 1823 1405 1878 leste
1418 1819 1517 1893 peragi
1545 1832 1648 1874 mense
1665 1814 1825 1895 februario,

1001 1930 1034 1971 ac
1050 1914 1113 1987 lpsa
1125 1913 1210 1970 tertia
1232 1918 1297 1985 poet
1319 1913 1387 1968 ldus
1402 1910 1459 1977 die,
1489 1906 1743 1982 quemadmodum
1758 1904 1817 1965 Oui.

1001 2004 1068 2060 dius
1083 2002 1129 2059 his
1140 2003 1228 2059 stiam
1245 2000 1349 2058 cecinit
1362 1999 1497 2057 versibus
1513 2014 1520 2053 ι

1093 2119 1181 2169 Tertia
1190 2122 1251 2191 post
1265 2118 1326 2167 ldua
1341 2114 1429 2166 nulcs
1443 2127 1544 2187 aurore
1556 2112 1681 2185 lupercos

1109 2182 1219 2245 Aspicit,
1235 2185 1262 2232 et
1278 2181 1360 2230 Fauni
1377 2192 1452 2228 sacrs
1466 2178 1584 2227 bsccrurs
1598 2176 1689 2225 eruut.

1422 2257 1518 2321 [oven.
1529 2256 1576 2305 rte.
1593 2270 1609 2304 ιι
1624 2254 1711 2313 sesae
1723 2252 1757 2316 a]

1000 2369 1115 2427 Videsis
1130 2368 1227 2425 adhuc
1241 2366 1390 2423 Valerium
1406 2364 1564 2422 Maximum
1579 2366 1609 2418 et
1627 2358 1811 2419 Morestellum

1001 2459 1107 2529 (Valer.
1122 2461 1195 2514 liar.
1212 2456 1263 2512 lib.
1280 2472 1312 2522 ιι,
1327 2471 1390 2527 cap.
1404 2456 1429 2521 1,
1445 2456 1460 2523 §
1473 2452 1491 2507 9
1518 2470 1525 2521 ;
1555 2446 1714 2519 llcrcstel.,
1729 2446 1815 2505 diali

1002 2548 1035 2606 de
1050 2551 1110 2605 Fer.
1127 2549 1225 2617 Rom).

1037 2637 1111 2694 Tum
1127 2637 1232 2693 deiude
1248 2633 1395 2691 Minucius
1412 2648 1445 2689 :a
1460 2630 1526 2701 elii,
1549 2628 1657 2703 inquit,
1688 2625 1818 2684 incedunt

1003 2725 1113 2799 pileati,
1128 2728 1315 2783 sculauetera
1331 2722 1550 2781 circumferunt.
1569 2744 1579 2769 ι
1598 2717 1707 2774 Nullus
1729 2722 1818 2771 sutem

1000 2815 1242 2873 dubitandilocus
1257 2818 1302 2870 ost
1316 2812 1386 2886 quin
1398 2809 1504 2868 hiSalii
1521 2809 1593 2875 siut,
1609 2823 1687 2881 quos
1702 2804 1816 2862 sNums

999 2902 1144 2977 Pompilio
1155 2903 1306 2961 institutae
1326 2901 1372 2958 bis
1386 2900 1484 2957 Livius
1507 2899 1591 2956 dccet
1604 2895 1704 2953 verbis
1719 2910 1727 2953 τ
1745 2894 1817 2950 «sr-

998 2993 1055 3051 lios
1066 2992 1220 3050 duodecim
1235 2991 1319 3047 Marti
1335 2990 1457 3047 Gradivo
1468 2987 1550 3061 legit,
1560 2984 1727 3057 tunicaeque
1743 2982 1817 3056 picts

998 3083 1114 3157 insigna
1128 3082 1217 3153 dedit,
1234 3087 1262 3138 et
1278 3096 1365 3153 super
1379 3077 1510 3134 tunicam
1525 3090 1633 3132 ereum
1657 3070 1766 3146 pectori
1779 3074 1815 3125 ts·

998 3188 1106 3246 gumen
1122 3169 1309 3243 coelestiaqua
1323 3184 1416 3239 arma,
1432 3181 1495 3240 quse
1510 3162 1616 3221 ancilia
1627 3159 1813 3236 appellantur,

999 3262 1083 3327 terre,
1097 3277 1130 3317 ac
1145 3277 1196 3333 per
1206 3258 1312 3316 Urbem
1330 3257 1382 3326 ira,
1398 3259 1537 3313 canentes
1547 3252 1683 3310 carmina
1697 3246 1811 3306 cumtri-

997 3351 1095 3424 pudiis
1118 3349 1300 3421 solemnique
1333 3345 1443 3403 saltatu
1466 3342 1599 3417 jussit.»
1626 3340 1698 3413 (Lis.
1729 3337 1775 3394 lib.
1791 3352 1805 3405 ι,

996 3440 1080 3511 520.)
1095 3438 1250 3495 Decedam
1265 3435 1353 3492 etiam
1368 3433 1462 3493 Numa
1470 3433 1611 3489 Ovidius:

1042 3556 1101 3605 lam
1111 3553 1222 3603 dederat
1232 3552 1309 3602 Saliis
1323 3550 1350 3615 [a
1363 3549 1431 3599 salto
1443 3548 1554 3599 nomina
1568 3545 1684 3608 ducunt]

1075 3619 1218 3680 Armaque,
1233 3618 1259 3664 et
1273 3612 1306 3663 ad
1319 3616 1406 3663 certos
1419 3611 1500 3661 verba
1513 3608 1636 3660 cauenda
1650 3606 1742 3657 modos

1354 3693 1441 3759 [Orid,
1454 3692 1471 3742 l.
1482 3705 1509 3743 ιιι
1524 3691 1602 3749 Fosi,
1616 3694 1629 3749 s
1646 3688 1682 3751 2)

997 3806 1039 3863 lbi
1055 3809 1153 3862 autam
1168 3804 1309 3861 describit
1323 3801 1470 3875 quomodo
1481 3797 1531 3855 ille
1541 3812 1634 3865 erma,
1651 3810 1716 3868 quse
1737 3804 1797 3846 aar·

996 3893 1073 3962 cilia,
1105 3918 1118 3943 ιι
1142 3897 1171 3950 et
1199 3898 1311 3962 auctor,
1337 3916 1347 3942 a
1370 3893 1453 3947 scuta
1477 3892 1584 3955 vetera,
1613 3884 1799 3955 nuncupato

996 3983 1067 4040 coslo
1082 3982 1223 4040 cecidisse
1236 3982 1376 4039 terantur.
1386 3979 1469 4037 Unde
1479 3973 1629 4033 luvenalis
1644 3972 1775 4029 canebat:

1089 4100 1195 4149 Arcano
1208 4098 1254 4159 qui
1269 4111 1343 4148 sacra
1357 4096 1446 4145 tereus
1456 4092 1579 4144 nutantis
1591 4090 1661 4149 loro,

1087 4162 1198 4212 Sudsril
1215 4161 1314 4226 clypeis
1330 4157 1470 4209 ancilibus.

115 4157 277 4217 lemnltatis
291 4159 446 4233 originem,
461 4160 491 4215 in
507 4176 566 4232 qus
587 4158 721 4217 solebant
742 4160 867 4231 juvenes
892 4177 940 4212 πι-

1350 4235 1492 4301 (Juvenal,
1507 4234 1593 4299 Soter.
1609 4246 1635 4292 ιι,
1652 4231 1702 4282 sub
1717 4226 1768 4287 dul

115 4244 232 4323 ριιλθιῑν
248 4243 346 4323 δρόμῳ
365 4247 416 4317 τήν
439 4248 538 4321 κώμην
551 4246 681 4324 γυμνούς,
698 4272 713 4299 a
742 4248 839 4304 nudos
865 4248 942 4303 circa

115 4338 213 4393 vicum
227 4338 381 4404 cursitare,
395 4339 540 4411 pudendis
554 4344 670 4396 tantum
682 4353 783 4395 recens
799 4342 939 4393 mactata·
994 4351 1031 4404 Α)
1042 4349 1077 4405 do
1091 4348 1149 4419 his,
1160 4352 1248 4420 atque
1259 4346 1347 4403 etiam
1363 4342 1502 4416 Lupercis
1524 4357 1592 4397 mox
1610 4336 1708 4405 dictis,
1721 4327 1796 4403 virgi·

116 4442 182 4483 rum
198 4426 343 4499 pecudum
359 4428 470 4484 exuviis
485 4428 653 4484 succinctis.
671 4426 826 4500 »tilionys
847 4425 938 4483 Halic.
995 4436 1052 4492 lius
1069 4437 1118 4509 qui
1130 4453 1180 4493 θοι
1195 4460 1209 4486 a
1227 4434 1360 4507 pileatos,
1377 4455 1391 4484 ι
1402 4422 1795 4496 uteitltiunciua,incsesis⁰

116 4513 196 4571 lib.r
221 4516 318 4588 Antip.
350 4516 437 4587 ltcm.,
462 4532 528 4589 pag.
553 4518 609 4585 67.)
639 4518 700 4573 lluc
728 4518 804 4572 eiam
829 4515 941 4571 accedit
995 4524 1394 4583 tlltgconflpmatvmibus:
1850 4507 1855 4547 ³

118 4602 303 4674 Plutarchus,
317 4604 367 4675 qui
384 4604 502 4677 quidem
517 4606 655 4678 opinatur
669 4604 758 4677 buius
776 4605 852 4671 sesti,
864 4604 941 4676 quod
957 4588 980 4653 Ῑ)

1089 4641 1134 4689 llic
1148 4640 1313 4690 exsultantes
1327 4638 1410 4691 Salios
1425 4636 1567 4699 nudosque
1581 4636 1725 4698 Lupercos,

1088 4704 1289 4815 fflgffiqm
1303 4703 1401 4767 apicas,
1417 4706 1444 4751 et
1458 4700 1531 4763 lapsa
1547 4698 1646 4748 ancilia
1659 4696 1725 4747 coelc

118 4689 288 4763 Lupercalia
306 4694 456 4763 vocabant,
473 4698 502 4749 et
518 4694 661 4764 juvenum
690 4710 795 4750 cursus
824 4692 940 4748 initium

116 4778 185 4835 duci
200 4779 330 4852 potuisse
342 4796 399 4835 non
414 4784 473 4835 tam
489 4781 525 4837 ab
541 4780 682 4850 Euandro,
704 4799 792 4854 quam
817 4782 940 4855 aLupa,

116 4867 330 4943 quallcmulus
345 4868 486 4926 educatus
501 4870 606 4926 tuerat.
635 4875 673 4925 st
694 4871 800 4928 latetur
814 4871 940 4943 juvenes

114 4959 210 5017 nudos
221 4956 407 5029 discurrisse,
423 4958 564 5015 cecidisse
578 4958 698 5015 scuticis
724 4959 798 5017 albis
821 4961 939 5016 obvium
994 4960 1107 5017 Videris
1122 4960 1213 5015 Servii
1231 4961 1258 5015 in
1273 4961 1325 5015 bos
1340 4975 1441 5015 versus
1456 4956 1672 5025 annotationes,
1689 4971 1722 5013 ac
1735 4951 1796 5028 plur·
1853 4986 1855 4991 ·

112 5062 272 5122 quemque,
293 5063 347 5104 nec
362 5045 500 5103 mulieres
516 5047 678 5104 declinasse
692 5047 808 5104 illorum
822 5051 940 5106 uerbera
994 5051 1070 5121 apud
1082 5049 1282 5111 Plutarchum,
1295 5048 1465 5120 Dionysium
1480 5036 1796 5109 Halicarnsessum,ll¹·
1853 5054 1855 5059 '

110 5136 269 5209 (l‘lutarch.
287 5138 317 5192 r‘n
341 5138 404 5192 Vite
428 5136 548 5205 Romuli,
578 5152 644 5208 pag.
674 5138 719 5210 31,
745 5143 772 5192 et
801 5138 940 5207 duratione
993 5135 1099 5193 lorium
1114 5138 1270 5192 Maximum
1288 5141 1317 5191 et
1331 5136 1404 5191 alios
1419 5132 1576 5207 (Plutarch.
1592 5132 1623 5187 in
1647 5132 1797 5189 virolam
1853 5184 1855 5191 .

112 5226 200 5291 liam,
214 5241 282 5297 pag.
298 5225 374 5297 280).
394 5224 470 5280 Alibi
499 5241 565 5281 vcro
589 5230 688 5282 narret
717 5226 753 5283 ll.
778 5230 937 5284 Antonium
994 5242 1059 5297 pag.
1075 5228 1109 5280 98
1139 5230 1163 5283 et
1188 5241 1285 5297 seqq.;
1309 5224 1427 5297 Dionys.
1457 5222 1582 5279 Halicar.
1613 5222 1703 5279 111).ιι
1726 5216 1799 5285 dclii·

111 5330 205 5370 unum
222 5331 256 5372 ex
272 5313 318 5371 his
329 5313 420 5370 luisse
434 5329 532 5370 coram
548 5318 658 5371 Caesare
674 5316 751 5372 bunc
774 5317 802 5371 in
817 5316 937 5371 modum
993 5316 1080 5382 liam,
1097 5332 1163 5387 pag.
1182 5315 1245 5383 129;
1261 5313 1357 5369 l'aler.
1376 5313 1452 5369 Max.
1464 5312 1607 5385 lib.r,cap.
1622 5310 1651 5367 9.
1667 5312 1683 5379 5
1697 5310 1747 5383 1,).

111 5402 346 5459 discurrentibus
356 5403 395 5476 (id
411 5406 442 5459 in
472 5404 534 5461 Vtro
552 5406 676 5474 Antonii,
693 5422 759 5479 pag.
784 5406 936 5475 1121).)1ιι-
1027 5404 1159 5475 Denique
1171 5400 1716 5471 Minuciusbeccontinentsradjeoit:
1730 5420 1745 5450 «
1756 5390 1806 5453 esi·

110 5487 197 5547 lieres
213 5508 298 5563 porro
309 5494 413 5549 trorum
425 5494 624 5565 Lupercorum
641 5495 700 5550 ictu
716 5511 749 5550 ac
765 5494 882 5550 uerbere
899 5493 937 5549 le·
991 5492 1033 5549 lea
1044 5495 1169 5564 cedunt,
1186 5493 1386 5548 ruendicuntcs
1401 5490 1516 5548 vicatim
1532 5490 1605 5547 deos
1619 5490 1745 5561 ducunt)
1756 5510 1770 5539 a
1780 5484 1809 5541 11

111 5580 266 5635 coadesse
278 5582 338 5635 tisri
354 5599 440 5654 posse
450 5582 618 5640 credebant.
635 5584 720 5651 sudi,
736 5582 761 5639 si
773 5582 855 5649 velis,
870 5580 935 5638 Ovi·
991 5586 1105 5638 constat
1121 5598 1192 5639 eane
1215 5580 1317 5638 Matris
1333 5580 1420 5637 deum
1440 5579 1618 5650 sacerdotes,
1645 5578 1685 5637 de
1710 5576 1811 5653 quitus

111 5666 193 5725 dium
209 5668 270 5729 hec
284 5670 507 5730 decantantem:
991 5668 1154 5745 paulcaute
1169 5670 1296 5744 egimus,
1312 5668 1358 5727 his
1378 5666 1592 5742 posterioribus
1614 5666 1713 5729 verbis
1727 5666 1811 5727 deut·

1176 4769 1338 4909 θηιῑ(111311,
1357 4844 1374 4893 l.
1388 4856 1433 4893 rur
1446 4840 1558 4899 AEneid,
1569 4855 1596 4890 v.
1612 4841 1660 4891 613
1672 4840 1773 4903 etseqql
