3892 6104
1688 35 1840 55 arv-qne

1628 62 1656 101 ,τ
1673 60 1681 69 “
1703 58 1848 127 ''r-..Eis

63 256 66 261 ·
122 250 183 315 ssa
649 241 862 307 novaruru
884 241 1132 305 racsarruar
1156 244 1306 307 sonans
1645 212 1653 287 ἶ
1770 246 1827 311 su

115 383 196 456 prias
210 379 375 455 perdidisse
386 394 393 437 ε
404 394 439 435 aa
453 374 532 435 enirn
546 393 612 449 qun
627 376 657 432 11
672 374 799 448 alicujus
818 374 941 450 gloriam
956 379 984 447 Α
998 382 1028 434 et
1041 376 1148 434 cadant
1160 392 1330 435 eversorum
1345 378 1469 435 1111111
1485 376 1586 447 mine,
1603 382 1763 451 properata
1778 378 1823 437 ni·

114 472 314 545 proferuntur,
331 468 387 524 nisi
402 466 487 523 anxio
503 472 532 522 ct
546 465 671 523 sollicito
699 464 797 521 labore
824 482 942 522 serven·
998 466 1054 521 nris
1069 466 1197 522 remedia
1209 465 1636 539 communicationum,·utique
1651 482 1711 523 nou
1728 468 1825 540 profu·

114 564 174 628 tur,
191 559 219 614 in
235 558 375 615 invidiam
393 555 511 611 maximi
529 554 888 610 criuriuisintumescunt.
996 560 1072 621 tura,
1090 560 1276 627 prestantur,
1291 560 1320 612 st
1334 572 1409 611 nora
1439 572 1491 628 per
1510 555 1749 611 misericordiam
1773 556 1823 611 fal·

148 649 197 705 lll.
213 651 272 703 tloc
289 662 341 701 uos
354 662 411 701 nou
428 644 501 701 falso
517 643 611 699 dicere
638 642 804 716 superiores
838 652 942 697 nostra
997 658 1060 699 saur
1075 642 1196 699 vulnera
1209 644 1358 700 veteribus
1379 644 1625 716 transgressionis
1649 641 1822 700 uulneribus

112 736 216 794 litteras
231 737 286 809 (11)
305 735 509 807 probaverunt,
526 733 555 787 11
580 732 688 804 quibus
716 733 798 788 vobis
822 735 943 787 senten·
997 732 1215 804 imprimantur,
1234 732 1392 789 utmiseris
1421 733 1458 788 ad
1481 733 1662 789 eversionem
1684 733 1823 803 maiorum

114 826 186 882 tiam
201 830 333 881 nostram
349 822 673 895 dilucidaexpositionc
695 820 874 892 protulimus
891 820 942 875 ad·
995 820 1375 894 eripiaturetpoenitentia.
1404 822 1457 877 Ubi
1486 821 1564 877 enim
1592 820 1701 893 poterit
1726 822 1822 878 indul·

111 932 213 972 versus
228 931 278 971 ens
290 914 339 985 qui
350 912 474 984 seipsos
490 910 625 967 infideles
640 909 743 966 illicita
754 909 942 966 nefariorium
996 910 1101 982 gentis
1117 910 1415 983 medicinnproflcere
1435 909 1645 983 (17),sietiam
1668 911 1733 982 ipse
1763 927 1822 969 ms·

115 1002 281 1063 libellorum
298 1002 479 1074 professione
495 998 694 1072 prodiderant,
713 999 798 1071 quasi
826 997 943 1054 evasuri
997 999 1081 1055 dicus
1096 1000 1255 1071 intercepta
1270 999 1441 1072 punitentia
1462 998 1595 1071 indulget
1617 998 1770 1070 periculis.
1799 1000 1824 1057 si

113 1091 277 1149 irretientes
307 1091 364 1161 (12)
390 1089 456 1146 illos
481 1088 589 1145 diaboli
614 1089 736 1159 laqueos
764 1086 942 1154 viderentur,
996 1088 1315 1160 tantummodoloperit
1341 1088 1460 1160 vulnus,
1484 1104 1538 1144 nso
1558 1087 1629 1145 sinit
1658 1088 1825 1147 necessaris

114 1182 314 1254 111(13)1ο1
331 1180 429 1235 miuus
440 1178 517 1234 11110
535 1194 625 1249 quom
641 1176 666 1231 si
677 1177 713 1231 11
730 1175 857 1231 net'arias
877 1191 943 1231 aras
996 1178 1136 1249 temporis
1152 1177 1437 1234 remedinobduoere
1459 1176 1650 1233 cicatricem?
1681 1176 1742 1233 lloc
1769 1193 1824 1234 nnn

115 1269 316 1334 accessissent,
332 1268 387 1323 lroc
399 1268 462 1337 ipso
478 1284 536 1338 qno
552 1266 649 1337 ipsum
666 1264 819 1320 contestati
830 1264 944 1320 fuorunt
998 1270 1170 1335 adcurare,
1192 1267 1254 1336 sed,
1270 1267 1295 1323 si
1323 1267 1419 1322 dicere
1447 1282 1548 1322 verum
1580 1263 1732 1333 volumus,
1755 1264 1825 1321 occi·

115 1362 294 1425 tenerentur,
311 1356 465 1411 sedetiam
482 1355 624 1409 adversus
653 1352 720 1408 illos
749 1351 799 1424 qui
824 1358 943 1423 accepta
999 1354 1077 1410 dere.

13 1458 20 1471 ·
115 1446 335 1517 fecissent(lt)‚
352 1444 419 1498 licet
434 1448 590 1514 presentes
605 1459 672 1497 curn
688 1443 791 1497 tierent
816 1459 872 1497 non
888 1441 944 1496 ad·
1034 1442 1079 1498 lV.
1091 1443 1264 1515 Quanquam
1281 1444 1488 1501 confessorum
1516 1458 1643 1515 quoque,
1676 1457 1754 1515 quos
1781 1442 1826 1499 hic

115 1536 254 1604 fuissent,
285 1549 353 1589 cum
382 1530 568 1605 praeentiam
598 1547 682 1586 suam
710 1531 821 1601 ntique,
839 1535 872 1585 ut
900 1530 943 1585 sic
998 1532 1094 1588 adbuc
1107 1532 1182 1588 ser
1198 1532 1229 1588 in
1243 1547 1389 1589 carcerem
1404 1532 1533 1604 dignitas
1549 1548 1604 1587 sue
1626 1530 1824 1589 confessionis

114 1624 313 1683 scriberentur
345 1621 512 1677 mandando
537 1620 593 1692 (15)
618 1619 764 1676 fecissent.
796 1620 859 1675 Non
897 1623 943 1676 est
997 1620 1118 1677 inclusit
1131 1626 1160 1677 et
1174 1622 1209 1676 ad
1226 1626 1373 1677 certarnen
1389 1619 1588 1693 evangelicum
1612 1636 1671 1675 sua
1698 1619 1775 1675 fides
1796 1621 1824 1677 11

114 1712 193 1771 enirn
219 1711 362 1767 immunis
391 1709 541 1767 ascalere
572 1710 623 1780 qui
648 1715 680 1764 ut
711 1710 793 1765 tieret
814 1708 1179 1816 impera-Brontessione
1190 1710 1253 1780 jam
1267 1707 1396 1781 gloriosa
1410 1706 1500 1763 semel
1515 1707 1679 1775 coronavit,
1711 1707 1824 1765 litteras

113 1802 155 1858 vit
181 1802 258 1873 (ibit
282 1815 335 1856 nec
363 1806 407 1855 est
430 1798 506 1854 alius
532 1814 549 1853 a
578 1796 710 1863 crimine,
753 1797 839 1867 cujus
872 1812 941 1851 con·
996 1798 1104 1854 babeas
1119 1798 1321 1870 conspirantes
1332 1814 1399 1853 oum
1426 1794 1531 1853 litteris
1559 1795 1683 1863 nostris,
1714 1796 1822 1869 quibus

114 1907 215 1959 sensu,
227 1888 294 1944 licet
310 1904 366 1943 uon
383 1903 399 1941 a
414 1903 445 1942 sc
455 1886 620 1942 adinissum
635 1884 758 1956 crimen,
775 1891 874 1940 tumen
890 1901 941 1957 pu·
994 1886 1177 1942 severitatem
1192 1884 1363 1958 evangelica
1391 1884 1554 1957 disciplinas
1568 1882 1773 1956 protulerunt,
1797 1888 1823 1943 st

114 1978 188 2035 blice
203 1977 329 2049 legitur:
346 1981 457 2031 etcum
473 1979 566 2031 totum
584 1974 650 2029 fidei
666 1982 882 2029 sacramentum
910 1972 940 2029 11
995 1974 1111 2031 illicitas
1127 1974 1281 2046 petitiones
1296 1975 1333 2029 ab
1345 1971 1479 2029 llcolssias
1499 1974 1610 2045 pudore
1638 1978 1823 2034 revenerunt.

113 2066 297 2124 confessione
312 2064 419 2121 Christi
443 2063 572 2117 nominis
599 2061 780 2134 intelligatur
807 2078 872 2118 esse
895 2062 940 2118 dr·
995 2064 1056 2120 Nisi
1072 2064 1126 2119 hoc
1142 2062 1288 2119 fecissent.
1302 2060 1464 2134 discipline
1478 2060 1652 2135 evangelicas
1664 2062 1754 2119 ruins
1768 2078 1822 2119 non

112 2166 240 2229 gestum,
257 2154 307 2226 qui
319 2153 438 2209 fallaces
454 2152 483 2207 in
494 2152 683 2207 excusatione
690 2151 853 2223 praestigias
866 2168 943 2222 quss-
994 2152 1079 2209 facile
1105 2151 1263 2207 sarciretur
1290 2151 1345 2223 (18)
1375 2152 1537 2222 presertim
1553 2166 1622 2205 cum
1639 2150 1714 2206 nulli
1728 2150 1822 2221 magis

113 2246 161 2313 rit,
176 2244 293 2317 negavit
308 2260 315 2299 ε
332 2241 426 2313 etqui
442 2240 503 2296 vult
518 2239 608 2295 videri
625 2240 784 2311 propositis
800 2240 940 2296 adversus
994 2248 1053 2298 tarn
1079 2255 1242 2312 congruum
1266 2243 1345 2296 esset
1373 2246 1512 2295 tenorem·
1528 2237 1690 2311 evangelici
1715 2238 1820 2312 vigoris

113 2332 304 2405 Evangelinm
320 2330 363 2387 vel
379 2329 481 2385 edictis
493 2328 536 2385 vel
551 2328 666 2401 legibus
681 2327 869 2395 satisfecisse,
886 2328 940 2385 hoc
993 2330 1143 2387 illibatum
1153 2328 1385 2401 dignitatemque
1400 2343 1513 2383 seruere
1528 2327 1596 2397 (19),
1609 2342 1702 2399 quam
1726 2328 1777 2401 qui
1790 2344 1818 2385 ss

113 2422 178 2495 ipso
190 2423 254 2492 jam
270 2420 367 2493 paruit
377 2419 454 2491 quod
470 2418 561 2473 videri
574 2418 708 2490 paruisse
723 2434 754 2473 se
770 2417 870 2473 voluit.
883 2418 941 2475 Neo
993 2418 1204 2476 excruciandos
1218 2421 1247 2472 et
1260 2415 1509 2472 excarnificandos
1525 2431 1576 2487 pro
1594 2414 1751 2487 Evangelio
1778 2416 1817 2473 tn·

114 2506 607 2579 uouetiamcoutraillosquoque
628 2506 679 2578 qui
708 2505 820 2562 illicitis
849 2506 940 2562 sacri·
994 2508 1128 2565 rentibus
1143 2505 1345 2574 tradidissent,
1362 2520 1398 2559 ne
1427 2504 1561 2576 martyrii
1588 2503 1733 2561 honorem
1761 2521 1814 2562 me·

32 2602 35 2607 '
113 2598 306 2655 liciismnnus
326 2610 395 2651 suas
423 2600 511 2666 atque
538 2611 589 2650 ora
615 2593 790 2667 polluerent,
821 2594 941 2667 pollutis
994 2596 1050 2652 rito
1066 2596 1121 2668 (20)
1138 2594 1299 2664 perderent,
1315 2594 1340 2649 si
1364 2592 1395 2647 iu
1410 2592 1562 2649 occasione
1577 2594 1725 2665 martyrii,
1752 2610 1814 2665 prr·

113 2692 181 2744 aute
196 2685 345 2741 mentibus
360 2683 497 2757 propriis,
514 2682 592 2737 unde
606 2682 695 2737 stiam
712 2683 862 2755 suntipse
877 2699 939 2741 ma·
993 2684 1169 2743 varicatores
1195 2680 1341 2752 Evangelii
1368 2698 1434 2737 esse
1467 2682 1645 2738 voluissent:
1676 2682 1813 2754 namqui

113 2778 290 2847 ruuntque
318 2789 368 2829 orn
394 2772 516 2843 polluta,
546 2770 633 2827 fldem
662 2778 793 2828 nostram
818 2788 940 2830 consan-
995 2774 1071 2847 quod
1086 2773 1184 2839 habet,
1198 2787 1257 2827 111
1271 2770 1400 2826 custodit
1414 2771 1444 2826 11
1456 2787 1489 2827 eo
1511 2788 1545 2827 ex
1569 2787 1627 2843 quo
1647 2769 1722 2827 illud
1750 2787 1811 2845 pos·

112 2881 239 2937 sumque
272 2862 509 2931 monstravimus,
535 2860 616 2916 Absit
643 2860 722 2916 enim
751 2862 789 2916 ab
812 2862 941 2919 Ecclesia
995 2863 1078 2931 sidet,
1094 2861 1166 2917 dum
1182 2860 1210 2916 id
1227 2876 1261 2916 ea
1276 2875 1334 2930 quo
1350 2858 1588 2930 possidstvielat‚
1606 2858 1718 2916 amittit
1747 2857 1808 2915 illud

113 2958 244 3011 Romans
254 2951 382 3023 vigorem
393 2954 550 3005 suumtcm
562 2949 684 3020 profana
693 2949 832 3005 facilitate
843 2950 942 3007 dimit·
995 2952 1073 3024 quod
1090 2950 1270 3022 possidebat.

112 3047 183 3109 tere,
200 3047 229 3097 et
253 3056 356 3096 nervos
384 3037 545 3094 severitatis
572 3053 671 3094 eversa
695 3038 761 3093 fidei
789 3040 941 3111 urajsstats
1030 3039 1062 3093 V.
1078 3040 1110 3094 ln
1125 3055 1183 3110 quo
1195 3038 1256 3093 loco
1268 3038 1410 3095 maximas
1421 3037 1474 3093 tibi
1486 3042 1575 3109 atque
1590 3037 1696 3094 uberes
1710 3036 1807 3109 gratiss

113 3129 290 3199 dissolt·ere;
307 3132 339 3186 ut
354 3144 422 3184 cum
436 3126 532 3183 adhuc
547 3143 605 3183 non
616 3131 731 3183 tantum
741 3129 871 3199 jaceant,
886 3129 938 3186 sed
954 3112 975 3179 C
994 3129 1102 3185 referre
1115 3127 1256 3183 debemus
1266 3133 1295 3182 et
1307 3125 1469 3196 reddimus,
1482 3126 1561 3197 quod
1572 3125 1691 3182 illorum
1699 3124 1806 3183 11111111

822 3226 989 3289 variorum
1016 3232 1112 3289 notu.

148 3326 206 3399 (11)
221 3326 259 3382 Su
277 3327 380 3382 eriores
394 3328 496 3381 nostrae
511 3324 621 3380 litterar.
637 3323 684 3378 llas
699 3322 884 3380 intercidisse
899 3324 941 3380 vi·
994 3324 1074 3397 gisae
1093 3324 1263 3393 impetrauit.
1283 3322 1330 3377 Sic
1353 3322 1383 3377 in
1407 3321 1532 3393 epistola
1556 3338 1622 3377 rcrv
1636 3320 1743 3377 codicis
1765 3334 1802 3374 er·

116 3400 224 3457 dentur
249 3344 389 3453 grauun.
998 3394 1083 3468 cyclii
1101 3394 1243 3466 scriptum
1259 3398 1305 3449 est
1316 3411 1323 3459 ;
1335 3393 1365 3449 11
1376 3394 1475 3449 codice
1490 3391 1688 3449 Bellovacensi
1708 3391 1801 3463 qoun-

152 3470 208 3542 (12)
224 3442 386 3524 lrretisntcs.
401 3467 432 3522 11
448 3482 506 3521 111
521 3464 594 3521 libro
609 3480 674 3547 nico
690 3465 788 3533 veteri,
817 3467 940 3523 retinen·
996 3468 1144 3551 impetrare
1158 3464 1251 3520 divino
1266 3464 1369 3535 justicio
1387 3482 1442 3549 pro
1457 3465 1604 3536 imperare.
1615 3462 1718 3520 Facilis
1739 3476 1801 3519 error

117 3546 167 3597 tcs.
182 3541 214 3597 ln
231 3540 373 3595 Renensis
389 3537 480 3592 saucii
497 3536 627 3609 Dionysii
654 3538 684 3591 in
699 3536 853 3593 retinendis
879 3536 941 3593 iltis
1017 3554 1045 3593 ur
1057 3537 1206 3593 admissus
1224 3539 1268 3592 est
1281 3536 1370 3592 etiem
1386 3552 1415 3592 ι1
1433 3534 1488 3592 alio
1503 3536 1592 3592 veteri
1615 3534 1714 3592 codice
1738 3533 1797 3605 ejus·

117 3612 223 3667 dioboli
255 3611 370 3681 laqueis.
396 3610 555 3691 111111-Ι
578 3579 648 3691 ttocl.
673 3607 781 3664 Lincol.
802 3610 942 3681 quasiboc
995 3556 1060 3665 geru
1078 3607 1222 3671 Ecclesiae,
1239 3608 1268 3662 in
1281 3608 1423 3663 breviario
1446 3608 1586 3663 nimirum
1613 3606 1736 3662 liberati
1750 3618 1796 3675 cap.

117 3684 230 3739 erasmi
243 3683 274 3736 in
288 3683 439 3737 retinendis
450 3682 512 3735 rttos
522 3680 625 3735 diaboti
640 3679 750 3751 laqueos
771 3682 941 3746 uiderentur,
996 3683 1039 3745 18,
1062 3680 1111 3735 ubi
1126 3680 1269 3751 prouidit
1295 3681 1474 3751 impetrantes
1497 3679 1618 3741 dimisit,
1638 3678 1680 3733 uti
1710 3677 1796 3734 habant

117 3754 199 3826 quod,
216 3753 296 3809 bodl.
322 3769 341 3807 1.
371 3752 527 3819 l'useat‚et
554 3752 624 3807 edit.
645 3756 727 3806 vetus
747 3751 940 3822 iunourinats,
994 3753 1136 3809 editiones
1150 3756 1179 3806 et
1191 3755 1251 3805 tres
1265 3749 1332 3805 libri
1348 3756 1469 3815 veteres,
1486 3751 1576 3806 codsa
1593 3749 1724 3808 Ecclesia
1749 3744 1794 3803 bel·

118 3826 198 3899 puosi
210 3825 259 3880 troc
273 3825 383 3880 suasuri
398 3823 478 3879 l’ecc.
993 3822 1154 3881 lesacensis
1167 3822 1254 3877 habet
1264 3824 1303 3877 im
1322 3826 1442 3878 erentes.
1457 3822 1505 3877 Sic
1530 3821 1609 3893 apud
1637 3818 1795 3893 Fulgentius

152 3898 200 3964 (13
221 3896 288 3964 Qun.
308 3895 440 3966 111111
468 3891 600 3948 latinius
614 3893 732 3963 parando.
755 3896 899 3949 11111111.
994 3895 1158 3951 Plociadenr
1175 3893 1225 3949 lib.
1243 3910 1263 3947 n
1279 3839 1397 3965 llgthol.
1427 3894 1478 3949 ubi
1492 3892 1552 3965 agit
1573 3893 1609 3949 de
1635 3892 1756 3948 Vulcano
1774 3888 1795 3941 et

153 3968 199 4037 (tl
224 3966 544 4038 Acceptofeeisscnt.lta
572 3964 656 4020 codd.
677 3964 784 4020 Lincol.
816 3964 939 4021 111111.
995 3966 1133 4029 Minerva.
1152 3965 1368 4036 legendumcat
1393 3966 1500 4037 iupiter
1537 3966 1686 4037 imperauit
1708 3978 1753 4036 pro
1771 3972 1794 4014 rt

118 4040 273 4096 Benevent.
290 4038 371 4093 editt.
389 4037 499 4092 Manat.
517 4034 587 4090 Feli.
618 4036 729 4091 Wclrh.
755 4041 783 4091 et
800 4036 940 4094 leclrson.
995 4038 1072 4111 quod
1089 4037 1128 4092 ibi
1143 4036 1250 4107 legitur
1264 4038 1431 4107 impetrauit.
1453 4041 1553 4091 Brcuz.
1788 4098 1793 4111 Ι

116 4109 312 4168 Δ1Ρ11111111
328 4126 415 4181 quern
431 4111 550 4163 secutus
565 4109 610 4162 eat
633 4106 780 4174 baluzius,
808 4118 873 4163 octa
900 4113 940 4179 fe·
1030 4110 1087 4179 (17)
1101 4109 1245 4179 Profiocre.
1268 4108 1310 4162 ltu
1333 4108 1549 4164 emendandum
1578 4123 1645 4163 esse
1659 4104 1794 4162 existinau

116 4184 224 4239 cissent.
242 4182 407 4238 tectionem
436 4178 563 4252 priorem
596 4178 752 4233 confirmat
780 4178 940 4250 Rigaltius:
995 4170 1794 4261 secutuseuctoritatemveterumsxernplariumetedi·

117 4274 132 4305 ι(
148 4254 321 4311 Rectissime
337 4251 444 4323 inquit,
460 4251 490 4305 in
509 4249 708 4305 Beneventano
732 4249 890 4322 exemplari
913 4255 943 4307 st
994 4254 1120 4319 tionum,
1136 4267 1188 4323 pro
1204 4267 1237 4307 eo
1273 4251 1329 4307 uod
1350 4250 1525 4323 posteriores
1545 4249 1690 4306 editiones
1713 4244 1793 4321 prais·

114 4325 146 4379 ln
162 4325 290 4381 editions
306 4324 437 4379 Romana
456 4320 570 4392 legitur,
605 4322 635 4375 ui
661 4324 770 4393 accepta
795 4324 940 4393 torsissent:
995 4322 1230 4392 runtprorcdsrs.
1252 4267 1311 4378 {ed
1326 4320 1403 4378 hanc
1429 4326 1527 4377 tamen
1556 4320 1692 4377 nltimam
1716 4314 1795 4395 111111·

114 4396 171 4452 hoo
197 4400 251 4465 eat,
268 4397 317 4468 qui
338 4393 503 4451 submissos
534 4336 648 4447 libellos
675 4392 873 4473 accepissent3
900 4394 943 4450 sic
958 4400 981 4464 ()
997 4412 1062 4451 nem
1078 4411 1132 4467 ego
1147 4411 1193 4448 ma
1208 4393 1351 4465 reperisse
1364 4395 1455 4450 fateor
1472 4394 1501 4450 in
1519 4393 1636 4449 duobus
1650 4390 1730 4448 libris
1743 4398 1796 4445 mut

116 4468 193 4523 enim
210 4474 328 4539 accepto
343 4473 371 4523 ct
386 4473 448 4521 rato
464 4464 629 4545 habuerant
644 4464 785 4589 qurdrppid
804 4463 860 4520 illis
876 4481 944 4521 con·
997 4466 1155 4533 veteribus,
1167 4467 1196 4520 in
1213 4464 1518 4539 Gratianopolitanoet
1532 4464 1564 4521 ln
1580 4480 1640 4521 uno
1659 4461 1796 4539 Victorius,

115 4538 275 4594 tinebatur.
287 4538 496 4593 continebatur
510 4540 606 4589 autem
620 4533 723 4603 illum(
750 4534 941 4609 ibellaticum)
996 4544 1059 4594 turu
1075 4539 1164 4593 etiarn
1178 4537 1208 4592 11
1219 4537 1347 4592 editione
1363 4537 1533 4593 1111111111
1545 4553 1551 4591 :
1568 4537 1660 4592 codex
1669 4539 1797 4591 Rsrneusu

115 4607 166 4664 illo
176 4608 222 4666 dis
235 4610 263 4663 11
275 4607 448 4679 Capitolium
469 4606 646 4672 ascendisse.
663 4622 696 4661 ac
719 4606 835 4663 dedisse
854 4607 943 4664 thura
996 4611 1088 4666 suncti
1117 4607 1248 4680 Dionysii
1274 4611 1303 4664 et
1326 4607 1523 4665 Lemonisnus
1551 4606 1664 4664 babent
1684 4604 1796 4681 prodest

114 4679 198 4735 lovi:
215 4680 291 4751 quod
308 4680 361 4735 etsi
378 4678 426 4734 ille
446 4694 506 4733 non
524 4678 639 4743 fecerat,
667 4682 794 4733 attamen
824 4680 940 4749 fecerat,
995 4682 1096 4738 eodem
1111 4695 1201 4736 sensu
1223 4681 1325 4736 Barac.

117 4757 150 4807 ut
164 4765 195 4807 se
209 4752 313 4807 fecisse
329 4749 444 4822 publice
472 4748 634 4820 legeretur:
668 4749 742 4804 lecto
767 4750 878 4807 scilicet
906 4750 941 4806 li·
1031 4754 1087 4821 (18)
1116 4752 1239 4807 Ruina...
1258 4752 1418 4807 sarciretur.
1442 4749 1525 4806 Unus
1558 4748 1695 4805 baluzius
1717 4742 1798 4805 editu

116 4821 204 4885 bello,
219 4839 277 4894 quo
288 4822 377 4877 videri
392 4819 480 4877 voluti
510 4820 667 4890 propositis
691 4821 832 4876 adversus
851 4822 942 4879 Evan-
995 4825 1088 4880 ruinae
1109 4824 1294 4878 sarcirentur:
1311 4839 1369 4895 que
1384 4838 1450 4877 vcro
1466 4821 1653 4881 auctoritate.
1669 4820 1741 4877 silet.
1756 4821 1801 4872 llos

116 4894 226 5021 Ξ111111
235 4895 340 4949 edictis
351 4891 530 4949 satisfecisse
541 4908 547 4957 ;
559 4892 636 4963 qnod
649 4899 720 4962 erat,
733 4892 942 4950 lidemeristo
996 4896 1072 4978 apud
1085 4894 1221 4949 eumdem
1236 4910 1397 4966 congruens,
1413 4892 1442 4949 ul
1458 4892 1545 4949 habet
1560 4892 1652 4949 editio
1679 4890 1801 4949 oxonia·

29 5008 35 5021 .
139 4970 217 5020 atsrn
234 4965 409 5020 ‹leseruisse
429 4963 589 5017 16111111.
996 4983 1049 5028 ers,
1064 4966 1108 5021 Al.
1124 4981 1284 5035 conpruum.
1302 4965 1448 5021 Gaccaun.

154 5037 211 5105 (ll)
237 5037 384 5105 ltarutunn,
411 5035 458 5091 Sic
482 5033 594 5087 Natalis
622 5032 657 5087 ab
686 5033 741 5088 OEa
767 5035 942 5092 sententiam
1031 5038 1089 5104 (19)
1105 5037 1245 5092 illibatum
1269 5036 1483 5108 dignitatemque
1502 5051 1616 5091 scrivarc
1637 5035 1730 5102 Quod.
1751 5032 1803 5087 Vrt·

118 5108 192 5163 dixit
207 5108 236 5162 in
252 5108 374 5165 eorrcilio
389 5103 628 5175 carthaginensis
643 5104 698 5160 sub
719 5104 861 5177 Cypriane
890 5124 942 5180 pro
996 5106 1105 5163 illibata
1120 5108 1256 5177 dignitate
1269 5124 1387 5171 censore.
1403 5108 1495 5173 Quem
1516 5106 1673 5163 lectionem
1703 5098 1806 5161 retinuit

119 5180 406 5251 ssetproPornpeia
428 5175 596 5232 Sabratensi
618 5177 646 5229 et
673 5173 765 5248 Dioge
793 5177 942 5250 Leptims·
996 5178 1228 5234 Wulohmauus:
1258 5179 1308 5234 sed
1338 5179 1414 5235 male
1444 5180 1521 5251 apud
1557 5178 1808 5251 ipsum‚cxousuu

117 5252 231 5324 granai,
246 5254 296 5323 qui
308 5251 379 5305 milri
392 5248 600 5305 manducarunt.
618 5247 719 5301 111111.
996 5253 1110 5307 seruari.
1126 5250 1231 5305 ctatirn
1246 5266 1312 5306 vero
1327 5251 1496 5324 suspicatur
1522 5248 1601 5305 idem
1616 5249 1714 5306 editor
1727 5248 1810 5323 leget·

154 5322 211 5391 (16)
240 5324 396 5393 lnrperaoit.
424 5325 490 5375 Huc
509 5318 732 5400 lcctiotvidetur
760 5319 880 5391 optima.
911 5325 944 5379 Et
997 5324 1065 5378 dum
1083 5323 1450 5395 quarniisqui.Gscr.aun.

118 5396 215 5447 tamen
230 5394 310 5449 illam
335 5411 392 5450 111
419 5390 515 5447 inveni
531 5390 588 5444 uisi
606 5405 635 5445 ιιι
658 5406 716 5444 111
740 5392 826 5447 veteri
856 5391 942 5449 libro.
1031 5395 1087 5463 (20)
1103 5392 1305 5449 Neritobsest
1321 5394 1382 5449 hasa
1404 5410 1458 5450 uox
1482 5392 1513 5448 in
1541 5408 1588 5447 ms
1616 5391 1730 5449 Lincol.
1757 5390 1814 5447 llos

116 5460 599 5522 0111111111111111111111111
634 5462 807 5518 vetustiores
834 5461 945 5521 habent
996 5464 1320 5521 idemcodexoccisionc
1341 5466 1474 5539 martyrii
1490 5480 1497 5522 ε
1513 5464 1668 5537 mendose,
1697 5468 1732 5521 ut
1759 5460 1815 5539 qui·

116 5533 285 5605 impetrauit.
301 5536 447 5593 Pamelius
462 5538 559 5591 autern
570 5531 704 5603 mutauit,
715 5538 835 5591 secutus
848 5551 901 5592 con
915 5552 944 5593 s·
996 5536 1062 5594 dem
1078 5540 1159 5611 puto.
1176 5536 1319 5607 carnus.

116 5618 218 5663 rursm
241 5608 374 5679 casterii,
389 5606 523 5683 quamuis
546 5605 673 5664 11111111
700 5618 733 5662 se
761 5605 871 5683 ubique
910 5623 943 5667 e·
