3892 6104
156 325 232 378 xuu
891 305 1101 377 8881111110
1789 326 1858 381 xus

159 449 246 508 batur
259 445 432 510 auctoritate
445 447 578 524 ejusdcm
593 442 688 506 sancti
704 441 844 522 episcopi,
854 444 906 519 qai
916 443 981 519 lipi·
993 447 1022 515 A
1036 443 1169 503 Ecclesia
1184 442 1337 519 reditibus,
1352 449 1417 505 tum
1432 444 1470 506 iis
1485 462 1549 521 que
1563 449 1601 506 ad
1624 443 1694 508 cleri
1709 450 1856 508 88818818-

158 538 235 598 stela
243 556 302 609 xm,
312 539 355 598 sic
365 557 416 599 ecs
423 539 625 612 alloquiturad
636 554 710 612 ques
721 536 849 611 Epistola
857 535 909 592 illa
916 552 983 592 con·
1036 534 1147 592 tionem
1161 534 1286 608 quilibet
1299 536 1394 594 tidelis
1409 537 1592 595 contribuere
1608 540 1771 597 tenebatur.

159 627 269 703 scriptu
282 633 327 686 est
335 631 393 702 (77)
405 646 412 686 :
427 648 439 678 ‹
454 627 513 701 Ego
527 645 579 686 vos
594 644 646 702 pro
661 643 708 685 me
719 626 847 684 vicarios
858 625 938 696 misi,
950 628 983 682 ut
1072 623 1129 679 LV.
1145 625 1223 681 Hora
1236 627 1438 684 88888188.-
1453 626 1560 683 Praeter
1574 631 1633 684 tres
1647 627 1706 686 diei
1718 629 1807 687 boras
1821 628 1858 686 ad

59 782 61 785 ,
159 718 362 791 expungeretis
377 717 567 774 necessitates
577 718 700 774 fratrum
718 720 885 774 nostrorum
900 730 982 771 sum·
1037 711 1185 784 publicam
1201 729 1316 787 precem
1332 714 1539 787 designatas,.'
1611 733 1640 773 m
1654 715 1777 788 scilicet,
1793 735 1858 775 sex·

159 804 671 881 ptibus;siqnietiameellentsuss
687 804 983 872 artesexercere,ad·
1035 805 1260 867 tametnonam,
1273 803 1301 858 S.
1314 802 1517 876 Cyprianusm
1560 806 1563 811 ’
1620 806 1752 878 tpariter
1766 811 1860 864 matu·

160 895 332 964 ditamento,
345 898 486 967 quantum
498 894 569 951 satis
582 893 821 963 essct,dcsideria
830 910 930 950 eorum
938 893 984 964 Ju-
1037 888 1144 957 tinum,
1159 891 1293 962 inquiens
1305 892 1363 964 (82)
1377 909 1463 949 mane
1477 894 1631 963 orandum,
1644 898 1676 951 ut
1685 896 1860 953 resurrectio

160 983 275 1042 var-etis.
290 1005 305 1034 n
319 984 429 1041 tdcirco
444 984 541 1054 corba,
552 983 582 1039 id
597 988 643 1040 eet
656 982 777 1056 capsula
792 981 984 1054 eleemosynis
1037 978 1154 1035 Domini
1165 978 1310 1036 matutina
1320 981 1627 1039 orationecelebretur.
1635 983 1775 1056 Loquitur
1782 973 1860 1056 pari-

161 1071 343 1146 excipiendis
359 1073 389 1128 in
405 1072 522 1145 templis
537 1073 700 1144 ponebatur
712 1073 779 1145 (78).
796 1071 918 1139 Fideles,
929 1070 984 1126 etsi
1038 1069 1127 1125 terde
1137 1067 1330 1125 aliaoratione
1338 1069 1374 1126 ad
1385 1069 1442 1126 dici
1454 1069 1542 1127 finem
1553 1072 1629 1128 iacta
1640 1090 1647 1128 :
1659 1072 1860 1145 quodquidem

61 1163 65 1170 “
159 1177 314 1235 pauperes,
330 1184 345 1212 «
361 1160 516 1217 materiam
539 1178 591 1234 pro
606 1160 759 1231 sacrificio,
776 1182 789 1210 a
814 1159 984 1232 suppedita-

160 1249 232 1307 bant
246 1249 303 1323 (79)
316 1268 324 1319 ;
339 1273 354 1300 «
370 1249 504 1307 Decimae
520 1272 535 1300 8
550 1251 639 1307 etiam
654 1248 806 1308 solvebant
819 1249 885 1321 (80).

197 1339 268 1395 bill.
278 1340 318 1395 De
328 1338 402 1395 Caro
411 1338 879 1411 infimorum-Interministros
889 1335 985 1393 118818-

160 1426 304 1486 81888881
316 1427 503 1501 quibusonra
516 1429 693 1486 demandata
701 1425 918 1486 eratdeferendi
929 1427 985 1482 ilu-

160 1516 330 1574 obaristiam
344 1517 524 1591 pauperibus
538 1521 567 1575 et
581 1517 718 1588 infirmis,
730 1521 759 1573 et
768 1516 900 1589 tingendi
910 1517 986 1570 cate-

1038 1154 1068 1213 in
1083 1172 1148 1213 cam
1164 1173 1278 1230 precem
1289 1158 1392 1214 recidit
1406 1175 1494 1231 quam
1505 1163 1650 1233 vesperas
1664 1161 1859 1233 appellamus.

1039 1247 1162 1319 Insuper
1185 1248 1286 1320 ignoro
1310 1264 1347 1303 88
1373 1249 1409 1304 88
1423 1248 1529 1322 vigiliis
1552 1249 1737 1321 interpretari
1762 1256 1862 1322 posset

1039 1337 1117 1409 quod
1132 1336 1221 1393 babet
1229 1337 1335 1394 ibidem
1349 1341 1470 1394 sanctus
1482 1338 1587 1395 Ductor
1600 1344 1629 1396 et
1638 1339 1741 1396 scribit
1750 1340 1787 1396 de
1797 1356 1862 1411 pre·

1039 1425 1123 1483 cibus
1139 1425 1289 1483 nocturnis
1303 1427 1370 1498 (83).
1383 1424 1495 1493 Quibus
1510 1443 1581 1484 eane
1591 1427 1707 1500 positis,
1717 1427 1863 1486 babemus

1040 1530 1141 1570 omnes
1156 1513 1244 1570 boras
1268 1515 1433 1586 canonicas,
1449 1515 1475 1571 si
1490 1517 1614 1588 primam
1640 1520 1669 1573 et
1682 1517 1862 1590 contemple-

160 1605 369 1663 cbumenosad
380 1611 505 1663 moriem
515 1604 985 1680 egrotantes.«Aliequaeincum-
1039 1603 1149 1660 terium
1164 1602 1302 1676 excipias.
1318 1608 1427 1660 Praeter
1447 1602 1501 1661 has
1525 1603 1657 1677 publicas
1672 1621 1784 1678 preces,
1800 1606 1863 1663 ulis

161 1693 851 1765 8881888188888181181888811818888881),
873 1689 986 1749 «etiam
1041 1694 1124 1748 erant
1137 1707 1202 1763 quar
1217 1692 1247 1747 in
1262 1691 1443 1764 privatorum
1465 1692 1579 1749 aedibus
1603 1693 1723 1764 fiebant,
1739 1693 1782 1749 uti
1801 1699 1864 1752 erat

162 1782 228 1856 ipsa
244 1781 450 1852 subdidimus;
468 1781 536 1838 utsi
550 1781 642 1855 quiin
657 1782 733 1838 banc
743 1781 933 1839 tentationem
944 1779 987 1833 in·
1041 1780 1133 1837 oratio
1148 1783 1215 1838 ante
1229 1780 1340 1850 cibum,
1356 1781 1442 1853 cujus
1457 1781 1593 1838 meminit
1612 1782 1640 1837 S.
1656 1781 1817 1855 Cyprianus
1832 1782 1863 1838 in

162 1868 306 1939 ciderunt,
317 1871 457 1944 coeperint
470 1871 648 1944 apprehendi
663 1871 846 1941 infirmitate,
856 1874 885 1927 et
899 1870 988 1941 agant
1041 1886 1095 1927 suo
1109 1872 1234 1926 tractatu
1255 1870 1291 1926 ad
1315 1870 1473 1927 Dominum
1490 1871 1557 1944 (81),
1571 1875 1603 1928 st
1617 1886 1706 1943 quam
1730 1871 1865 1943 perbibet

162 1959 363 2032 poenitentiam
374 1959 508 2032 santiani,
520 1964 548 2016 et
557 1958 724 2017 desiderent
736 1958 987 2026 communionem,
1041 1959 1119 2016 idem
1134 1963 1254 2017 sanctus
1268 1959 1369 2017 doctor
1382 1960 1471 2016 veluti
1485 1960 1729 2018 consuetudinem
1742 1976 1865 2017 suosve

163 2048 267 2121 utique
283 2049 434 2107 subveniri
458 2049 500 2107 eis
515 2049 602 2106 debet
618 2050 700 2107 :sive
721 2050 826 2119 vidue,
843 2049 903 2106 sive
915 2047 987 2104 tbli·
1038 2048 1101 2119 jam
1115 2047 1362 2105 vetustissimam.

163 2138 294 2208 bomani,
311 2137 361 2210 qui
378 2155 410 2195 88
425 2138 561 2195 exhibere
585 2156 642 2195 non
667 2143 802 2213 possunt,
818 2139 878 2195 sive
892 2138 922 2195 bi
936 2136 988 2210 qni
1078 2136 1364 2194 alienabuntur
1387 2137 1521 2208 88811888.
1536 2169 1571 2179 -
1594 2139 1634 2194 ilx
1648 2137 1784 2210 pluribus
1798 2153 1866 2210 ope·

163 2226 195 2284 in
210 2226 376 2284 carceribus
390 2231 471 2296 sunt,
486 2227 546 2285 eive
560 2226 670 2285 exclusi
684 2228 831 2285 asedibus
847 2229 920 2294 suis,
934 2225 989 2282 uti·
1042 2242 1108 2283 rum
1124 2227 1154 2283 S.
1170 2226 1305 2298 Cypriani
1327 2225 1399 2284 locis
1414 2231 1535 2300 apparet
1558 2228 1797 2296 manifestamve
1812 2243 1866 2283 suc

164 2331 223 2391 que
236 2314 344 2372 babere
359 2315 476 2388 debent,
487 2317 536 2399 qui
551 2317 593 2373 eis
608 2317 788 2376 ministrent.
799 2318 852 2374 Sed
868 2321 897 2372 et
912 2319 988 2372 cate·
1043 2335 1058 2365 8
1072 2313 1200 2372 visiones
1214 2314 1323 2372 multas
1337 2320 1366 2372 et
1380 2316 1552 2373 manifestas
1566 2315 1659 2373 iactas
1677 2330 1742 2372 cese
1756 2317 1823 2388 (85),
1837 2319 1867 2372 et

165 2402 303 2461 ebumeni
319 2405 495 2478 apprehensi
505 2405 536 2462 in
551 2405 722 2463 infirmitate
732 2406 844 2479 decepti
854 2420 988 2463 essenon

163 2492 323 2563 debebunt,
340 2497 374 2550 ut
388 2493 430 2551 eis
444 2494 646 2552 subvenietur.
661 2517 677 2546 8

200 2581 272 2638 LIV.
291 2583 439 2655 sportula.
464 2587 572 2640 Praeter
596 2583 732 2657 superius
755 2583 915 2642 recensitas
938 2599 988 2639 cu·

160 2670 988 2745 iusquemensisdistributiones,aliainsupererantque

1042 2403 1131 2461 etiarn
1141 2403 1447 2476 pueroruminnccens
1457 2409 1528 2462 etas
1542 2405 1573 2461 in
1584 2404 1694 2463 exstasi
1707 2403 1865 2462 81881888-

1042 2489 1136 2557 118,81
1158 2491 1296 2559 caditat
1319 2491 1451 2564 loquitur
1465 2509 1499 2549 es
1524 2493 1632 2565 quibus
1647 2509 1701 2549 noe
1725 2493 1865 2549 Dominus

1043 2595 1162 2637 monere
1176 2584 1205 2636 ct
1227 2580 1374 2639 instruere
1388 2581 1528 2655 dignatur
1544 2583 1611 2656 (88).
1625 2600 1640 2634 a
1659 2581 1727 2639 illos
1740 2598 1808 2639 varo
1823 2597 1867 2636 re-

1043 2668 1197 2742 prehendit
1212 2669 1321 2742 quibus
1336 2684 1370 2726 ea
1391 2693 1402 2721 ι
1419 2670 1536 2727 somnia
1549 2670 1675 2729 ridicula
1697 2673 1726 2727 et
1739 2670 1869 2728 visiones

162 2761 344 2819 vocabantur
355 2763 499 2834 sportulae,
514 2764 543 2818 et
558 2761 608 2834 qui
623 2778 724 2819 eorum
739 2761 897 2836 participes
908 2764 992 2818 erant
1043 2757 1149 2830 inepta
1163 2758 1338 2815 videbantur
1351 2760 1420 2832 (89).
1437 2781 1452 2809 »

164 2848 275 2917 elerici,
297 2851 482 2922 sportulantee
506 2850 740 2924 appellabantur.
775 2852 846 2909 Vide
869 2867 932 2924 ques
955 2850 991 2907 de

164 2937 246 2996 bisce
260 2937 350 2995 habet
362 2938 450 2995 divus
459 2939 620 3012 Cyprianus
635 2939 666 2996 in
680 2957 736 2997 sua
746 2939 875 3012 Epistola
884 2941 920 2996 ad
931 2938 991 2995 cle·

165 3029 230 3083 tum
241 3026 434 3084 Furnensem.
449 3026 560 3084 Verum
575 3028 658 3084 lateri
672 3027 814 3086 debemus
829 3029 859 3085 S.
875 3026 991 3101 Cypria-

1081 2847 1241 2904 Observare
1260 2848 1369 2921 pariter
1391 2865 1551 2922 possumus
1574 2866 1610 2908 ex
1623 2849 1688 2907 divo
1714 2848 1869 2922 Cypriane,

1045 2933 1114 2991 clim
1129 2935 1228 3008 nigras
1251 2940 1346 2994 vestes
1370 2941 1501 3010 tempore
1524 2938 1622 2996 luctus
1636 2937 1667 2994 in
1691 2954 1748 2996 usu
1765 2938 1870 2994 luisse.

1046 3023 1154 3081 Scribit
1168 3023 1246 3081 enim
1260 3025 1292 3082 in
1306 3029 1434 3083 tractatu
1450 3027 1487 3083 de
1502 3026 1734 3100 llcrtalitel88),«
1745 3027 1872 3084 Defunc-

165 3130 239 3172 num
253 3114 334 3171 haud
348 3115 502 3188 perspicue
514 3121 642 3173 mentem
657 3116 903 3189 suamapernisse
915 3116 993 3172 circa
1046 3117 1092 3170 tos
1116 3113 1286 3183 desiderari,
1303 3131 1361 3171 non
1387 3112 1484 3188 plangi
1508 3115 1624 3184 debere,
1647 3132 1701 3174 nec
1724 3115 1870 3187 accipien-

167 3201 255 3260 basce
279 3204 427 3277 sportulas
441 3221 449 3272 ;
470 3220 583 3261 necnon
606 3209 741 3262 auctores
755 3205 806 3277 qui
820 3206 856 3261 de
879 3203 938 3261 illis
953 3204 992 3260 lc·
1007 3186 1029 3254 G
1048 3202 1101 3258 888
1115 3217 1180 3259 8888
1195 3202 1243 3259 818
1257 3207 1335 3261 atras
1349 3209 1455 3275 vestes,
1465 3204 1584 3276 quando
1597 3204 1642 3262 illi
1655 3205 1686 3263 in
1696 3205 1768 3262 coelc
1782 3204 1870 3260 indu·

165 3296 309 3365 quantur,
321 3307 379 3350 non
393 3290 466 3350 satis
482 3296 581 3366 aperte
591 3293 704 3367 seipsos
714 3293 870 3367 explicare,
882 3297 914 3350 ut
924 3309 991 3366 pos·

165 3380 262 3439 aimus
275 3380 344 3437 inde
359 3379 476 3454 aliquid,
487 3381 558 3438 certi
572 3380 628 3439 bac
642 3381 673 3438 in
689 3398 720 3438 re
742 3381 874 3438 delinire.
888 3381 993 3439 Censet

166 3468 994 3544 Rigaltiusnbaberiinbonoresportulantium,euticeti·

166 3557 246 3613 bitS.
253 3556 510 3630 Cyprianus,idem
520 3574 585 3615 esse
595 3575 628 3614 ac
639 3558 813 3632 participem
821 3559 884 3615 fieri
892 3560 993 3631 cujus·

167 3645 236 3703 dam
247 3643 404 3719 peculiaris
415 3646 645 3714 distributionis,
656 3664 721 3720 qua
737 3646 851 3704 diversa
864 3651 943 3705 esset
956 3647 993 3704 ab

166 3732 219 3791 illa
226 3749 291 3806 quas
300 3733 506 3808 appellaturab
517 3736 619 3792 eodem
630 3738 732 3792 saneto
743 3736 860 3792 doctore
869 3756 881 3786 ι
890 3735 993 3793 divisio

167 3837 339 3890 mensurna,
347 3827 503 3897 ›rquaeerat
513 3824 682 3882 distributio
693 3825 851 3899 generalis3
864 3844 918 3883 nos
926 3844 994 3885 vero

167 3910 364 3969 libentissime
374 3912 578 3985 adjungimus,
594 3914 782 3987 pauperiores
809 3915 994 3974 solummodo

1048 3294 1147 3347 menta
1161 3289 1228 3347 alba
1238 3292 1301 3363 jam
1317 3296 1518 3364 sumpserunt.
1535 3314 1550 3344 a

1321 3434 1526 3494 ARTICULUS
1543 3436 1593 3492 IV.

1309 3540 1436 3581 8888888
1455 3541 1613 3582 amanam

1126 3630 1172 3689 51.
1188 3655 1217 3666 -
1231 3630 1363 3681 Litterarii
1379 3631 1515 3682 minorum
1528 3633 1637 3683 Petrum
1652 3631 1781 3684 8888188.

1372 3727 1488 3769 ascune
1506 3728 1545 3767 rx.

1317 3801 1398 3858 Circe
1411 3816 1517 3856 anunm
1529 3799 1592 3857 850.

1084 3915 1180 3971 Conax
1195 3930 1303 3972 unicus
1318 3914 1656 3973 asnonio-birundinum.
1672 3939 1686 3968 n
1697 3916 1794 3976 Codex
1806 3920 1873 3973 tan-

168 4000 289 4058 clericos
299 4000 389 4072 buius
404 4001 562 4074 peculiaris
573 4003 790 4061 distributionis
800 4004 891 4062 luisse
901 4005 994 4078 parti·
1048 4004 1202 4060 tummodo
1227 4004 1333 4061 unicus
1357 4003 1500 4062 hactenus
1524 4009 1657 4078 repertus
1677 4009 1732 4075 ast,
1756 4022 1873 4078 exque

168 4087 258 4162 cipes,
275 4106 364 4162 quam
380 4091 575 4148 efformabant
588 4091 645 4147 ills
657 4092 788 4148 fidelium
804 4092 993 4168 eleemosyna
1049 4091 1179 4164 primum
1189 4092 1874 4168 fluxitetiterum,iterumqueltrnobiueemen-

168 4193 233 4250 888
249 4177 281 4233 18
295 4179 372 4236 arcis
398 4180 623 4251 reponebantur.
639 4185 718 4237 Arcas
732 4181 795 4238 ists
820 4183 996 4240 cominatur
1049 4181 1136 4238 datus
1154 4185 1209 4250 est,
1225 4180 1276 4253 qui
1288 4182 1350 4253 iam
1366 4182 1397 4238 in
1422 4181 1597 4241 bibliothece
1621 4185 1702 4258 regia
1715 4183 1875 4240 Pariaiensi

167 4266 325 4338 cujusdam
341 4265 448 4324 calathi
462 4271 570 4338 essent,
581 4269 763 4326 vocabantur
780 4270 944 4343 «sportula
958 4288 966 4327 ι
979 4293 994 4323 a
1050 4274 1154 4327 exstat.
1170 4270 1338 4340 Optandnm
1352 4286 1421 4328 vero
1435 4276 1523 4344 esset,
1534 4273 1681 4331 utdoctus
1696 4272 1815 4344 aliquis,
1826 4273 1875 4329 cui

167 4355 246 4411 unde
256 4354 502 4428 «sportulantes»
512 4355 583 4414 dicti
594 4358 643 4430 qui
659 4359 696 4414 ab
711 4358 791 4416 bisce
801 4358 995 4435 eleemosynis
1050 4359 1148 4416 aditus
1158 4359 1194 4414 cd
1207 4359 1424 4417 ecdicembnnc
1434 4361 1548 4434 regium
1558 4366 1647 4434 patet,
1658 4376 1725 4418 eum
1736 4365 1875 4419 accurate

169 4441 455 4501 88888881888818
470 4449 551 4518 parte
564 4445 741 4504 victitarent.
757 4448 867 4520 Opinor
885 4453 993 4522 autem,
1049 4447 1236 4516 describeret,
1244 4463 1302 4519 qno
1312 4448 1417 4506 saeculo
1428 4448 1555 4523 scriptus
1565 4465 1630 4506 esse
1639 4449 1773 4505 videatur
1783 4450 1873 4506 ratio·

166 4538 287 4603 propter
301 4531 478 4603 peculiarem
495 4533 569 4591 banc
593 4533 831 4594 distributionem
852 4554 995 4611 pauperes
1011 4554 1034 4620 D
1050 4536 1393 4608 nibusjustisprobaret;
1405 4537 1617 4610 inprimisvero
1628 4537 1792 4594 numicndis
1801 4538 1872 4595 adeo

168 4617 291 4675 clericos
315 4635 501 4692 nequaquam
515 4623 638 4694 rejectos
653 4623 745 4681 luisse
761 4643 778 4681 a
792 4626 922 4699 generali
946 4643 995 4684 cu·
1050 4623 1871 4699 characteribueantscripturaecompendiisexaratussit,

165 4706 277 4780 iusque
298 4707 410 4765 mensis
434 4709 653 4779 distributione,
670 4729 733 4784 quie
757 4715 910 4772 constabat
931 4719 994 4773 tum
1051 4713 1875 4789 attotiesavirisinsignitereruditis,qucssuclcconc-

217 4849 263 4923 77)
279 4849 407 4920 Idem,D
431 4892 438 4908 .
454 4857 661 4922 xxxv111,tom.
678 4854 725 4923 IV,
741 4873 766 4914 c.
782 4857 835 4912 350
846 4878 874 4914 a.

216 4920 264 4990 78)
280 4922 370 4989 idem,
386 4869 438 4979 pfl
453 4922 486 4980 de
501 4923 550 4997 08.
560 4932 589 4981 et
602 4926 714 4996 818888,
726 4930 798 4985 tom.
813 4930 860 5001 lv,
872 4946 896 4986 c.
908 4931 994 4987 8128.

216 4992 253 5047 79
280 4993 459 5063 idam,rb1d.

204 5063 251 5205 lg?
275 5064 367 5132 Idem,
379 5063 430 5121 lib.
447 5065 480 5122 de
497 5067 570 5125 Unit.
586 5068 670 5136 Euat,
687 5073 759 5125 tom.
775 5068 824 5141 IV,
840 5088 865 5127 o.
885 5072 948 5141 518,
966 5090 994 5129 8.

275 5135 350 5191 Cler.
366 5136 449 5194 ilem.
466 5139 544 5210 apud
570 5140 717 5212 cyprian,
733 5142 783 5214 Dp.
809 5160 841 5214 rr,
857 5148 927 5200 torn.
947 5145 996 5215 lV,

169 5221 194 5260 c.
209 5206 263 5261 227
277 5225 305 5278 Α,
322 5225 349 5263 8.

205 5276 261 5349 (82)
275 5277 372 5351 11888,
389 5279 409 5336 l.
424 5280 460 5337 cle
475 5278 551 5338 Oroi.
577 5283 665 5348 Dora,
690 5284 711 5338 t.
728 5283 777 5353 IV,
802 5301 827 5340 c.
844 5286 907 5341 543.
924 5303 951 5341 8.
967 5302 994 5342 8.

171 5361 262 5491 Ιέ’(183)
289 5420 374 5476 Nullo
399 5424 553 5480 cinitonis
574 5425 717 5480 8881888818
738 5440 853 5496 precum
874 5427 995 5498 dumnu;

85 5542 93 5552 ,
169 5488 253 5546 nullu
266 5493 423 5549 orationum
436 5495 517 5567 pigro
529 5503 558 5564 et
572 5496 673 5566 ignens
685 5496 843 5568 dispendio.
860 5499 994 5573 Cypriae.

171 5559 302 5643 188811,
318 5581 343 5620 o.
359 5565 422 5622 515.
438 5583 467 5621 a.
479 5566 661 5624 Christianos
673 5575 761 5624 noctu
771 5576 933 5627 conventus
944 5571 995 5629 88·

172 5631 273 5692 bursse
286 5651 334 5692 res
345 5635 419 5694 satis
433 5638 668 5697 notnNceturnue
677 5642 881 5701 convocationes
896 5643 995 5718 appel·

1049 4855 1092 4913 lat
1102 4856 1299 4914 Tertullianus
1309 4857 1361 4914 lib.
1375 4875 1397 4914 11
1407 4859 1443 4916 ad
1455 4858 1589 4915 Uxorem.
1599 4858 1782 4916 Antelucunca
1791 4863 1875 4915 vocat

1051 4927 1163 4984 Plinius
1175 4929 1268 5002 18118.
1280 4931 1316 4986 88
1328 4929 1444 5002 Trajan.
1456 4929 1644 5001 8881888888
1655 4931 1812 5003 exprivata
1823 4930 1874 4986 de-

1049 4998 1176 5069 votione,
1191 4999 1293 5058 fideles
1317 5000 1390 5058 lecte
1406 5015 1437 5057 ss
1459 4999 1632 5071 eripiebant,
1648 5009 1676 5057 et
1695 5016 1746 5073 per
1768 5006 1874 5058 entem

1049 5070 1874 5215 81818113118118118111881811118

1049 5215 1187 5271 miserint
1195 5217 1282 5271 etium
1292 5229 1341 5286 per
1353 5221 1458 5271 nocam
1467 5214 1640 5272 morandum
1649 5187 1736 5273 Deum
1745 5163 1874 5273 83818888.

1086 5285 1143 5358 (81)
1158 5286 1305 5360 Cypriam,
1325 5285 1416 5357 ilpiet.
1432 5303 1452 5355 1,
1477 5287 1512 5343 ud
1536 5289 1681 5357 Donatum,
1697 5289 1744 5344 ad.
1769 5286 1821 5345 lib.
1838 5288 1875 5347 ad

1050 5357 1201 5423 Donatum,
1216 5362 1287 5413 tom.
1304 5356 1349 5424 IV,
1363 5373 1388 5413 c.
1404 5357 1468 5430 222,
1482 5376 1509 5425 8,
1525 5374 1586 5431 seq.

1086 5429 1132 5500 (85
1158 5430 1249 5494 idem,
1264 5429 1317 5501 ilp.
1333 5445 1387 5494 arv,
1403 5432 1474 5486 tom.
1491 5430 1541 5501 111,
1555 5447 1580 5486 c.
1596 5430 1660 5499 855,
1674 5448 1701 5488 a.

1086 5502 1132 5572 (86
1159 5502 1213 5571 ld.,
1228 5503 1280 5572 88.
1295 5516 1335 5555 rx.
1350 5504 1422 5556 tom.
1439 5500 1488 5568 lV,
1503 5518 1528 5557 8.
1543 5503 1607 5567 253,
1620 5519 1648 5557 Λ.

1097 5573 1130 5626 87
1158 5572 1370 5645 ld.,Dp.r.x1x,
1387 5577 1459 5630 tom.
1476 5574 1525 5646 lx,
1541 5587 1566 5630 c.
1583 5575 1645 5645 107,
1656 5591 1685 5630 8.

1096 5644 1130 5701 88
1157 5643 1211 5715 ln,
1227 5643 1579 5718 caeutununntnnn,
1593 5648 1665 5709 turc.
1681 5645 1730 5719 lv,
1743 5645 1873 5716 eboba.
