3900 6112
117 302 177 369 ecc
771 286 1191 358 nouruouuocreuo
1761 298 1822 362 effi

114 432 320 504 confessuros
331 427 816 499 'l'beodetinnoshereticospostes
827 421 942 496 deiecit,
956 424 985 493 Α
999 424 1141 498 lentibus,
1157 428 1187 483 et
1200 425 1355 483 dimidiata
1372 425 1459 485 verba
1477 427 1660 488 tentantibus
1698 429 1822 504 relictis,

115 525 147 583 hi
162 524 291 600 proiecto
308 538 391 580 more
406 536 440 578 eo
459 534 581 593 prorsus
595 515 684 574 debili
696 514 874 587 conlectura,
889 528 941 571 no·
994 515 1117 573 ilomum
1132 514 1240 589 negotii
1256 518 1285 573 st
1306 515 1419 575 visendi
1445 517 1565 575 llinucii
1590 518 1686 592 gretie
1711 518 1822 578 iterum

112 613 204 673 minis
217 610 328 672 scilicet
342 609 406 669 sols
417 607 623 669 simulitudine
645 605 790 664 nituntur.
994 603 1085 675 venit,
1102 602 1153 661 ubi
1166 619 1285 662 summo
1299 621 1366 663 cum
1385 605 1494 680 geudio
1504 607 1540 665 eb
1551 605 1602 665 illo
1611 612 1752 682 exceptus
1766 613 1822 667 est.

154 707 275 761 atvero
291 702 391 774 iteque
418 697 540 774 propius
561 697 665 755 obesse
693 694 863 765 creduntur,
891 690 943 766 qui
995 693 1138 751 Pietatem
1152 709 1220 751 vero
1229 694 1475 769 sanctitatemque
1484 696 1549 768 elus
1559 696 1632 755 setis
1641 696 1825 771 peteiecinnt

116 807 186 851 oum
200 806 267 850 esse
281 787 463 862 censent,qui
477 788 508 845 in
518 785 646 846 Airieam
666 799 811 853 reversus,
834 785 864 839 et
877 795 943 855 pre·
997 781 1104 839 mentis
1114 781 1201 867 erdor
1214 786 1242 840 et
1257 782 1398 856 studium,
1413 799 1471 857 quo
1486 783 1516 841 iu
1535 784 1689 857 gentilium
1717 801 1825 860 super-

114 881 215 956 sbyter
228 878 334 937 deiude
350 881 477 947 oreatus,
493 873 671 949 Cypriamm
682 871 943 946 Carthaginensem
997 871 1134 930 stitiouee
1149 875 1263 947 reptos,
1280 872 1438 943 (lucilium,
1453 877 1541 947 atque
1554 873 1643 932 etiam
1659 874 1760 949 ipsum
1769 875 1826 932 ui-

114 969 286 1044 opiscopum
300 969 338 1026 ud
351 966 448 1042 ipsam
471 964 662 1023 christianam
689 961 860 1037 religionem
891 958 943 1017 ad·
998 960 1130 1030 nucium,
1146 960 1183 1019 ob
1198 963 1349 1020 edoretem
1364 963 1401 1021 ab
1415 961 1477 1030 illo,
1492 962 1569 1021 sicut
1583 963 1724 1035 vidimus,
1738 968 1825 1022 Sera-

116 1058 258 1117 duxit.De
272 1055 322 1114 illo
337 1054 535 1129 nemquebec
543 1052 665 1111 Pontius
673 1051 820 1110 Disconus
828 1049 858 1106 in
868 1049 945 1124 ejus·
997 1049 1076 1125 pidia
1085 1049 1212 1124 eillglem
1226 1055 1288 1109 tem
1304 1051 1408 1109 scriter
1426 1050 1590 1127 castigavit.
1612 1052 1728 1111 mimus
1756 1052 1826 1128 qul·

116 1148 185 1206 dem
204 1144 340 1220 Cypriani
352 1144 413 1202 ulte
427 1148 544 1202 nerret:
561 1164 576 1195 ιι
591 1142 659 1200 linat
686 1156 758 1198 seue
783 1138 827 1196 illi
855 1137 945 1196 etism
998 1141 1065 1199 dem
1078 1139 1353 1215 thprinnltempore
1364 1143 1509 1215 quosdem
1527 1142 1557 1199 in
1567 1143 1665 1201 Africa
1673 1143 1825 1202 exstitisse

93 1296 96 1302 ,
117 1237 154 1295 de
168 1234 254 1293 nohis
267 1230 495 1292 contubernium
509 1230 565 1290 viri
575 1229 651 1304 lusti
666 1233 696 1288 et
709 1225 868 1287 leudebilis
883 1241 945 1284 mo
999 1228 1291 1303 episcopos,quorum
1305 1247 1383 1288 unus
1394 1230 1516 1299 Nutelis,
1532 1230 1605 1290 alter
1617 1248 1684 1290 vero
1711 1232 1826 1291 Janua·

117 1323 216 1383 morie
231 1321 348 1392 Cecilil,
366 1325 395 1378 et
409 1325 493 1379 estete
507 1324 580 1378 tuno
593 1320 744 1378 ethonore
772 1312 946 1391 presbyteri,
999 1317 1062 1376 rios
1071 1317 1245 1392 appelletur.
1261 1319 1317 1377 Sed
1327 1320 1445 1377 eosdem
1455 1320 1523 1379 illos
1537 1337 1612 1391 esse,
1627 1321 1679 1396 qui
1708 1320 1739 1379 iu
1768 1321 1827 1380 hoo

117 1412 169 1487 qui
183 1411 299 1470 eumsd
314 1410 494 1485 egnitionem
516 1426 589 1467 vere
604 1406 766 1466 divinitatis
782 1402 948 1465 aseoulerl
1001 1406 1122 1465 Minucii
1133 1406 1218 1479 ,libro
1239 1407 1402 1483 disputent,
1426 1408 1595 1483 quicunque
1623 1409 1763 1483 dixerint,
1792 1410 1826 1469 hi

117 1516 217 1560 errore
232 1502 405 1558 correxerat.
428 1499 511 1557 Hunc
525 1501 585 1556 toto
609 1497 719 1555 bonore
742 1499 832 1569 etque
864 1489 947 1552 omni
1001 1495 1084 1553 nulle
1097 1512 1218 1570 prorsus
1232 1497 1277 1554 vol
1293 1497 1418 1555 minime
1437 1497 1550 1557 rstione
1562 1497 1638 1571 sulti,
1659 1515 1711 1574 pro
1737 1498 1825 1558 libito

117 1589 306 1648 observantie
319 1587 469 1663 diligebat,
487 1585 661 1660 obsequenti
675 1584 860 1644 veneratione
876 1598 945 1642 sus·
1000 1585 1183 1644 divinabunt.

88 1712 93 1720 ·
120 1679 305 1752 cipiens,non
318 1679 380 1750 J'em
395 1681 427 1734 ut
437 1676 567 1735 emicum
583 1675 689 1733 anime
705 1672 948 1748 coequalem‚eed
1037 1679 1127 1734 Porro
1137 1683 1235 1733 autem
1248 1674 1392 1734 Minucius
1405 1676 1529 1751 hujusce
1542 1677 1611 1736 iibri
1626 1677 1710 1737 initio
1733 1678 1828 1754 signi·

118 1771 262 1839 teuquum
290 1782 370 1823 noves
389 1764 458 1823 uites
485 1769 647 1838 ponentem.
664 1786 679 1816 ιι
705 1764 738 1820 Ιιι
767 1763 842 1822 885
872 1762 947 1820 tanti
961 1796 986 1864 B
1002 1763 1218 1821 flcnreridetor
1232 1764 1384 1823 Octovium
1414 1783 1449 1824 ex
1477 1766 1532 1824 bec
1555 1767 1616 1825 vite
1640 1766 1827 1842 migravisse,

118 1861 216 1916 eutem
226 1855 360 1913 beneficii
371 1853 728 1927 memoriam,(typrienus
739 1852 840 1927 procul
856 1851 947 1909 dubio
1002 1853 1382 1927 qusndobuncilliusoum
1397 1854 1510 1914 cecilio
1525 1855 1677 1931 dialogum
1704 1857 1828 1931 scriptis

120 1959 283 2019 cognomen
299 1943 405 2003 cecilii
428 1941 601 2017 oasumpslt.
626 1942 700 2009 Quid
720 1940 811 2009 euim,
835 1956 946 2013 queso,
1000 1942 1131 2000 tradidit.
1143 1937 1236 2008 Qua'm
1248 1947 1331 2017 grate
1340 1943 1448 2001 etenim
1472 1945 1529 2003 eibi
1553 1949 1632 2004 esset
1655 1944 1735 2005 illios
1764 1962 1828 2005 me·

120 2034 200 2092 allud
215 2033 383 2106 significent
396 2032 459 2090 hec
472 2030 642 2105 Hieronymi
662 2030 751 2090 verbe
773 2030 825 2104 (De
845 2030 946 2103 script.
1001 2032 1434 2106 morie,quentumqneintimis
1444 2034 1508 2092 suis
1519 2036 1656 2094 sensibus
1671 2035 1721 2095 ills
1736 2035 1828 2095 luhe-

119 2121 227 2182 Ecclcs.
249 2138 314 2195 csp.
337 2123 408 2195 ⁶7)²
432 2143 448 2174 e
475 2119 585 2178 deinde
611 2121 753 2178 suadente
776 2118 947 2193 prorupere
1001 2126 1088 2194 reret,
1103 2120 1144 2178 ibi
1154 2121 1292 2195 explicet,
1314 2122 1513 2197 continuoque
1532 2124 1632 2183 eddit:
1649 2124 1739 2185 «Nec
1767 2124 1829 2184 lm·

120 2210 245 2283 cecilio,
260 2226 347 2283 equo
361 2214 391 2267 et
403 2211 630 2283 cognomentum
645 2208 767 2266 sortitus
788 2210 843 2278 est,
867 2206 948 2264 dhri-
1002 2210 1107 2268 merito
1121 2210 1273 2269 discedens
1282 2211 1327 2269 vir
1336 2211 1462 2270 eximius
1471 2217 1502 2270 et
1511 2214 1828 2283 sanctus,immensom

121 2301 236 2360 stienus
251 2299 372 2357 ieetust
385 2319 400 2352 ιι
414 2298 546 2357 Gaeoilius
559 2313 627 2355 sero
640 2296 770 2355 uicissim
785 2299 865 2354 teuto
889 2296 948 2371 Gy·
1000 2301 1048 2358 sui
1063 2301 1141 2359 186
1160 2300 1572 2377 desideriumnohisreliquit.
1589 2326 1604 2364 ιι
1618 2304 1829 2363 Verumtamen

119 2390 259 2464 prienum
274 2392 304 2447 et
317 2392 458 2448 emoreet
480 2387 591 2446 honore
617 2388 790 2462 prosecutos
817 2390 873 2456 est,
902 2389 946 2458 ut,
1001 2389 1072 2465 quie
1086 2389 1213 2464 simplici
1233 2391 1322 2449 verbo
1348 2391 1489 2449 discedens
1511 2393 1614 2464 utitur,
1630 2392 1717 2452 nohis
1745 2392 1828 2452 dictu

121 2478 304 2538 testendhuo
319 2477 430 2551 Pontio,
446 2478 603 2552 conjugem
620 2480 746 2535 suomet
772 2475 880 2533 liberos
903 2474 947 2532 illi
1002 2494 1059 2536 non
1080 2479 1122 2536 ita
1144 2478 1228 2537 ieoile
1251 2479 1377 2550 videtur,
1403 2484 1503 2539 utrum
1526 2480 1600 2539 illud
1636 2482 1674 2541 de
1715 2481 1827 2542 Octavii

120 2565 696 2627 morienscommendaverit.«ltemulsus
706 2566 771 2637 ejus
784 2564 947 2640 obsequiis,
1001 2571 1104 2639 morte,
1117 2568 1160 2627 sel
1175 2569 1210 2625 de
1222 2567 1303 2627 illius
1318 2568 1355 2627 eb
1370 2569 1434 2644 ipso
1449 2574 1478 2628 st
1496 2571 1590 2628 Rome
1604 2571 1756 2632 discessus
1779 2572 1829 2630 iu·

121 2659 165 2718 sit
177 2657 309 2731 Pontius,
324 2657 355 2713 ln
370 2659 487 2714 tentum
498 2655 665 2714 dilectionis
674 2655 825 2713 immense
842 2655 947 2715 merito
1000 2657 1192 2731 telligsndum
1204 2657 1253 2716 sit.
1264 2659 1365 2732 Neque
1374 2664 1473 2718 temen
1481 2661 1653 2734 ignoremus
1664 2661 1727 2720 hec
1736 2661 1828 2737 priori

121 2751 296 2822 provocetur
310 2750 365 2815 est,
381 2750 415 2804 ιιι
429 2744 584 2804 deseonlo
598 2745 948 2818 excedens,oooersitione
1002 2746 1168 2821 significatu
1199 2763 1217 2804 a
1244 2747 1338 2806 doctis
1372 2748 1550 2822 quibusdem
1574 2750 1645 2810 viris
1677 2749 1830 2827 explicent,

118 2837 183 2911 jem
198 2834 562 2910 proxime,oommendaret
570 2833 615 2891 illi
624 2835 780 2909 coniugem
792 2850 827 2894 eo
838 2834 948 2894 liberos
1001 2835 1080 2893 houd
1096 2835 1184 2894 dubie
1199 2835 1339 2909 quonium
1350 2837 1505 2898 Minucius.
1519 2839 1646 2913 adjecitt
1663 2859 1678 2892 s
1701 2840 1829 2898 Immen-

123 2940 203 2997 soos,
219 2930 249 2984 et
262 2941 350 3000 quem
364 2925 473 2983 iecerat
487 2924 524 2982 de
543 2928 630 2983 secte
656 2924 861 2983 communione
884 2940 949 2998 par·
1002 2941 1070 2983 sum
1095 2925 1142 2982 sui
1166 2925 1345 2985 desiderium
1364 2927 1450 2986 uobis
1478 2926 1640 3002 reliquit·
1679 2931 1721 2988 At
1751 2932 1829 2988 carte

122 3015 445 3090 ticipem,postmodum
455 3014 563 3072 iaceret
575 3013 695 3088 pietetis
710 3013 864 3072 heredem.
883 3017 950 3083 »dt
1002 3019 1102 3074 utrum
1113 3015 1150 3074 de
1163 3014 1225 3073 viro
1240 3015 1297 3074 sibi
1312 3018 1556 3091 conjunctissimo
1580 3022 1610 3077 et
1635 3018 1828 3091 emiolssimo,

122 3104 202 3163 hono
221 3106 421 3179 essedoque
444 3104 571 3179 egimm,
598 3103 744 3162 cecilium
772 3103 841 3160 inde
869 3102 949 3162 hsud
1003 3120 1131 3178 quocum
1147 3104 1273 3177 nosipsi
1288 3109 1354 3163 eret
1366 3121 1450 3164 mens
1464 3109 1494 3165 et
1507 3106 1829 3183 anime,qoiquelongo

122 3192 221 3268 inepte
242 3193 409 3251 conllrmeri
433 3192 624 3261 arbitrentur,
640 3192 718 3266 quod
733 3192 836 3250 endem
862 3170 985 3250 ineritss
1002 3198 1149 3251 terrerum
1164 3192 1317 3251 intervallo
1326 3194 1419 3268 Jeme
1433 3211 1465 3254 se
1480 3200 1633 3270 seperatus
1647 3201 1722 3270 eret,
1732 3197 1830 3256 dicere

123 3282 214 3356 hujus
229 3286 258 3340 et
270 3281 406 3357 cypriani
420 3285 501 3353 elea,
519 3289 607 3355 etque
620 3280 789 3355 eedem,2uti
817 3284 948 3356 epperet,
1002 3281 1089 3340 ldille
1102 3298 1161 3340 non
1176 3282 1313 3357 potuerit,
1329 3287 1415 3342 tuum
1430 3284 1573 3357 sitlector
1601 3286 1726 3361 erudite,
1751 3286 1831 3360 judi·

121 3371 227 3445 petrie,
242 3370 274 3428 iu
290 3388 381 3445 quam
394 3370 529 3430 cecilius
553 3374 621 3444 post
640 3370 741 3430 datum
764 3369 872 3429 chmetl
896 3387 949 3430 ne·
1004 3371 1093 3429 cium.

122 3477 192 3519 meu
207 3460 345 3519 redieret.
361 3460 558 3529 Huooccedit,
574 3460 653 3534 qued
667 3460 762 3532 plurn,
779 3461 816 3518 de
842 3459 949 3532 quibus
1039 3465 1161 3536 Quoquo
1176 3469 1273 3520 eutem
1286 3463 1374 3520 modo
1389 3479 1475 3523 resse
1488 3464 1602 3535 hebeat,
1632 3483 1693 3525 non
1718 3467 1838 3525 desunt

123 3566 179 3609 noe
194 3549 326 3619 interius,
341 3549 464 3622 hujusce
478 3548 546 3606 libri
562 3550 735 3624 iregments,
752 3549 875 3607 totidem
890 3564 950 3606 ver·
1004 3551 1135 3625 quidem,
1155 3552 1207 3625 qui
1237 3552 1425 3625 suspicentur
1446 3554 1598 3612 Octavium
1622 3560 1652 3614 et
1677 3555 1837 3614 cecilium

124 3636 558 3712 histrensoripsittiyprionus.
586 3637 695 3697 Verum
727 3638 839 3696 etiamsi
869 3638 950 3697 biano
996 3641 1849 3718 'llctmpersonatosqueessehominos,quistdinuoiono-

125 3727 272 3785 relicuum
286 3727 445 3785 momentis
459 3727 528 3785 huic
539 3727 669 3801 opinioni
684 3725 758 3785 nihil
787 3743 951 3803 repugnare
1005 3733 1065 3786 stro
1080 3728 1111 3786 in
1125 3729 1180 3787 boc
1190 3728 1264 3787 libro
1275 3730 1460 3804 disputantes
1471 3732 1846 3793 introducuntur.Sedisti

126 3815 316 3891 probaverim
332 3815 443 3874 nemini
458 3820 557 3874 tamm
586 3831 719 3889 unquam
746 3817 950 3890 persuadebis,
1004 3834 1120 3892 quoque
1147 3817 1260 3876 nullem
1288 3819 1419 3878 omnimo
1447 3822 1621 3894 conjecture
1651 3840 1712 3881 aue
1738 3824 1840 3898 proie-

130 3905 243 3980 oliquid
258 3922 380 3980 prorsus
390 3905 461 3965 certi
476 3905 502 3964 si
513 3904 672 3964 indubitati
686 3920 816 3980 posseex
829 3905 872 3965 eie
886 3923 951 3966 con·
1006 3910 1077 3966 runt
1088 3906 1133 3964 vel
1144 3906 1320 3966 levissimam
1342 3909 1604 3968 confirmationem.
1632 3910 1732 3970 Nescii
1746 3927 1834 3986 porro

128 3994 217 4054 cludi.
1006 4015 1064 4056 non
1079 4013 1184 4055 sumus
1197 3997 1304 4069 sepius
1323 3999 1444 4057 noeriis
1468 3999 1671 4074 scriptoribus,
1700 4017 1738 4060 ex
1766 4001 1826 4077 qui·

163 4084 300 4144 Octevins
314 4101 391 4157 aero,
408 4084 458 4159 qui
472 4084 672 4143 ettenuerius
687 4101 704 4141 e
718 4084 830 4143 cecilio
849 4102 953 4160 cogno
1004 4087 1062 4145 bus
1081 4087 1158 4145 huuc
1185 4091 1272 4145 sutor
1293 4092 1395 4145 noster
1428 4088 1535 4164 dielogl
1576 4090 1703 4149 formem
1743 4091 1825 4149 dnbio

126 4175 270 4246 minetur,
280 4175 324 4232 vir
341 4174 410 4246 luit,
425 4177 459 4232 ut
471 4173 513 4232 eit
525 4171 680 4246 Minucios,
696 4172 822 4232 eximius
841 4179 871 4233 et
883 4192 952 4235 sen·
1005 4175 1107 4250 procul
1122 4179 1252 4233 mutetus
1266 4179 1321 4245 eet,
1337 4177 1400 4235 suis
1415 4177 1445 4233 in
1474 4177 1559 4237 libris
1586 4179 1748 4239 simulatos
1777 4180 1823 4239 hu·

127 4268 203 4338 otus,
218 4263 336 4338 ipsique
350 4263 561 4322 amicissimus.
577 4264 612 4320 ut
626 4265 704 4320 certe
723 4267 805 4321 tanto
829 4268 953 4338 uterque
1002 4265 1135 4340 jusmodi
1144 4264 1222 4322 siros
1234 4265 1344 4323 induci.
1362 4270 1401 4323 st
1414 4266 1504 4339 huJus
1514 4268 1641 4327 llotionis
1656 4273 1708 4328 aut
1719 4286 1824 4344 expres

125 4352 340 4412 inseinsicem
354 4369 453 4412 amere
462 4352 633 4427 flagrabat«
645 4355 678 4410 ut
688 4351 821 4410 crederes
832 4370 952 4423 unnm,›>
1006 4353 1048 4412 sis
1063 4353 1236 4428 plerumque
1249 4353 1346 4417 verbis
1355 4353 1477 4414 lectores
1492 4356 1549 4431 ipsi
1563 4374 1633 4416 suos
1658 4358 1825 4431 admouent,

125 4443 223 4516 inquit
234 4442 313 4502 idem
326 4440 484 4511 Minucius,
500 4462 517 4495 e
530 4445 659 4500 mentem
674 4441 704 4497 in
719 4440 835 4501 duobus
860 4443 951 4503 inisse
1007 4448 1060 4502 eut
1073 4444 1103 4501 id
1117 4459 1152 4501 ex
1166 4459 1267 4501 corum
1282 4458 1417 4503 sermone
1431 4445 1514 4504 lecile
1527 4445 1714 4522 intelligitur.
1726 4452 1825 4508 contra

125 4530 262 4590 disisam.
279 4553 295 4584 ιι
312 4531 546 4605 Uterqueetiom,
567 4535 599 4588 ut
608 4530 824 4599 annotavimus,
851 4548 951 4590 censa·
967 4533 1112 4605 noereio
1128 4533 1183 4590 boc
1202 4533 1330 4590 auctoris
1355 4535 1446 4593 nostri
1473 4534 1547 4593 libro
1566 4535 1641 4593 nlhil
1667 4537 1827 4612 quidquam

125 4637 193 4678 rum
203 4621 299 4679 lueret
313 4625 454 4695 petronus
468 4624 498 4679 et
512 4619 658 4688 ethnicus,
678 4624 708 4677 et
734 4621 820 4692 pmbo
849 4621 949 4692 simul,
1004 4622 1140 4691 occurrit,
1156 4637 1215 4694 quo
1230 4638 1283 4680 neo
1295 4638 1379 4680 veros
1394 4623 1530 4682 homines
1544 4625 1827 4701 disputesss,necea

125 4711 238 4783 ejurato
253 4710 343 4784 impio
354 4710 508 4785 gentilium
526 4709 618 4775 cultu,
634 4708 802 4766 christianas
817 4709 951 4784 religioni
1005 4712 1115 4781 omnis,
1131 4728 1195 4783 que
1217 4717 1384 4781 onerantur,
1400 4728 1468 4770 vere
1484 4728 1549 4773 esse
1563 4715 1732 4776 credemus.
1749 4721 1831 4775 cete

124 4799 233 4857 initieti
247 4804 327 4858 sont.
343 4801 427 4858 Tunc
441 4803 540 4858 eutem
555 4797 693 4856 Octauius
708 4797 827 4854 Minucii
842 4799 950 4857 fidelis·
1005 4818 1071 4858 rum
1086 4801 1230 4874 quidquid
1247 4816 1282 4858 ee
1295 4803 1332 4858 de
1347 4818 1378 4859 re
1392 4803 1626 4879 dixeris,iotsgre
1646 4821 1778 4881 semper,
1805 4811 1832 4865 et

122 4888 221 4950 simus
234 4889 286 4964 (ite
298 4889 378 4947 enim
393 4888 540 4947 Minucius
555 4886 619 4961 ipse
634 4884 775 4958 loquitur)
796 4887 951 4945 contuber-
1005 4891 1138 4963 ejusdem
1152 4889 1291 4963 ponderis
1302 4895 1389 4948 erunt
1402 4892 1521 4950 llinucii
1545 4898 1647 4952 eontra
1675 4895 1832 4970 gentilium

124 4979 283 5050 neliseret,
300 4978 328 5037 id
344 4983 398 5047 est,
416 4980 514 5036 Rome
542 4992 610 5034 cum
640 4991 673 5032 eo
703 4977 950 5034 commorabatur.
1006 4977 1090 5048 ritus,
1107 4994 1140 5037 ec
1155 4996 1207 5054 pro
1223 4979 1388 5038 christianae
1400 4980 1550 5056 religionis
1560 4981 1738 5045 defensione
1750 5003 1833 5062 argu·

124 5069 195 5128 Inde
210 5074 313 5144 postes
327 5067 415 5126 rediit
437 5067 468 5123 in
495 5065 634 5140 putrium,
650 5061 897 5138 matrimonioque
911 5065 953 5122 ibi
1007 5071 1116 5125 mente.

125 5159 290 5233 copulatus,
306 5157 405 5232 plures
420 5156 528 5214 liberos
538 5151 739 5227 susee'pit.Sed
752 5151 790 5210 iis
803 5152 954 5212 edhuoin·
