3892 6104
120 297 180 359 cro
482 310 486 319 ¹
767 300 818 360 un
839 297 992 364 uiuunt
1014 298 1185 364 corruo
1768 288 1832 354 ⁴20

120 431 231 488 lunt...
245 426 337 485 vitem
351 427 481 500 turbant,
496 443 616 486 somnos
627 427 800 502 inquietant,
817 428 944 506 irrepen·
957 437 985 506 Α
1000 434 1108 501 mente,
1123 430 1154 488 in
1169 431 1268 489 nostro
1283 429 1342 486 imo
1365 425 1583 486 consecrandus
1598 429 1642 482 est
1666 427 1796 499 pectore.
1815 446 1827 474 ο

120 523 164 575 tes
180 516 269 574 etiam
294 515 466 590 corporibus
495 516 654 574 occulte...
683 521 794 575 terrent
821 523 946 592 mentes,
1000 519 1163 593 Cyprianus
1177 535 1263 576 vero:
1285 540 1296 568 ι
1317 516 1399 582 Quod
1425 513 1568 587 templum
1595 512 1705 570 babere
1733 511 1831 586 possit

121 606 255 663 membra
269 604 472 678 distorqusut3
487 605 566 663 408
581 610 614 663 at
642 606 680 663 nd
709 604 822 664 cultum
842 606 888 664 sui
902 623 948 665 co·
1001 608 1087 678 Deus,
1104 610 1190 681 cujas
1203 605 1346 680 templum
1361 608 1440 662 totus
1464 610 1509 661 est
1532 600 1687 660 mundus?
1702 601 1738 657 st
1758 616 1830 657 cam

121 698 202 769 gant,
226 696 260 751 ut
286 694 389 752 nidore
418 693 568 764 altarium,
593 694 638 752 rel
666 695 772 754 hostiis
799 697 946 771 pecudum
999 695 1088 753 homo
1103 694 1192 753 latius
1220 698 1347 765 maneat,
1375 691 1453 750 intra
1474 707 1564 749 unam
1593 687 1748 747 surculam
1768 688 1830 745 vim

45 806 49 825 ³
120 782 259 857 saginati,
275 782 486 856 remissisque
509 782 753 854 constrinxerant,
774 784 948 843 curaseevl·
999 787 1088 842 tante
1103 783 1269 858 mejestatis
1282 781 1432 840 includam
1451 781 1511 838 iln
1530 781 1631 837 nostra
1646 775 1830 836 dedicandus

122 872 257 931 deantur.
274 894 289 924 c
303 872 483 946 Cyprianus:
500 894 514 924 r
532 871 567 928 lli
581 889 649 946 ergo
670 872 793 947 spiritus
818 874 875 931 sub
889 878 947 932 sta·
999 878 1045 932 est
1073 876 1180 942 mente,
1203 871 1234 930 in
1261 874 1361 930 nostro
1385 867 1602 928 consecrandus
1638 870 1683 925 ost
1711 869 1831 940 pectore

120 961 180 1020 tuis
196 964 284 1036 atque
298 960 478 1035 imaginibus
493 961 670 1019 consecratis
699 962 886 1031 delitescunt,
916 961 946 1019 bi
995 963 1097 1037 (cypr.
1117 961 1185 1020 ibid.
1197 977 1264 1036 pag.
1277 960 1333 1035 15).
1349 981 1364 1011 »

119 1050 220 1108 alilatu
236 1067 289 1108 suo
302 1054 403 1107 vatum
410 1052 527 1124 pectora
538 1049 694 1125 inspirant,
707 1055 841 1108 extorum
855 1052 946 1110 libras
1034 1049 1099 1110 Alia
1114 1050 1211 1108 adhuc
1224 1050 1255 1108 in
1270 1049 1325 1106 hoc
1338 1046 1458 1105 Minucii
1481 1045 1557 1103 libro
1577 1048 1746 1114 occurrunt,
1763 1058 1831 1118 ques

119 1137 264 1212 animant,
280 1139 379 1197 avium
392 1136 506 1196 solatus
520 1140 695 1213 gubernant,
715 1145 809 1198 sortes
828 1143 944 1214 regunt,
998 1136 1120 1215 quidem
1130 1139 1176 1197 his
1192 1137 1312 1206 similia,
1326 1153 1392 1211 quse
1418 1134 1581 1209 Cyprianus
1607 1133 1652 1192 ccl
1680 1133 1712 1190 in
1739 1131 1829 1205 libro,

117 1226 235 1286 oracula
262 1227 406 1296 efficiunt,
436 1226 510 1285 laisa
543 1227 619 1285 veris
645 1243 761 1302 semper
784 1228 945 1288 involvunt.
993 1218 1188 1301 iamanobis
1202 1226 1311 1301 sepius
1334 1227 1433 1293 citato,
1447 1223 1491 1282 rel
1507 1223 1537 1280 in
1566 1222 1832 1281 suisodllooctcm

115 1317 230 1375 Namst
244 1316 388 1374 islluntur
402 1320 431 1374 et
460 1315 576 1388 fallant,
602 1316 692 1374 vitam
718 1317 852 1387 turbant,
866 1334 946 1379 som·
997 1314 1478 1388 commentariensium
1505 1313 1633 1388 scripsit,
1662 1328 1728 1386 quc
1750 1328 1830 1370 nuno

116 1422 170 1463 nos
185 1405 360 1479 inquietant.
376 1405 540 1479 irrepentes
555 1405 644 1464 etiem
670 1405 700 1463 in
716 1407 885 1479 corporibus
896 1422 945 1467 oc·
997 1407 1193 1473 trannribsre
1206 1405 1325 1480 longius
1352 1404 1436 1462 ioret.
1471 1401 1668 1471 Quamobrem
1698 1400 1762 1472 illa,
1778 1399 1831 1459 ubi

117 1494 195 1552 culte
209 1497 324 1553 mentes
337 1498 458 1568 torrent,
472 1494 606 1553 membra
615 1494 844 1570 distorquent...
861 1497 944 1557 utxd
998 1494 1034 1554 nd
1049 1494 1282 1555 confirmandam
1296 1491 1426 1552 auctoris
1452 1492 1546 1551 nostri
1561 1489 1740 1551 sententiam
1755 1506 1831 1565 opas

118 1584 232 1641 cultum
247 1582 295 1640 sul
309 1587 425 1657 cogant,
454 1586 487 1641 nt
514 1582 617 1642 nidore
644 1584 784 1643 altarium
808 1589 839 1643 et
865 1584 946 1661 rods
998 1584 1064 1654 erit,
1080 1584 1203 1643 inferius
1217 1585 1411 1658 proferemus.

117 1688 255 1747 pecorum
266 1672 404 1746 saginati,
418 1672 551 1730 remissis
567 1690 632 1747 qun
641 1674 886 1749 constrinxerant,
893 1684 949 1734 cut
1032 1675 1071 1732 nt
1085 1673 1193 1732 mirum
1206 1673 1287 1730 haud
1302 1672 1391 1730 dubie
1404 1669 1551 1729 videbitur
1561 1668 1752 1743 cyprianum,
1767 1670 1831 1726 tam

115 1779 198 1821 rasse
212 1763 368 1821 videantur
382 1764 481 1837 (cypr.
497 1762 567 1820 idid.
583 1780 650 1837 pag.
667 1763 724 1838 li).
741 1788 753 1819 ι
958 1809 983 1876 B
997 1761 1141 1829 disertum
1162 1763 1369 1835 eruditumque
1392 1759 1497 1827 virum,
1526 1762 1568 1817 iot
1583 1758 1672 1814 unius
1692 1755 1797 1827 libelli,
1814 1773 1833 1815 a

151 1851 297 1910 Minucius
321 1868 441 1909 rursum
467 1852 503 1910 de
517 1851 623 1910 iisdem
651 1852 854 1910 demonibus:
871 1875 886 1906 a
897 1853 944 1911 Sic
999 1851 1128 1910 Minucio
1143 1850 1307 1926 compositi,
1323 1849 1387 1907 loca
1410 1849 1447 1906 de
1473 1847 1561 1905 verbo
1584 1845 1830 1918 exscripsisssad

115 1941 401 2015 occupantanimoe,
419 1943 534 1999 utente
562 1957 615 1999 nos
639 1940 783 2016 incipiant
810 1943 943 2002 homines
995 1941 1130 1999 verbum.
1148 1939 1267 1999 Plurimi
1280 1940 1378 2014 iteqne
1406 1953 1494 1995 suum
1523 1936 1555 1994 in
1581 1935 1715 1993 animum
1744 1932 1832 1991 iecils

114 2031 224 2102 odisee,
239 2045 329 2103 quern
344 2045 449 2099 nosse;
471 2046 507 2088 ne
521 2030 653 2103 cognitos
666 2036 719 2088 aut
745 2030 855 2088 imitari
874 2046 942 2104 poe·
996 2029 1140 2088 inducent
1153 2029 1316 2087 Minucium
1330 2043 1366 2086 sx
1380 2025 1523 2102 cypriano
1546 2024 1654 2100 potius,
1671 2039 1763 2097 quam
1778 2025 1832 2097 cg-

116 2119 186 2188 sint,
204 2121 254 2176 aut
269 2118 410 2175 domuere
425 2133 484 2174 non
510 2115 634 2190 possint.
650 2139 665 2170 c
691 2116 855 2191 Cyprianus
870 2134 942 2190 quo·
996 2120 1133 2193 priunum
1148 2135 1183 2176 ox
1196 2118 1324 2176 Minucio
1351 2133 1406 2175 eus
1430 2130 1495 2174 esee
1523 2117 1704 2171 mutuatum.
1729 2111 1787 2168 Sed
1802 2111 1829 2168 si

116 2223 191 2280 quc:
209 2228 224 2258 α
239 2205 313 2262 ilinc
327 2204 434 2278 vulgus
448 2205 479 2261 in
494 2205 596 2264 odium
622 2205 714 2263 nostri
738 2206 867 2264 nominis
893 2222 942 2265 co·
996 2207 1144 2267 Minucius
1157 2207 1266 2266 librum
1282 2223 1371 2264 suum
1387 2205 1430 2263 uti
1440 2206 1504 2277 jem
1528 2203 1725 2272 ostendimus,
1747 2200 1831 2275 prior

115 2297 201 2370 gunt,
217 2297 251 2351 ut
273 2310 327 2351 nos
342 2293 439 2352 odisse
455 2293 597 2367 incipiant
624 2293 759 2353 homines
783 2299 942 2369 antequam
996 2297 1097 2371 edidit,
1111 2314 1172 2355 non
1186 2296 1236 2355 illc
1249 2301 1327 2355 certe
1355 2311 1390 2353 ox
1418 2293 1572 2369 cypriano,
1594 2292 1645 2349 ssd
1660 2289 1831 2365 Cyprianus

115 2398 222 2452 nosse;
240 2399 276 2440 no
291 2383 424 2457 cognitos
448 2387 501 2441 aut
527 2383 636 2441 imitari
654 2383 779 2459 possint,
795 2390 846 2443 aut
859 2386 942 2442 dam·
996 2402 1031 2444 ex
1046 2386 1095 2445 illo
1111 2404 1165 2446 sua
1179 2385 1355 2460 desumpsit.
1371 2384 1446 2452 Quid
1472 2398 1551 2452 vcro,
1566 2381 1642 2455 quod
1661 2394 1713 2436 nec
1730 2375 1831 2435 intimi

116 2488 187 2531 nare
202 2471 391 2546 nonpossint
406 2471 555 2546 (cyprian.
570 2473 660 2547 ibid).
680 2500 690 2525 .
996 2491 1049 2534 nec
1064 2476 1181 2534 obscuri
1199 2474 1254 2533 luit
1277 2473 1405 2532 nominis
1418 2472 1564 2530 Minucius
1579 2473 1696 2538 noeter3
1714 2467 1830 2542 quippe

149 2559 342 2619 Minucius:«
358 2560 515 2634 'l'cmplum
541 2561 619 2635 quod
643 2561 680 2631 ei,
696 2562 765 2634 Deo,
781 2567 940 2638 exstruam,
994 2579 1083 2638 quem
1103 2565 1272 2623 Lactantius
1293 2563 1455 2621 eruditione
1483 2560 1562 2618 houd
1597 2556 1738 2616 mediocri
1752 2573 1831 2632 pre·

113 2664 182 2707 cum
198 2651 279 2706 totus
293 2647 341 2707 bio
357 2649 498 2718 mundus,
513 2650 855 2725 riusopsraisbricetus,
872 2669 941 2712 snm
995 2653 1103 2724 ditum,
1132 2658 1161 2711 ct
1188 2654 1347 2727 insignem,
1377 2652 1421 2709 uti
1443 2667 1533 2724 supra
1556 2649 1745 2731 observatum
1769 2648 1830 2716 eet,

112 2752 216 2810 cupere
231 2737 417 2810 nonpossit;
432 2741 461 2793 et
483 2753 552 2796 cum
573 2739 660 2798 bomo
675 2738 764 2798 latius
792 2757 939 2815 maneam,
995 2744 1177 2801 causidicum
1193 2743 1331 2817 appellnt,
1360 2745 1448 2814 atque
1475 2757 1509 2797 ex
1539 2740 1604 2811 ejus
1632 2736 1707 2794 libro
1738 2734 1829 2810 plura

112 2825 193 2885 intra
207 2842 297 2883 unam
310 2825 463 2883 ediculem
477 2827 537 2884 sim
552 2831 640 2886 tento
663 2829 825 2903 mejestatis
850 2830 942 2888 inclu-
995 2831 1113 2891 haurire
1128 2849 1187 2890 non
1199 2831 1353 2889 dubitavit.
1369 2829 1476 2896 Quidni
1491 2844 1559 2901 orgo
1574 2829 1603 2885 et
1617 2823 1811 2901 Cyprianus?

112 2915 183 2973 dam
208 2914 223 2972 i
246 2914 349 2974 Nonne
377 2915 483 2975 melius
512 2916 543 2974 in
564 2922 665 2975 nostre
688 2919 869 2978 dedicandus
896 2926 942 2981 est

831 3066 909 3124 409
924 3064 1043 3126 CAPUT
1058 3073 1107 3126 ΙΙΙ.

113 3169 209 3230 Nove
250 3165 283 3228 in
323 3166 451 3231 Minucii
487 3168 598 3232 Felicis
623 3141 737 3234 librum
768 3173 988 3237 annotationes
1013 3193 1022 3251 ;
1047 3195 1084 3239 ac
1105 3176 1208 3258 primc
1231 3175 1453 3257 expenduntur
1480 3174 1679 3251 arguments,
1711 3165 1832 3247 quibus

515 3250 616 3312 Deum
635 3251 784 3315 exsistere
802 3254 946 3318 Caecilius
961 3262 1068 3337 negat,
1084 3264 1116 3319 et
1138 3257 1253 3338 probat
1264 3255 1424 3321 Octavius.

344 3389 547 3449 santelinus
565 3392 711 3452 PRIMUS.
958 3399 980 3470 c
998 3399 1207 3472 compressius,
1223 3397 1268 3456 vel
1280 3396 1433 3456 obscurius
1462 3393 1541 3451 dicta
1568 3393 1647 3460 sunt,
1670 3387 1833 3463 explanare

115 3494 227 3580 Qutdct
240 3495 372 3568 quomodo
386 3497 418 3555 iri
444 3497 573 3557 disectis
598 3504 705 3574 agaim,
731 3517 764 3559 cc
782 3503 875 3588 primo
899 3503 944 3562 irr-
998 3488 1181 3547 ⁰⁰¹1⁸bim¹¹l=

148 3571 275 3650 illinit?
293 3574 396 3651 ,wilm
429 3568 584 3628 mitiliani
611 3573 646 3628 “⁶
675 3574 728 3630 '‘⁰⁶-
755 3574 945 3648 4259215‘2‘1'0’20
1033 3593 1133 3652 Priore
1147 3598 1244 3651 autem
1263 3596 1364 3650 contre
1377 3587 1560 3648 CbrIstisnos
1581 3585 1758 3656 argumento
1772 3581 1832 3640 ee-

153 3637 308 3710 mmm*
999 3683 1084 3742 cilius
1099 3682 1251 3741 contendit
1264 3698 1314 3739 eos
1342 3680 1378 3737 ed
1394 3678 1471 3735 banc
1491 3677 1528 3733 ds
1542 3675 1580 3731 iis
1594 3671 1830 3747 disputationem

149 3758 241 3830 Nihil,
257 3764 290 3818 ut
300 3761 363 3832 jem
375 3761 513 3833 diximus,
529 3767 590 3822 toto
606 3765 661 3823 hcc
675 3767 796 3825 Minucii
811 3766 841 3824 in
856 3768 942 3827 libro.
998 3773 1081 3832 nullo
1095 3789 1216 3845 prorsus
1229 3771 1317 3829 modo
1332 3767 1532 3827 admittendos
1548 3779 1622 3834 csse,
1639 3766 1669 3819 et
1682 3759 1832 3819 anemius

115 3848 140 3906 si
153 3848 317 3923 prologum,
348 3853 378 3908 et
391 3851 551 3927 epilogum,
573 3859 660 3927 eique
674 3857 807 3928 eJuedem
823 3856 945 3915 Minucii
999 3862 1172 3920 audiendos.
1187 3861 1278 3919 Suam
1294 3876 1360 3917 vcro
1381 3854 1634 3931 argumentionem
1654 3851 1725 3907 duci
1743 3863 1831 3922 posse

110 3938 259 4012 judicium
274 3938 433 4012 excoperis,
450 3940 528 3999 aliud
544 3942 684 4012 occurrit,
699 3944 756 4002 nisi
771 3945 878 4004 Caecilii
891 3946 945 4003 Oc·
998 3952 1158 4010 arbitratur
1169 3967 1203 4008 ox
1218 3946 1505 4025 duplicicorumdsm
1519 3940 1753 4001 christianorum
1760 3954 1829 3996 con·

111 4027 243 4101 teviique
259 4028 419 4102 disputatio
432 4050 440 4102 ς
457 4031 574 4103 queille
588 4032 786 4106 ethnicorum,
802 4035 850 4093 hio
862 4035 944 4093 Chri·
999 4039 1120 4109 ditione,
1135 4055 1263 4114 querum
1279 4036 1453 4111 alternipsis
1470 4031 1636 4108 peculiaris,
1652 4027 1746 4086 altera
1759 4042 1828 4085 cum

114 4117 278 4175 stianorum
293 4117 466 4193 religionem
494 4120 634 4180 omnibus
648 4123 758 4197 ingenii
772 4125 818 4182 sui
832 4125 945 4183 viribus
999 4130 1111 4187 ceteris
1134 4126 1306 4185 hominibus
1317 4123 1485 4185 communis
1508 4124 1580 4179 erat.
1609 4118 1666 4175 llos
1695 4115 1776 4173 enim
1794 4129 1827 4172 cx

113 4221 300 4281 propugnare
324 4222 358 4264 ao
387 4207 463 4265 tueri
492 4211 694 4269 connituntur.
717 4215 773 4271 Scd
789 4214 945 4290 utriusque
999 4217 1104 4277 ultima
1118 4217 1213 4291 plebis
1227 4213 1435 4274 lnoeoollcctos
1445 4211 1527 4281 dicit,
1538 4207 1646 4267 artium
1660 4203 1827 4263 liberalium

115 4299 300 4369 argumenta,
315 4311 349 4354 ac
364 4296 553 4371 potissimum
568 4300 677 4359 Octavii
692 4303 728 4359 ed
757 4303 874 4375 iniquas
888 4303 947 4362 Cas
999 4307 1116 4382 penitus
1130 4310 1276 4380 expertes,
1300 4303 1477 4371 illitteratos,
1506 4299 1639 4356 indoctos
1667 4292 1767 4368 plane,
1795 4306 1829 4350 ao

113 4384 173 4442 ciiii
201 4384 424 4445 criminationes
451 4401 604 4463 responsa,
649 4389 738 4465 longo
775 4408 945 4454 sermonum
998 4396 1116 4470 idiotas,
1158 4400 1247 4469 atquc
1289 4393 1396 4450 idcirco
1438 4389 1557 4448 omnino
1596 4384 1737 4458 indignos
1779 4379 1829 4455 qui

113 4472 268 4531 intervallo
282 4490 300 4531 n
314 4491 346 4532 se
372 4475 497 4534 invicem
512 4483 658 4553 separata,
675 4480 792 4539 lectoris
816 4485 945 4542 montem
1000 4509 1016 4540 ο
1031 4488 1068 4545 de
1094 4501 1214 4544 summa
1241 4499 1351 4552 rerum,
1377 4497 1410 4539 ac
1438 4479 1591 4552 mejestatis
1607 4496 1622 4526 ο
1650 4473 1681 4530 id
1696 4474 1768 4540 ,est
1795 4470 1830 4527 dt

114 4560 157 4618 ita
170 4562 342 4634 perturbare
354 4569 498 4636 possunt;
515 4571 549 4624 ut
566 4566 685 4626 illorum
701 4569 761 4627 aim
776 4572 806 4627 et
817 4570 945 4644 pondus,
1000 4574 1070 4648 Deo,
1086 4579 1185 4634 utrum
1201 4573 1334 4645 exsistat,
1346 4588 1381 4630 sc
1391 4569 1459 4645 quis
1469 4565 1600 4642 qualisve
1614 4562 1663 4632 sit,
1675 4561 1831 4634 disputen-

116 4648 175 4707 nisi
188 4648 295 4707 iterum
309 4650 477 4725 iterumque
496 4657 599 4715 eadem
629 4657 707 4732 legat
719 4661 749 4716 ct
763 4660 883 4735 relegat,
898 4660 947 4719 vix
999 4669 1046 4722 tes
1058 4680 1091 4721 sc
1105 4666 1297 4722 decernentes
1313 4659 1481 4718 audiantur.
1497 4655 1572 4725 Quid
1586 4668 1663 4722 vero,
1678 4649 1759 4724 quod
1772 4664 1832 4705 non

116 4736 378 4812 possitrospicors.
398 4740 804 4820 Adheccero‚pluraineis
819 4748 945 4808 strictim
961 4775 986 4842 Ι)
1002 4754 1090 4812 modo
1118 4752 1273 4827 indignum
1302 4754 1358 4822 cst,
1387 4748 1439 4806 scd
1473 4745 1572 4814 etism,
1615 4745 1649 4800 ut
1688 4738 1753 4814 ipen
1791 4735 1831 4794 tii

116 4827 349 4900 summatimque
376 4830 575 4906 attinguntur,
600 4851 663 4908 que
688 4837 807 4895 temetsi
828 4839 948 4897 Minucii
1006 4843 1249 4917 ·indignandum
1278 4862 1293 4895 c
1322 4835 1525 4913 hujuscemodi
1552 4830 1687 4891 homines
1720 4843 1756 4886 eo
1779 4825 1832 4884 dc·

120 4919 253 4992 tempore
267 4920 367 4974 essent
383 4919 502 4977 claruet
516 4923 681 4996 perspicua,
701 4923 803 4984 multis
818 4927 882 4999 J'am
897 4928 949 4985 ob·
1002 4933 1117 4991 venisse
1143 4930 1283 5000 audacie,
1314 4932 1348 4987 ut
1368 4927 1438 4986 certi
1464 4923 1575 5000 aliquid
1604 4922 1641 4979 de
1668 4918 1728 4977 Deo
1758 4932 1830 4989 con·

121 5023 210 5065 scura
225 5012 307 5075 sunt,
322 5012 411 5082 atque
426 5008 536 5068 idcirco
551 5012 784 5073 debentenobis
799 5016 947 5089 explicari.
1003 5022 1140 5094 stituant,
1181 5021 1217 5078 dc
1256 5035 1316 5094 quo
1370 5015 1611 5092 philosophorum
1663 5003 1832 5066 dooffitflimi

153 5097 349 5166 Quamobrem
360 5097 417 5155 tria
443 5100 552 5159 nostris
565 5100 596 5159 in
610 5101 861 5163 observationibus
876 5123 948 5181 pre·
1003 5111 1076 5171 nihil
1118 5111 1260 5169 hactenus
1288 5111 1416 5165 statuero
1457 5103 1522 5163 ausi
1549 5100 1675 5159 luissent
1702 5096 1717 5154 i
1746 5095 1833 5152 llisne

116 5186 223 5243 stands
236 5201 302 5244 esse
320 5186 503 5248 censuimus.
526 5189 625 5248 Primo
653 5191 773 5264 quidem
798 5195 949 5267 quodlibet
1002 5200 1129 5276 ipsamet
1146 5198 1201 5259 tibi
1227 5196 1349 5273 proisrri
1377 5194 1482 5253 dcciiii
1515 5190 1603 5250 verbs
1632 5193 1644 5247 i
1670 5187 1744 5244 linos
1771 5183 1834 5242 hec

118 5273 225 5332 Caecilii
241 5280 463 5352 argumentum,
475 5282 505 5337 ct
518 5279 629 5338 Octavii
644 5281 681 5339 ad
696 5279 769 5337 illud
784 5285 949 5357 responsio·
1001 5290 1068 5365 ipsa
1082 5293 1171 5349 eunt:
1199 5310 1216 5341 «
1240 5285 1456 5360 Indignnndum
1485 5280 1623 5340 omnihus
1646 5273 1834 5333 indolescen-

117 5364 453 5436 nssncconlutationes,
467 5385 485 5427 a
500 5369 672 5429 seinvicem
688 5369 948 5443 seiunctaqsimul
1002 5381 1134 5453 dumque
1147 5379 1203 5445 ost,
1222 5375 1330 5434 andere
1355 5372 1499 5447 quosdam
1521 5373 1551 5427 et
1579 5366 1635 5425 hoc
1663 5361 1834 5423 studiorum

116 5453 146 5508 ct
156 5451 338 5523 conjunctim
351 5471 550 5530 proponemus
565 5457 870 5535 examinabimusque.
896 5463 948 5522 So·
1002 5468 1102 5537 rudes,
1117 5466 1282 5524 litterarum
1297 5463 1445 5539 prolanos,
1461 5461 1593 5534 expertes
1617 5454 1728 5514 artium
1740 5449 1835 5509 elim

118 5539 215 5599 ⁰¹¹¹¹d⁰
230 5542 413 5604 ⁰⁸²⁰¹¹dim¹¹³
429 5547 500 5620 quid
528 5547 558 5606 id
573 5549 616 5608 ti!
631 5549 762 5619 firmum·
778 5554 830 5609 eut
843 5551 948 5612 invali-
1002 5557 1200 5626 sordidarum,
1215 5557 1329 5613 certum
1345 5550 1458 5628 aliquid
1473 5549 1510 5608 dc
1527 5564 1646 5608 summe
1659 5556 1773 5612 rerum,
1802 5550 1836 5595 so

119 5630 203 5702 dum,
216 5644 318 5692 rernm
332 5636 384 5695 snt
397 5635 506 5701 tabum
518 5637 569 5700 sit.
585 5636 683 5700 Tertio
695 5655 761 5713 quc
771 5639 904 5706 strictius
916 5649 946 5709 st
1001 5647 1154 5722 muctate
1168 5644 1335 5718 decunsrc,
1352 5642 1389 5704 de
1403 5656 1462 5717 qua
1489 5640 1534 5700 tot
1547 5634 1686 5700 omnibus
1711 5624 1834 5692 seculi·
