3892 6104
69 256 129 319 li3
481 255 560 319 PRO
581 255 635 319 SS.
658 255 890 327 Phaenius,
914 256 1146 322 FELICITATE
1168 259 1217 323 C'l'
1239 259 1375 324 SOCllS.
1729 266 1790 330 tu

67 405 158 463 supra
186 387 334 458 vidimus,
349 388 432 446 novis
446 388 528 447 hisee
540 389 693 463 pmphatis
717 391 899 462 objecerunt,
915 391 944 459 Α
959 395 1106 448 maneant.
1122 390 1178 448 Alii
1193 394 1406 465 prescientiam
1420 394 1599 467 luturomm,
1616 402 1645 454 et
1659 397 1788 458 visiones

68 478 144 553 qood
168 477 253 535 velut
276 478 433 552 arrepticii,
464 477 562 536 subite
588 479 714 552 quodam
737 480 835 536 furore
864 496 899 536 ac
952 480 1047 535 sortiti
1062 485 1141 550 sunt,
1157 487 1185 538 et
1200 482 1384 555 propheticas
1400 485 1687 556 pradiotionas.Alii
1703 489 1786 546 inllr·

68 566 173 625 mantis
188 583 315 624 excessu
326 567 471 640 concussi,
483 567 588 625 insana
604 568 737 641 quedam
749 572 778 625 et
787 568 897 640 impor—
952 584 1016 624 mos
1028 585 1079 641 per
1091 570 1311 643 impositionem
1324 588 1466 630 manuum
1479 579 1592 644 curant,
1611 592 1644 632 ac
1652 576 1783 649 pristine

68 660 246 729 tunastque
268 656 364 713 aliena
388 655 641 729 proloquerentur,
656 661 760 729 prater
785 672 897 712 morem
951 657 1070 713 sanitati
1094 659 1262 715 restituunt.
1288 661 1341 716 Sed
1367 667 1395 718 et
1420 664 1526 720 mortui
1552 663 1719 737 aliquoties,
1748 670 1782 724 ut

67 751 151 819 atque
165 744 344 802 institutum
358 745 516 802 Ecclesiae
527 745 689 818 majoribus
703 744 856 811 traditum,
869 751 897 801 et
951 762 1042 818 supra
1056 746 1195 816 diximus,
1212 749 1326 804 excitati
1344 754 1425 820 sunt,
1440 755 1469 807 et
1490 752 1624 825 plurihus
1640 755 1780 829 deinceps

66 834 207 891 cautinus
222 833 362 907 deinceps
372 833 558 891 successione
568 838 773 907 propagatum.
787 833 895 890 Nullihi
950 834 1036 891 annis
1062 835 1215 892 nobiseum
1240 841 1454 894 remanserunt.
1478 840 1551 904 Ouid
1577 841 1695 914 plura?
1720 860 1780 901 non

64 921 208 979 autemid
226 921 287 979 illis
307 922 479 996 opposuisse
502 922 637 994 legimus,
654 923 732 995 quod
748 923 895 996 Perpetua
950 925 1045 994 potest
1060 941 1201 980 uumerus
1216 925 1284 980 iniri
1294 926 1450 994 donorum,
1464 944 1528 1000 quae
1539 945 1590 1001 per
1605 931 1779 990 universum

63 1011 229 1086 Βταοοείιιο
253 1012 386 1084 opponit,
401 1027 524 1084 eamque
548 1016 701 1085 propterea
720 1011 762 1066 uti
779 1015 894 1067 mouta-
949 1013 1050 1068 orbem
1066 1013 1194 1069 Ecclesia
1207 1032 1225 1070 a
1236 1020 1291 1071 Deo
1303 1016 1449 1088 accipiens
1464 1017 1493 1072 iu
1510 1019 1629 1075 nemina
1644 1021 1708 1092 ejus
1725 1021 1778 1095 qui

62 1101 169 1158 sistam
195 1101 339 1169 traducit,
355 1101 433 1173 quod
457 1100 589 1157 celestes
613 1099 803 1156 revelationes
827 1116 894 1156 eum
949 1103 1004 1158 suh
1023 1103 1125 1159 Pontio
1142 1104 1233 1161 Pilato
1251 1105 1408 1164 crucifixus
1423 1110 1467 1163 est
1480 1106 1549 1163 lesu
1567 1105 1685 1179 Christi,
1703 1127 1777 1182 quo·

60 1206 165 1264 mque
189 1189 306 1246 fiducia
331 1188 578 1263 prestolarentur.
603 1188 724 1245 Nullum
750 1194 826 1244 certe
851 1189 894 1243 vir
948 1190 1018 1247 tidie
1030 1193 1066 1247 ad
1090 1192 1312 1264 opitulationem
1328 1195 1460 1267 gentium
1482 1201 1630 1269 operatur,
1647 1214 1700 1255 neo
1721 1197 1778 1255 ial-
1821 1253 1824 1258 .

61 1278 195 1337 eruditus
222 1279 328 1336 afferre
343 1279 448 1350 peterit
470 1283 600 1335 veterum
617 1282 737 1334 Patrem
759 1277 893 1334 testimo·
947 1278 1011 1336 leus
1026 1297 1214 1355 quemquam,
1230 1300 1283 1340 nec
1298 1285 1453 1356 pecuniam
1469 1287 1636 1343 corradens.
1647 1287 1686 1343 Ut
1699 1287 1778 1346 enim

61 1368 152 1439 nium,
162 1383 227 1440 quo
237 1368 423 1425 demonstret
434 1383 573 1439 magnam
584 1366 674 1438 illam,
687 1383 776 1438 quam
788 1367 818 1422 in
830 1367 893 1423 Per
948 1369 1040 1440 gratis
1055 1371 1166 1443 accepit
1188 1372 1288 1439 aDeo,
1306 1373 1348 1429 sic
1373 1373 1461 1430 etiam
1477 1375 1569 1448 gratis
1584 1375 1743 1433 ministrat.
1760 1398 1775 1428 ι

61 1462 148 1532 ροισι
157 1455 893 1527 miratur,fiduciammontanisticelamiliaeluisse
948 1457 1040 1529 ldem,
1063 1457 1161 1531 inquit
1185 1460 1338 1530 eusebius,
1364 1461 1394 1516 in
1419 1460 1476 1518 alio
1501 1461 1563 1519 loco
1588 1463 1629 1519 ita
1649 1464 1774 1522 scrihit:

60 1546 305 1621 propriamque
318 1545 489 1620 ergoiuisse
504 1544 602 1618 potius
618 1544 737 1613 fiducia,
747 1560 783 1600 oe
795 1544 891 1601 dicam
948 1568 962 1596 ιι
978 1546 1071 1602 Sicuti
1087 1547 1197 1604 multos
1213 1564 1248 1605 ex
1271 1548 1411 1606 iratribus
1425 1550 1563 1607 audimus
1587 1550 1618 1607 iu
1634 1551 1773 1622 Ecclesia,

60 1635 231 1694 temeritate
245 1638 274 1693 et
297 1633 431 1705 audacia,
451 1632 506 1690 hcc
528 1649 594 1690 esse
607 1632 700 1689 voluit
721 1633 751 1689 in
767 1632 892 1689 sanctis·
947 1634 997 1706 qui
1009 1635 1166 1707 prophetias
1178 1639 1254 1693 dona
1268 1637 1417 1695 consecuti
1432 1641 1550 1707 sunt,et
1564 1640 1644 1695 omni
1655 1639 1775 1713 lingua·

61 1724 137 1782 sima
152 1721 266 1781 femina
279 1721 478 1781 montanistlci
494 1720 616 1795 spiritus
627 1720 856 1793 argumentum?
947 1738 1012 1778 rum
1028 1739 1132 1795 genere
1152 1724 1357 1796 perspiritum
1382 1724 1552 1797 loquuntur,
1571 1730 1600 1785 et
1623 1728 1659 1784 ad
1674 1727 1774 1784 homi-

91 1814 141 1871 tv.
156 1813 212 1870 llis
226 1812 342 1871 eisdem
351 1811 535 1886 temporibus
545 1810 662 1883 pietatis
677 1814 706 1867 et
719 1809 893 1867 eruditionis
948 1827 1020 1867 num
1035 1811 1191 1869 utilitatem
1211 1812 1324 1869 occulta
1346 1813 1375 1868 iu
1397 1812 1491 1870 lucem
1506 1814 1669 1887 proterunt,
1685 1819 1773 1888 atquo

60 1904 142 1963 laude
156 1902 287 1960 tlorehat
296 1901 445 1974 imprimis
456 1901 591 1957 lreneus.
604 1899 646 1955 llx
658 1899 788 1955 secundo
799 1898 893 1970 ipsius
948 1917 1055 1957 arcana
1080 1901 1130 1957 Dei
1146 1901 1285 1972 mysteria
1308 1907 1467 1975 exponunt.
1483 1903 1523 1958 lix
1545 1902 1592 1959 his
1615 1903 1708 1977 igitur
1721 1921 1773 1978 ap·

64 1994 201 2051 odoenus
215 1991 353 2049 liaereses
368 1989 443 2046 libro
468 1989 615 2062 insignem
630 1988 727 2045 locum
743 1989 826 2044 allent
840 1988 895 2043 hlu-
948 1993 1031 2061 paret
1046 1990 1239 2063 multiplicem
1266 1992 1411 2047 donorum
1428 1991 1626 2064 spiritualium
1650 1993 1774 2051 varieta-

63 2082 167 2154 sehius,
184 2080 217 2138 in
233 2097 294 2154 quo
321 2103 331 2131 ι
349 2079 468 2150 Divina,
490 2079 587 2151 inquit
602 2078 671 2150 (98),
699 2077 894 2134 admirande·
947 2082 1007 2134 tem
1024 2079 1060 2135 ad
1075 2078 1125 2135 illa
1141 2096 1234 2151 usque
1244 2083 1377 2152 tempora
1393 2096 1482 2153 penes
1497 2081 1617 2154 eosqui
1632 2080 1713 2156 digni
1728 2099 1774 2140 es·

65 2189 112 2247 qne
125 2171 209 2231 110
229 2168 350 2229 νὶιίοιὶε
376 2167 539 2242 specimina
563 2166 659 2224 adhue
683 2183 738 2223 sua
754 2169 839 2222 aetate
863 2165 893 2222 iu
948 2171 1024 2238 sent,
1040 2169 1277 2240 permansisse.»
1293 2168 1365 2225 Cum
1381 2185 1428 2226 res
1442 2169 1575 2226 Ecclesia
1589 2170 1618 2226 id
1634 2171 1775 2243 temporis

66 2260 243 2336 mbusdam
259 2257 393 2316 ecelesiis
417 2256 608 2330 superfuisse,
623 2258 749 2312 testatur
768 2254 815 2310 his
831 2271 894 2311 ser·
948 2256 989 2313 ita
1004 2273 1034 2313 se
1050 2256 1238 2325 haberentet
1252 2261 1334 2314 tauta
1345 2262 1423 2314 esset
1436 2257 1602 2314 divinorum
1617 2257 1776 2316 charisma·

64 2351 103 2409 his
117 2366 126 2406 ι
141 2351 280 2407 Tantum
306 2348 400 2418 abest,
424 2346 521 2420 iuquit
544 2345 586 2416 (C.
604 2345 662 2417 57),
687 2348 719 2399 ut
742 2349 892 2401 mortuum
948 2349 1014 2401 tum
1030 2344 1156 2402 varietas
1172 2349 1201 2401 st
1212 2346 1306 2417 copia,
1323 2350 1355 2402 ut
1369 2362 1464 2418 neque
1479 2362 1580 2403 eorum
1595 2346 1776 2404 inirinums·

65 2438 257 2511 usitantper
278 2436 452 2503 orationem,
476 2434 725 2507 quemadmodum
749 2433 893 2490 Dominus
950 2450 1002 2490 rus
1025 2437 1137 2506 posset,
1152 2437 1182 2490 et
1202 2438 1346 2506 quotquot
1370 2438 1468 2491 essent
1483 2431 1592 2505 ἀληθῶς
1616 2433 1698 2491 αὐτοῦ
1721 2454 1776 2508 μοι·

66 2527 230 2603 otspostoli
253 2527 394 2597 feceruut,
409 2526 461 2582 sed
476 2531 505 2581 at
528 2539 728 2596 sepenumero
742 2522 819 2579 inter
834 2522 892 2578 ira·
948 2521 1038 2590 θηταὶ,
1056 2544 1070 2574 ιι
1086 2523 1146 2579 veri
1168 2523 1244 2594 ejus,
1259 2523 1288 2578 id
1313 2527 1357 2580 est
1378 2523 1484 2580 Christi
1502 2523 1650 2596 discipuli,
1667 2545 1682 2575 ι
1705 2540 1775 2597 pro-

66 2623 116 2677 hes
129 2620 198 2675 teta
212 2614 309 2674 simul
323 2614 413 2672 unius
426 2612 483 2670 loci
497 2612 619 2670 ecelesia
640 2613 677 2669 oh
692 2612 823 2683 aliquam
839 2628 891 2668 us·
947 2611 1072 2684 phetiois
1086 2611 1173 2668 donis
1197 2612 1391 2680 abundarent,
1406 2615 1435 2668 et
1452 2611 1497 2669 vel
1511 2615 1643 2669 mortuos
1666 2612 1774 2671 excita·

65 2708 233 2767 mmmmm
246 2705 278 2761 id
292 2704 443 2778 flagitante
456 2719 523 2759 cum
534 2701 658 2774 jeiuniis
670 2700 773 2758 multis
788 2704 816 2757 ct
830 2716 894 2757 ora·
947 2704 1022 2769 rent,
1038 2700 1082 2756 vel
1108 2701 1255 2758 demones
1279 2701 1427 2772 ejicerent,
1443 2704 1494 2757 aut
1518 2701 1617 2757 lutura
1632 2701 1773 2773 previde·

65 2797 202 2869 θουίθοε,
219 2806 339 2852 reuersa
353 2795 398 2850 est
412 2793 444 2848 in
466 2808 573 2864 corpus
591 2789 691 2847 anima
710 2789 849 2860 defuncti,
864 2793 894 2845 at
947 2793 1022 2857 rent,
1034 2795 1086 2846 aut
1100 2790 1213 2846 occulta
1225 2788 1358 2846 sordium
1370 2792 1564 2861 penetrarent,
1578 2792 1628 2845 aut
1638 2788 1772 2846 infirmos

65 2890 233 2946 motorum
249 2882 388 2957 precihus
413 2879 543 2937 hominis
557 2877 617 2936 vita
634 2879 743 2935 donata
756 2882 810 2934 est.
828 2899 842 2927 ι
857 2878 894 2933 m
947 2894 999 2951 per
1009 2877 1227 2950 impositionem
1234 2894 1377 2934 manuum
1388 2877 1505 2934 sanitati
1516 2877 1712 2947 restituerent,
1720 2880 1772 2934 aut

63 2974 221 3050 aliquando
248 2976 338 3047 post:
367 2992 378 3021 ι
404 2969 485 3035 Quod
512 2968 548 3037 si,
573 2966 678 3039 inquit,
704 2963 892 3023 simulatione
947 2966 1027 3022 omui
1041 2983 1145 3039 genere
1160 2966 1328 3038 linguarum
1343 2982 1394 3038 per
1407 2965 1549 3039 Spiritum
1561 2964 1773 3038 loquerentur;

63 3066 188 3139 qondam
203 3078 240 3120 ac
251 3057 410 3134 prestigiis
422 3057 482 3114 heo
490 3056 651 3114 Dominum
665 3055 769 3112 fecisse
784 3054 890 3111 dicturi
948 3072 984 3110 an
1000 3071 1057 3110 non
1075 3055 1276 3126 imprudenter
1299 3052 1341 3110 illi
1357 3053 1478 3122 iaciunt,
1495 3053 1546 3126 qui
1571 3070 1617 3110 res
1635 3053 1785 3111 Christia-¹

62 3159 135 3224 ant,
151 3153 193 3211 ad
220 3149 435 3225 pmphetarum
450 3145 568 3203 oracula
591 3162 640 3202 eos
656 3145 843 3212 deducentes,
859 3123 930 3200 exc
951 3160 1057 3200 norum
1073 3142 1131 3200 illis
1147 3143 1286 3216 temporis
1296 3159 1331 3199 ex
1345 3143 1481 3215 praesenti
1497 3159 1596 3200 rerum
1612 3148 1691 3201 statu
1701 3145 1777 3200 111

62 3243 117 3302 illis
138 3237 423 3300 demonstrabimus
447 3241 552 3293 cuncta
566 3235 602 3291 de
616 3235 680 3308 ipso
703 3234 745 3290 ita
759 3233 897 3307 praedicta
951 3232 1277 3304 metientes,tantopere
1291 3232 1530 3305 mirantur,quod
1547 3237 1650 3290 sancta
1662 3232 1781 3305 lamina,

61 3335 190 3408 στρατια
210 3345 278 3388 esse
293 3326 465 3394 certissime,
483 3341 609 3397 eumque
632 3339 697 3380 esse
711 3322 816 3379 Filium
832 3323 895 3379 Dei.
952 3318 1065 3390 ἀληθῶς
1096 3319 1178 3374 αὐτοῦ
1209 3321 1357 3396 μαθήτρια,
1399 3321 1530 3393 adeoque
1566 3321 1675 3377 divinis
1702 3321 1784 3378 hisco

62 3420 143 3481 Unde
157 3419 253 3478 stiam
267 3417 300 3474 in
313 3418 378 3490 ejus
393 3415 512 3472 nomine
527 3416 670 3486 quotquot
679 3411 738 3469 veri
749 3416 819 3469 sunt
832 3413 897 3484 ejus
952 3409 1140 3465 charismatis
1166 3413 1294 3478 assueta,
1308 3414 1341 3465 ut
1366 3426 1430 3481 quse
1445 3426 1477 3466 se
1498 3432 1513 3462 ι
1530 3410 1644 3466 sciehat
1658 3408 1784 3467 fabulari

57 3509 212 3584 discipuli,
229 3511 350 3580 accepta
374 3507 410 3562 ah
436 3520 469 3560 ao
485 3503 590 3576 gratia,
606 3502 642 3557 ad
667 3501 792 3558 salutem
809 3505 898 3573 atque
952 3514 1019 3554 cum
1034 3498 1168 3570 Domino,
1185 3520 1200 3548 n
1216 3497 1329 3553 cunctis
1346 3499 1409 3568 ,iam
1426 3498 1550 3555 terrenis
1566 3498 1718 3555 affectibus
1731 3514 1780 3554 ex·

57 3600 224 3660 utilitatem
253 3595 441 3668 reliquorum
465 3590 597 3649 omnium
618 3607 653 3647 ea
675 3590 795 3657 iaciunt,
813 3595 899 3662 prout
951 3585 1058 3654 soluta,
1075 3587 1146 3642 etin
1173 3586 1237 3660 ipsa
1262 3587 1392 3660 martyrii
1418 3587 1613 3659 expeditione,
1637 3603 1702 3643 eam
1724 3587 1782 3644 sihi

56 3687 275 3761 unoquisque
290 3685 423 3759 ipsorum
440 3682 476 3740 ab
498 3698 531 3739 eo
548 3696 658 3737 munus
673 3679 824 3752 acceperit.
840 3664 897 3733 Alii
953 3675 1112 3748 sumpserit
1126 3675 1162 3731 de
1177 3675 1276 3732 divina
1302 3675 1473 3748 dignatione
1497 3675 1646 3748 fiduciam,
1663 3697 1678 3726 ιι
1695 3678 1781 3748 cujus

56 3777 141 3837 onim
169 3775 322 3832 demones
337 3769 489 3845 expellunt
510 3767 674 3826 certissime
690 3784 723 3823 ac
735 3767 897 3823 verissimae
953 3763 1094 3820 beneficia
1108 3767 1189 3819 tanta
1203 3767 1323 3836 experta
1337 3767 1411 3834 erat,
1427 3786 1442 3815 u
1458 3767 1491 3820 ut
1513 3765 1637 3821 fidenter
1650 3779 1682 3821 se
1696 3765 1781 3822 fratri

52 3866 130 3925 adso
157 3867 194 3920 ut
217 3861 269 3935 qui
297 3858 469 3934 hujusmodi
495 3857 582 3914 malis
607 3855 760 3929 spiritibus
782 3824 898 3912 liberat¹
953 3853 1188 3910 renuntiaturum
1205 3852 1401 3926 spoponderit,
1417 3870 1454 3909 an
1476 3852 1574 3924 passio
1590 3853 1688 3909 lutura
1702 3857 1781 3910 esset

52 3960 140 4028 sunt,
155 3969 237 4028 sepe
250 3952 340 4009 iidem
356 3949 584 4023 amplectantur,
605 3952 634 4003 et
648 3946 679 4002 in
692 3944 820 4002 Ecclesia
834 3962 886 4018 per
952 3959 990 3998 au
1015 3941 1222 3998 commeatus?
1247 3941 1277 3997 ld
1293 3940 1430 4014 Basnagii
1450 3941 1564 4012 judicie
1578 3940 1663 4012 longe
1677 3946 1721 3997 est
1741 3941 1779 3998 ah

171 4097 216 4152 Ἔν
243 4091 318 4151 tenet
338 4115 361 4168 ῳ
383 4094 432 4162 τῆς
457 4089 540 4160 αὐτῆς
563 4089 728 4157 ὑποθέσεως,
745 4086 786 4141 ότι
802 4084 895 4156 idae*
950 4101 1013 4152 των,
1042 4082 1180 4137 καὶιείναι
1200 4081 1226 4136 ἐν
1241 4080 1277 4157 τῇ
1293 4080 1447 4154 ἐκκλησίᾳ·
1478 4081 1504 4136 el
1520 4079 1549 4137 δέ
1562 4080 1607 4137 καὶ
1621 4080 1774 4157 πρόγνωσιν

51 4168 95 4234 τίς
236 4112 422 4241 όποὸείγμανα
443 4168 494 4232 τῆς
518 4160 591 4223 θείας
610 4160 656 4214 καὶ
682 4156 836 4234 παραδόξου
853 4156 884 4214 δυ
950 4151 1045 4230 ἐχουσι
1073 4158 1127 4210 τῶν
1159 4152 1329 4228 μελλόντων,
1358 4153 1403 4208 καί
1433 4153 1563 4216 ὀπτασίας
1602 4155 1647 4210 καί
1684 4151 1776 4228 ῥήσεις

52 4243 172 4315 σάμιοι
194 4237 224 4294 e
254 4237 415 4310 ἐκκλησίαις
433 4235 502 4290 τιοὶν
521 4229 714 4302 ὑπολέλειπτο,
732 4230 777 4286 διὰ
789 4229 893 4288 τούτων
948 4227 1146 4304 προφητικάι·
1173 4222 1257 4281 utta
1285 4223 1314 4280 ii
1338 4224 1401 4288 τοὺς
1429 4245 1580 4297 sapsam<
1597 4221 1641 4280 διὰ
1654 4232 1705 4294 τῆς
1719 4228 1772 4279 τῶν

55 4309 274 4403 ἐπισημαίνεται
299 4308 408 4386 λόγων·
438 4329 452 4363 ι
475 4307 606 4361 Τοσοῖντον
633 4300 662 4358 il
685 4300 830 4358 ἀποδέουσι
846 4307 894 4358 τοῦ
973 4302 1052 4374 ειρῶν
1077 4296 1219 4358 ἐπιθέσεως
1244 4299 1349 4369 ίῶνται,
1374 4296 1419 4351 καὶ
1442 4297 1525 4372 ὑγιεῖς
1539 4298 1772 4360 ἀποκαθιστὰσιν·

52 4405 69 4441 ν
140 4405 157 4438 ν
179 4381 298 4458 ἐγεῖραι,
323 4380 414 4442 καθὼς
437 4379 452 4433 ό
475 4375 573 4452 Κόριος
603 4371 696 4451 όγειρε
723 4374 768 4428 καὶ
784 4374 810 4427 el
826 4373 891 4428 ἀπό·
969 4387 1003 4441 οη
1034 4367 1073 4438 δέ,
1099 4369 1191 4432 καθὼς
1211 4367 1310 4446 ἐραμεν
1351 4367 1396 4422 καὶ
1422 4367 1512 4441 νεκροί
1540 4365 1702 4440 ἠγέρθησαν,
1727 4364 1773 4420 καί

58 4476 112 4512 ono
137 4450 225 4510 οιθιᾶ
236 4457 393 4529 προσευχῆς
410 4469 418 4483 ·
434 4447 478 4505 καὶ
494 4448 519 4503 ἐν
534 4450 569 4521 τῇ
594 4412 760 4524 όιθελρότητι
785 4444 891 4499 πολλά·
948 4443 1113 4519 παρέμειναν
1142 4439 1188 4494 σὺν
1215 4442 1282 4512 ἡμῖν
1323 4444 1416 4499 κανοῖς
1442 4436 1534 4492 ἐτεσι·
1568 4438 1613 4492 καί
1641 4437 1668 4494 τί
1702 4437 1773 4515 γάρ;

57 4548 115 4602 ιτς,
150 4523 196 4581 διά
220 4524 252 4581 τὸ
283 4524 430 4600 ἀναγκαῖον
457 4527 509 4591 τῆς
537 4517 605 4574 κατὰ
632 4518 717 4573 τόπον
745 4515 891 4587 ἐκκλησίας
949 4514 999 4570 οὐκ
1028 4511 1099 4569 ἐστιν
1127 4511 1242 4586 ἀριθμὸν
1271 4511 1356 4564 εἰπεῖν
1384 4513 1438 4564 τῶν
1458 4508 1636 4583 χαρισμάτων
1651 4511 1687 4564 ῶν
1704 4510 1773 4563 κατὰ

58 4601 154 4669 πόσης
192 4597 380 4669 αίτισαμένης
416 4594 483 4666 μετὰ
519 4588 645 4661 νηστείας
679 4590 724 4643 καὶ
755 4587 889 4650 λιτανείας
946 4585 1043 4646 παντὸς
1072 4586 1121 4637 τοῦ
1148 4581 1253 4653 κόσμου
1286 4589 1303 4650 ἦ
1332 4580 1461 4650 ἐκκκησία
1479 4581 1553 4655 παρὰ
1567 4587 1634 4636 Θεοῦ
1651 4576 1772 4636 λαόοῦσα

57 4669 186 4742 πολλῆς,
212 4638 340 4745 ἐπίτρεψε
376 4665 408 4721 τὸ
445 4667 551 4737 πνεῦμα
577 4665 626 4718 τοῦ
652 4659 889 4733 τετελευτηκότος,
946 4659 973 4715 ἐν
1001 4661 1040 4728 τῷ
1070 4653 1184 4726 ὀνόματι
1211 4654 1301 4722 Ἰησοῦ
1329 4655 1446 4727 Χριστοῦ
1478 4656 1528 4706 τοῦ
1570 4653 1772 4729 σταυρωθέντος

57 4743 103 4799 nl
128 4738 263 4837 ἐχαρίσθη
293 4739 307 4795 ό
332 4739 473 4811 ἄνθρωπος
497 4738 556 4796 ταῖς
581 4731 676 4806 εὐχαῖς
696 4731 779 4786 τῶνά
800 4731 858 4788 ίων,
876 4754 890 4782 »
947 4728 990 4786 ἐπὶ
1005 4725 1122 4783 Ποντίου
1137 4721 1272 4789 Πιλάτου,
1289 4722 1403 4792 ἑκάστης
1429 4723 1535 4798 ἡμέρας
1565 4722 1606 4779 ἐπ’
1635 4723 1771 4800 εὐιργεσίιρ

58 4816 109 4873 [αἱ
135 4812 217 4879 oeni<
243 4832 308 4890 φησι
336 4809 395 4883 μετ’
418 4803 517 4883 ineps·
547 4829 561 4856 ιι
579 4806 610 4861 Εί
626 4804 713 4860 δὲκαὶ
727 4752 888 4878 τόνλόριον
945 4805 980 4875 τῇ
1009 4803 1063 4854 τῶν
1094 4795 1175 4859 ἐθνῶν
1214 4793 1342 4864 ἐπιτελεῖ,
1384 4796 1453 4869 μήτε
1493 4793 1651 4865 ἐξαπατῶσα
1686 4815 1771 4861 τινας,

57 4880 259 4965 ponderandis:
282 4883 449 4938 τὰτοιαῦτα
473 4874 651 4946 πεποιηκέναι
680 4876 823 4953 φήσουσιν,
846 4871 890 4928 ἐπὶ
948 4875 1018 4947 μήτε
1044 4869 1273 4943 ἐξαργυριζομένη
1292 4886 1298 4898 ·
1320 4867 1357 4927 ῶς
1381 4867 1432 4942 γὰρ
1458 4862 1560 4942 δωρεάν
1590 4865 1651 4936 etia,
1676 4865 1772 4940 επαρὰ

56 4958 90 5015 τά
119 4955 282 5035 προρητικά
311 4951 453 5011 ἀνάτοντες
480 4946 590 5015 αὐτοὺς,
625 4947 650 5018 ἐξ
680 4946 767 5002 αὐτῶν
789 4942 889 5001 ἐπιθεί-
945 4947 1024 5029 Osee,
1054 4939 1154 5015 δωρεὰν
1178 4940 1222 4994 καὶ
1248 4937 1375 4994 διακονεῖ.
1401 4961 1416 4989 »
1442 4937 1490 4991 Καὶ
1507 4937 1533 4992 ἐν
1550 4887 1769 5014 ἐτέρῳθέτοπῳ

57 5031 86 5104 {o
127 5051 143 5086 ν
173 5028 258 5085 πάντα
283 5025 371 5087 οότως
399 5021 461 5098 περὶ
497 5019 580 5076 αὐτοῦ
623 5017 668 5075 καὶ
711 5018 890 5094 προειρῆσθαι
946 5015 960 5070 ό
996 5013 1075 5075 αυτὸς
1111 5011 1223 5104 γράφει·
1258 5009 1390 5074 eliensis<
1422 5008 1466 5062 καὶ
1495 5007 1609 5064 πολλῶν
1638 5006 1771 5079 ἀκούομεν

57 5051 273 5179 urmatten
304 5091 417 5174 βεόαίω,
453 5090 498 5148 καί
527 5090 606 5147 αὐτὸν
638 5090 719 5163 μόνον
749 5091 816 5144 εἷναι
843 5087 889 5143 τὸν
945 5083 1068 5163 ἀδελφῶν
1112 5105 1137 5138 εν
1184 5087 1217 5156 τῇ
1256 5079 1388 5151 ἐκκλησίᾳ
1422 5099 1442 5133 π
1462 5080 1579 5156 opposed
1615 5077 1697 5162 χαρίο
1721 5095 1771 5131 ατα

58 5175 121 5233 rtis
147 5177 203 5231 τοῦ
229 5172 316 5226 θεοῦ·
348 5164 391 5222 διὸ
419 5163 464 5220 καί
495 5162 521 5219 ἐν
548 5167 588 5236 τῷ
615 5161 717 5217 ἐκείνου
732 5159 846 5233 όνοματι
863 5160 890 5213 σί
946 5156 1066 5234 ἐχόντων
1089 5153 1134 5210 καὶ
1158 5150 1342 5215 παντοδαπαῖς
1368 5098 1525 5234 Λαλοόντων
1551 5146 1596 5203 διὰ
1617 5168 1665 5203 του
1685 5098 1768 5205 liitt-

60 5245 174 5319 ἐληθως
204 5241 289 5297 αὐτοῦ
319 5237 437 5312 μαθηταὶ
481 5235 546 5310 παρ’
573 5230 656 5289 αὗτοῦ
684 5226 814 5293 λαθόντες
840 5230 889 5298 τὴν
947 5250 1032 5303 ματος
1055 5225 1203 5304 γλώσσαις,
1230 5224 1275 5280 καὶ
1303 5224 1337 5303 τά
1364 5220 1463 5299 κρύφια
1490 5241 1543 5274 των
1563 5218 1713 5294 ἀνθρώπων
1730 5215 1768 5280 είς

117 5339 142 5374 ιν
177 5310 350 5373 ἐπιτελοῦσιν
375 5309 417 5366 ἐπ’
440 5278 574 5383 ἐνεργεσίᾳ
596 5309 631 5379 τῇ
654 5309 708 5359 τῶν
726 5301 832 5358 λοιπῶν
847 5301 891 5356 άν-
946 5301 1059 5380 φανερὸν
1086 5297 1205 5384 ἀγόντων
1231 5295 1274 5351 ἐπὶ
1300 5315 1339 5364 τῳ
1367 5292 1618 5374 συμιρέροντιᾶκαὶ
1653 5290 1687 5346 τά
1714 5310 1764 5363 μυ-

60 5337 194 5465 ἐρωπίον,
216 5385 309 5448 καθὼς
333 5383 373 5444 εἷς
388 5377 658 5444 ἐκαττοςαυτῶντήν
677 5373 777 5450 imperis
795 5372 892 5451 ε’»ληρε
946 5375 1043 5446 ατήρια
1066 5390 1114 5423 του
1142 5371 1208 5421 Θεοῶ
1242 5362 1469 5440 ἐκθιηγουμένων.
1511 5366 1599 5415 Ταυτα
1629 5360 1674 5417 καί
1703 5361 1766 5489 περὶ

63 5464 124 5593 ff
135 5460 255 5590 ἐῦτοῦ·
281 5455 310 5510 σί
335 5454 383 5526 μὶν
402 5452 452 5528 γὰρ
469 5448 599 5523 δαίμονας
614 5446 757 5504 ἐλαύνουσι
774 5441 890 5530 βεόαίως
945 5448 994 5499 τοῦ
1022 5440 1150 5518 διαφορὰς
1173 5438 1349 5512 χαρισμάτων
1366 5432 1457 5560 γιέχρι
1480 5432 1525 5486 καὶ
1547 5437 1599 5488 τῶν
1625 5431 1736 5509 θηλουμ

172 5555 192 5606 θ

194 5532 252 5591 θῶς
291 5523 362 5582 ὥστε
388 5521 524 5583 πολλάκις
547 5522 592 5576 καὶ
623 5518 756 5574 πιστεύειν
794 5516 891 5579 αὐτους
946 5535 998 5571 νων
1036 5513 1143 5642 χριόνων
1181 5510 1254 5584 παρὰ
1280 5512 1337 5568 τοῖς
1384 5504 1450 5576 ξίοις
1485 5501 1631 5580 διαμεῖναι.
1665 5507 1764 5563 «nih.

67 5601 183 5673 hisee(
211 5572 422 5680 ναόσριοθίντας
449 5593 502 5653 ἀπὸ
523 5597 576 5650 τῶν
610 5595 736 5668 πονηρῶν
774 5589 891 5664 accept·
947 5588 1050 5663 quinto
1083 5587 1128 5642 ist.
1142 5581 1255 5652 Εοοίισ,
1270 5579 1376 5651 cap.7,
