3892 6104
107 280 188 349 list
614 272 716 341 PARS
737 270 762 339 1.
777 304 819 325 ..-
832 270 1084 343 aununtiate
1104 274 1307 343 manauit.
1734 278 1813 347 itit

106 410 165 471 lion
179 421 322 478 misiaco,
333 407 367 465 ut
380 419 432 477 per
441 418 492 463 eos
502 402 553 477 qui
562 402 596 473 ⁸⁸,
606 418 675 463 cum
685 402 742 476 ipsi
756 402 786 463 in
796 402 973 479 omnibuis
990 404 1046 469 liiii
1059 404 1155 471 iiiam
1180 422 1270 465 causi
1296 404 1399 465 mortis
1425 404 1518 463 tuistt.
1535 405 1568 463 nt
1595 404 1717 480 insuper
1737 406 1814 467 indi·

108 496 237 575 peccatis
252 496 313 555 sint
335 492 485 557 constituti
502 492 569 565 (ll),
585 492 662 555 diost
687 492 930 571 posssmmissio-
986 494 1099 569 gnaris.

108 604 178 647 nem
200 588 388 658 peccatorum
408 581 483 649 dari,
500 580 586 655 quasi
600 581 768 653 possitesse
791 582 822 641 iii
846 583 932 641 domo
1023 582 1118 641 xxiv.
1139 582 1212 641 Vide
1240 600 1298 657 qui
1315 582 1462 656 imperitia
1478 582 1689 657 reprehendere
1704 584 1813 643 audeas

109 674 215 735 mortis
229 674 377 731 lavacrum
393 669 516 727 saliitisl
987 688 1037 728 eos
1053 672 1101 743 qui
1117 678 1219 729 contre
1234 672 1420 729 mendacium
1446 690 1497 745 pro
1520 672 1639 731 ueritate
1665 674 1810 733 nituntur.

146 764 244 823 xiiii.
270 761 324 819 Ubi
347 776 416 833 ergo
440 758 496 817 erit
522 760 600 832 quod
630 758 773 833 scriptum
803 763 866 821 est:
895 760 933 817 alb
987 758 1150 831 Quirenim
1176 758 1360 833 justius(13)
1385 759 1531 835 indignari
1560 766 1662 821 contra
1686 762 1811 821 altorum
1927 804 1936 835 ·.

109 872 183 929 equo
203 851 306 910 lm
321 850 380 907 otio
400 849 675 921 (insumerem
702 866 718 905 a
744 852 818 916 sonte
843 849 934 907 alieno
988 847 1112 907 debuit?
1127 852 1265 908 utrumne
1285 848 1336 921 qui
1358 848 1458 905 hostes
1481 849 1532 905 ilei
1555 850 1671 923 asserit,
1686 868 1725 909 sii
1745 868 1813 911 voro

110 942 262 1017 ,dmm
287 940 378 1009 (prov,
395 955 433 1010 ii,
449 936 493 1007 19,
505 939 582 1009 just.
607 937 700 1007 LXX),
715 938 740 993 si
765 937 866 995 relicto
881 938 935 999 Ec·
989 936 1038 1011 qui
1054 937 1192 995 idrsrsus
1208 954 1276 993 euin
1291 936 1341 1009 qui
1356 936 1413 1009 (ll)
1428 936 1527 994 hostes
1540 938 1590 995 Dei
1607 939 1712 997 asserit
1725 942 1748 977 ⁸⁵
1760 960 1813 1016 pro

110 1030 207 1093 clesin
223 1027 438 1100 louloeiguato,
449 1024 574 1085 alienam
591 1042 699 1100 aquam
715 1042 766 1101 pro
778 1032 829 1083 tua
844 1026 936 1085 susci·
989 1026 1123 1083 lieclesise
1146 1026 1267 1083 veritate
1290 1025 1468 1083 consentit⁸⁸
1482 1025 1568 1083 lliisi
1593 1030 1671 1100 quod
1696 1030 1816 1105 imperi·

111 1122 158 1196 pis
167 1124 197 1177 at
211 1115 341 1192 profanis
354 1115 485 1197 lontibus
501 1116 661 1175 Ecclesiam
677 1114 935 1189 polluie‘lQuando
990 1122 1036 1177 tos
1047 1114 1135 1175 otium
1148 1116 1297 1173 animosos
1307 1114 1365 1189 (15)
1376 1120 1465 1187 atque
1477 1114 1632 1173 iracundos
1640 1135 1705 1175 esse
1716 1122 1815 1179 meni-

109 1210 191 1267 anim
220 1205 367 1279 baptismo
390 1202 593 1263 haereticorum
620 1202 831 1271 communicas,
866 1204 936 1276 quid
991 1204 1816 1283 fotiumfflbdumP⁰Pi¹¹⁰l³¹⁸m⁰⁰⁰⁸ilii⁰t⁸⁶sm⁰¹¹i⁸(¹⁶)

111 1298 194 1359 eliud
210 1312 299 1369 quain
315 1295 351 1350 de
365 1292 503 1367 voragine
517 1296 546 1348 et
570 1308 652 1349 coeno
676 1291 794 1349 illorum
810 1292 898 1364 bibis,
909 1296 938 1349 et
992 1294 1028 1351 sd
1043 1292 1225 1357 iracundiam
1245 1295 1346 1351 1174
1364 1292 1447 1350 lscile
1468 1298 1630 1363 vertuntur,
1641 1301 1673 1354 ut
1687 1298 1722 1353 da
1736 1298 1818 1357 nullo

111 1390 177 1463 ipse
192 1385 324 1445 Ecclesia
347 1383 580 1443 sanctificatione
604 1387 756 1455 purgatus,
773 1381 937 1441 alienarum
993 1381 1051 1443 alio
1062 1383 1157 1455 magis
1168 1399 1258 1457 quain
1270 1384 1344 1440 dete
1360 1382 1708 1456 dicatScripturadivina
1719 1388 1819 1447 :Homo

112 1478 246 1537 ,offiium
260 1474 447 1533 ,ommibus
461 1472 649 1544 inquineris?
664 1472 722 1529 Noc
738 1473 845 1531 metuis
855 1470 937 1545 judi·
991 1474 1132 1533 animosus
1143 1480 1226 1545 porat
1250 1472 1387 1543 lite-illi),
1408 1476 1434 1527 et
1450 1472 1496 1529 cir
1520 1474 1669 1533 tromundus
1692 1492 1820 1555 reappe-

110 1568 192 1627 cium
211 1566 263 1627 Del
276 1561 422 1619 haereticis
437 1560 641 1620 testimonium
658 1566 759 1621 contra
777 1560 938 1621 Ecclesiam
992 1564 1157 1635 rulptcctla
1182 1562 1271 1633 (Pron.
1288 1578 1364 1619 ⁸¹¹¹·
1381 1560 1428 1635 2²)
1454 1560 1531 1618 Lites
1552 1563 1630 1621 “nim
1655 1568 1684 1621 ⁰⁸
1703 1566 1818 1625 dim·

110 1656 280 1731 perhibens,
295 1668 359 1709 oum
374 1651 518 1724 scriptum
543 1650 599 1709 sit:
616 1652 710 1709 Falsas
729 1653 804 1709 testis
816 1667 872 1711 non
886 1651 941 1709 erit
992 1650 1090 1713 aiones
1105 1656 1232 1727 quantis
1246 1650 1354 1724 parasti
1366 1665 1418 1725 per
1431 1649 1576 1709 Ecclesiae
1585 1653 1676 1715 totius
1692 1656 1815 1715 muudil

111 1746 269 1819 impunitas
298 1744 393 1815 (Pron.
418 1756 476 1810 iiix,
497 1741 536 1813 5).
561 1740 636 1805 Ouiii
661 1741 731 1811 imo,
747 1746 779 1797 tii
796 1740 938 1797 hereticis
993 1739 1149 1802 Peccatum
1176 1755 1352 1811 veroquam
1377 1754 1518 1812 miluum
1544 1740 1597 1797 fibi
1624 1745 1815 1819 ‘lxidssflfflfii

111 1834 251 1895 omnibu,
266 1832 347 1904 pejor
369 1846 416 1888 es:
429 1846 511 1897 nem,
527 1845 594 1885 cam
618 1829 686 1885 inde
711 1828 806 1897 multi,
822 1828 937 1903 cognito
992 1829 1110 1905 quando
1120 1834 1148 1888 te
1159 1846 1176 1885 a
1186 1832 1229 1887 tot
1237 1828 1376 1901 gregibus
1391 1828 1505 1885 scidisti
1518 1831 1523 1885 l
1537 1830 1673 1890 excidisti
1697 1834 1776 1893 enim
1788 1839 1816 1893 te

110 1938 210 1981 mom
222 1937 286 1989 fluo,
300 1920 335 1979 nd
352 1924 381 1977 te
393 1917 512 1975 venient
526 1921 559 1974 ut
572 1916 707 1975 Ecclesia
722 1934 822 1975 verum
837 1918 937 1977 lumen
992 1916 1100 1993 ipsum.
1118 1916 1183 1978 Noli
1199 1915 1359 1987 insultare,
1375 1916 1519 1989 siquidem
1534 1918 1582 1979 ille
1601 1924 1643 1978 est
1657 1938 1723 1979 vere
1737 1922 1816 1981 solii·

110 2009 269 2084 accipiant,
281 2014 313 2066 tii
328 2007 508 2065 venientium
519 2022 631 2063 errores
642 2007 775 2078 adjuvas,
786 2012 824 2075 et,
836 2008 938 2063 obscu-
992 2007 1133 2067 sciaticus
1146 2006 1197 2083 qui
1213 2022 1271 2063 soa
1286 2006 1492 2063 communione
1506 2006 1709 2071 ecclesiasticis
1719 2012 1817 2070 unita·

112 2106 178 2159 rato
192 2098 303 2159 lumine
318 2096 519 2155 ecclesiastica
540 2094 681 2163 veritatis,
696 2096 832 2154 tenebras
846 2095 938 2157 linere·
992 2096 1031 2157 tis
1047 2098 1210 2169 apostatam
1227 2094 1342 2151 ίθῦθΐῑῖῑ
1358 2094 1429 2151 dum
1444 2096 1523 2157 ‘inim
1540 2103 1627 2170 putus
1643 2116 1745 2159 ⁰m¹¹⁰⁸
1761 2107 1817 2160 ⁸¹⁰

112 2189 177 2251 tica
194 2188 287 2245 noctis
303 2184 483 2243 accumulas.
497 2188 629 2257 Cumque
643 2200 675 2241 se
698 2183 741 2239 illi
766 2184 796 2240 in
812 2182 938 2257 peccetis
993 2184 1134 2249 abstineri
1150 2200 1247 2259 boesa,
1261 2183 1357 2245 ³⁰l¹t111
1372 2188 1400 2241 ῑθ
1415 2186 1451 2243 &b
1472 2186 1611 2245 0¹1¹¹15b¹¹⁸
1632 2190 1813 2249 abfliissuiflii·

112 2294 180 2339 esse
193 2282 223 2335 et
238 2275 310 2338 nibil
325 2276 425 2347 gratia
440 2273 548 2331 habers
562 2290 604 2341 se,
619 2290 653 2329 ac
668 2278 821 2347 propterea
836 2273 872 2329 ad
887 2272 938 2331 lio·
992 2273 1051 2335 Noc
1065 2278 1094 2331 ta
1107 2272 1266 2335 informare
1281 2272 1317 2331 ud
1334 2272 1464 2345 regulam
1486 2274 1617 2335 veritatis
1631 2282 1660 2333 et
1675 2280 1755 2355 pacis
1770 2279 1815 2339 vel
1926 2284 1942 2302 “

113 2368 235 2427 alesiam
250 2364 347 2423 venire
363 2364 516 2431 fateamur,
533 2366 564 2419 tu
588 2361 630 2421 eis
654 2362 856 2419 remissionem
872 2377 938 2434 pec·
994 2361 1126 2440 Apostoli
1137 2365 1282 2437 precepta
1295 2365 1456 2437 potuerunt
1470 2363 1618 2427 monentis
1628 2368 1657 2429 et
1670 2366 1814 2429 dicentis:

113 2461 249 2517 catorum
272 2452 433 2520 subtrahis,
447 2467 511 2523 qua
534 2450 564 2507 in
589 2451 735 2524 baptismo
755 2451 939 2523 dotandum
994 2452 1108 2517 Obsemo
1123 2466 1190 2525 erpo
1207 2466 1253 2507 eos
1266 2466 1316 2520 eno
1344 2452 1452 2513 uinctus
1473 2453 1504 2507 in
1522 2452 1742 2525 dominndipne
1755 2476 1815 2518 am.

113 2545 190 2607 diois
204 2560 254 2605 eos
271 2542 336 2616 juin
351 2540 514 2613 baptizatos
528 2544 557 2597 et
570 2545 651 2598 extra
667 2539 825 2599 molosiam
839 2537 940 2597 Eccle·
995 2541 1092 2605 tutore
1105 2539 1247 2601 vocatione
1261 2554 1318 2613 pio
1334 2540 1424 2599 aeeon
1450 2541 1527 2611 estis,
1542 2557 1604 2597 cuin
1631 2546 1710 2603 omni
1723 2546 1817 2605 taini·
1931 2502 1940 2563 ἠ.

112 2632 303 2707 siagrntiam
323 2633 505 2687 consecutos.
521 2628 579 2685 Nec
593 2628 735 2702 intelligis
762 2628 877 2686 animas
891 2645 939 2691 eo·
994 2630 1182 2695 lilolesensus
1205 2636 1232 2683 et
1262 2626 1386 2697 lenitate,
1401 2644 1465 2683 eam
1486 2632 1626 2701 potientis
1653 2636 1818 2693 sustinentes
1931 2660 1935 2667 ·

113 2740 183 2781 rum
199 2724 235 2779 de
251 2738 339 2778 manu
354 2724 406 2776 tua
415 2718 529 2792 exquiri
543 2734 611 2774 cuni
622 2717 728 2791 iudicii
742 2718 806 2777 dies
818 2719 939 2788 venerit,
995 2720 1113 2781 invicem
1126 2718 1157 2773 in
1170 2716 1326 2785 dilectione,
1341 2718 1409 2773 sotis
1434 2722 1542 2790 opentes
1561 2736 1670 2777 serum
1684 2726 1820 2783 unitatem

113 2814 167 2887 qui
183 2810 352 2869 sitientibus
366 2808 500 2865 Ecclesiae
516 2812 618 2881 potum
634 2807 758 2881 negasti,
774 2812 803 2863 et
816 2806 940 2866 volenti·
994 2808 1109 2881 spiritns
1123 2807 1152 2861 in
1167 2806 1361 2878 conjunctione
1375 2806 1450 2873 noeis
1461 2827 1471 2874 ,·
1482 2822 1570 2862 unum
1583 2824 1693 2882 eorpus,
1704 2816 1732 2869 et
1746 2831 1822 2872 nnus

825 2915 927 2979 Varia
942 2914 1104 2985 lectiones,

115 3019 299 3163 [attigua.
315 3016 392 3071 lom.
408 3015 488 3071 litor.
503 3013 557 3069 lid.
575 3014 600 3070 1.
616 3014 672 3071 teti.
689 3014 742 3080 Qui
753 3013 811 3086 ipsi
826 3016 888 3082 arn.
903 3014 926 3049 ¹⁸
940 3012 1013 3077 Ouia
1027 3010 1168 3071 adversus
1197 3010 1293 3069 liostes
1323 3010 1371 3073 Dei
1400 3012 1503 3071 asserit
1522 3016 1600 3075 eom.
1613 3014 1636 3051 ⁸⁸
1657 3016 1814 3077 Contendit

128 3108 146 3149 ο
189 3134 198 3161 ‚
301 3128 307 3141 .

825 3164 991 3227 Varioruiii
1019 3168 1113 3224 notis.

113 3268 267 3325 Dominum
288 3270 411 3319 nostrum
441 3261 470 3316 iii
498 3260 582 3317 codd.
600 3265 628 3317 et
656 3262 727 3317 Novi
755 3260 832 3319 Colle
855 3261 1024 3331 iiAch.
1056 3260 1089 3313 l:
1123 3258 1201 3315 Niliil
1224 3260 1299 3314 einim
1320 3259 1397 3331 pejus
1427 3268 1466 3316 est
1499 3262 1535 3315 iis
1560 3264 1609 3333 qui
1625 3266 1745 3335 pirulam
1763 3270 1821 3327 nli-

118 3340 177 3395 boo
192 3337 310 3411 quidem
324 3352 392 3405 ms,
403 3334 506 3389 sicula
519 3334 583 3388 cod.
598 3332 765 3399 Bodleiano,
777 3277 854 3389 haufi
866 3332 941 3389 mala
998 3331 1063 3403 quid
1078 3331 1153 3385 ultro
1166 3330 1270 3400 prienes
1285 3331 1390 3387 litteras
1398 3334 1544 3405 propensi,
1550 3335 1653 3405 falsam
1662 3340 1718 3393 sibi
1731 3342 1822 3397 scicn-

115 3410 202 3467 abest
216 3406 359 3483 particula
378 3410 482 3460 etanta
498 3421 548 3460 vos
571 3407 655 3461 totins
673 3404 781 3461 mundi.
797 3405 840 3459 nd
854 3405 942 3461 verba
996 3404 1046 3459 tite
1058 3402 1268 3475 persuasionem
1294 3402 1446 3459 induerunt
1460 3422 1470 3458 :
1484 3422 1550 3460 nom
1578 3408 1711 3465 eteedere
1723 3426 1823 3481 prees-

116 3486 217 3539 autem
232 3478 311 3551 quod
328 3477 441 3544 attinet,
457 3478 569 3532 Patrem
582 3484 609 3532 et
625 3481 714 3531 Deum
730 3476 843 3541 Christi,
858 3475 941 3531 sirni-
992 3474 1090 3547 piendi
1112 3474 1211 3545 peritis
1234 3472 1435 3542 tustineantur,
1455 3485 1481 3530 et
1509 3477 1583 3533 uelat
1605 3484 1676 3549 jare
1700 3484 1820 3555 quodam

116 3552 312 3609 literlocutus
326 3558 370 3605 est
384 3547 527 3604 Dominus
538 3548 646 3634 ipsead
661 3547 780 3603 Mariam
797 3547 943 3617 Magdala·
993 3547 1143 3619 potestatis,
1163 3560 1215 3615 cuo
1242 3546 1300 3615 J'rre
1327 3546 1376 3600 liae
1396 3546 1538 3603 bominum
1552 3565 1637 3619 peritis
1656 3552 1810 3611 intumescit

115 3625 230 3683 iiamln
245 3622 272 3679 S.
287 3622 401 3679 loannis
421 3619 573 3689 ditonoelso
591 3636 638 3688 iix,
655 3620 697 3675 17.
715 3618 857 3676 Similiter
871 3619 940 3674 scri·
997 3616 1140 3689 imperiosi
1170 3624 1249 3687 atque
1267 3617 1377 3671 interim
1406 3620 1549 3675 sevientes
1566 3623 1714 3679 stultitiam
1739 3595 1823 3683 snoni'

115 3699 240 3769 pserunt
254 3692 378 3765 apostoli
400 3692 475 3763 ejus.
491 3690 604 3747 confer.
621 3693 697 3747 llam
721 3708 766 3761 xv,
789 3690 941 3757 unicos.
995 3686 1147 3759 perdocent.
1166 3687 1238 3741 Vide
1262 3690 1348 3743 etiam
1378 3686 1482 3756 lilavi,
1512 3694 1664 3763 capiet
1690 3694 1806 3757 libani

114 3768 205 3827 iii.3.·
223 3766 328 3835 liplies,
351 3780 371 3833 1,
396 3764 423 3830 3,
449 3762 506 3827 173
532 3762 680 3835 Coloss.,i,
703 3763 739 3831 33
765 3763 857 3833 llelr,
869 3761 943 3831 1,9;
997 3760 1102 3830 capt.
1131 3760 1258 3813 loannes
1287 3759 1526 3829 saresberiensis,
1544 3761 1595 3819 lib.
1609 3780 1660 3821 vii.
1676 3768 1709 3823 de
1731 3742 1820 3841 Napi}

115 3840 217 3903 liat„
233 3838 283 3902 i,3.
300 3836 411 3893 Rostra.
999 3831 1163 3896 Curiatium,
1185 3846 1248 3903 cup.
1278 3832 1313 3886 9:
1345 3832 1393 3886 llte
1412 3835 1502 3887 lamen
1518 3836 1679 3891 contradicit
1701 3842 1823 3899 sitisset

154 3908 211 3979 (tl)
231 3908 369 3977 Quicum
389 3904 453 3976 ipsi.
478 3904 530 3973 Qui
544 3904 600 3975 ipsi
631 3904 662 3959 tn
680 3904 807 3961 oninidas
861 3904 945 3959 erotis
995 3903 1167 3978 pertinacius
1179 3906 1227 3973 qut
1240 3903 1269 3956 in
1279 3904 1516 3972 pauritolereram
1527 3906 1822 3968 addiscendoeonsnm-

113 3980 173 4037 sint
190 3980 342 4035 constituti.
373 3978 505 4032 Veterem
521 3974 811 4031 lectioncmrestitui.
850 3975 944 4030 rimus
995 3976 1184 4047 patestatem,
1201 3980 1227 4028 et
1249 3976 1326 4028 loeta
1345 3980 1473 4045 annitstio
1497 3980 1647 4047 premitur,
1663 3984 1703 4045 el,
1722 3984 1749 4038 ει·
1762 4000 1822 4040 ner.

115 4051 232 4109 eddidit
242 4048 340 4107 Fellus
348 4053 415 4121 post
429 4047 545 4103 codices
560 4047 742 4120 scriptosqtii
754 4064 815 4103 cum
828 4048 883 4118 ipsi
893 4062 944 4130 pro
1000 4044 1065 4101 biam
1079 4061 1164 4100 unuin
1177 4048 1226 4099 aut
1240 4044 1293 4100 deo
1302 4044 1481 4117 eatoeeern,
1492 4049 1613 4118 elinquit
1623 4049 1673 4119 liat
1686 4062 1711 4107 et
1725 4056 1823 4125 nuntiis
1936 4062 1941 4069 '

156 4124 168 4177 i
182 4124 248 4193 ipsi,
264 4118 471 4193 quodquidam
488 4134 522 4173 eii
533 4117 643 4189 duplici
657 4118 780 4174 lectione
795 4125 891 4174 ortum
902 4135 945 4173 vi-
998 4120 1095 4171 stiitiiae
1110 4116 1289 4171 taciturnior.
1299 4114 1448 4173 Vitruvius
1463 4120 1492 4173 iii
1506 4122 1672 4191 prefatione
1687 4122 1753 4180 libri
1769 4144 1821 4183 iii:

114 4140 214 4251 igtur.
231 4192 331 4249 Posuit
344 4196 443 4247 sutorii
459 4187 677 4246 Pameliussnnl¹
693 4206 744 4263 pro
758 4192 815 4245 sint
829 4208 864 4247 ex
874 4190 946 4246 osu·
998 4187 1193 4243 Aiiiniodoerto
1207 4190 1302 4255 polius
1316 4188 1436 4245 indoems
1451 4207 1534 4261 qnam
1556 4192 1647 4248 doctos
1659 4198 1756 4263 pratia
1774 4214 1821 4253 sn-

116 4266 177 4323 cliii
197 4263 351 4321 ieloodica
367 4261 410 4319 vel
426 4262 747 4333 conjectursejusdcm.
764 4262 876 4318 Boura,
996 4274 1105 4333 perere.
1135 4259 1342 4333 Hieronymus,
1369 4260 1399 4315 ln
1421 4263 1551 4333 Apolopic
1579 4265 1718 4321 advorsus
1744 4268 1820 4341 tinfi-

153 4336 211 4408 (ie)
236 4335 274 4390 Ab
298 4351 370 4409 aquo
396 4333 498 4413 alieno,
516 4333 644 4389 adnotat
669 4332 758 4389 editio
784 4332 946 4407 anglicana
998 4347 1068 4385 nani
1084 4347 1093 4383 .·
1109 4332 1254 4385 Animosne
1278 4330 1437 4387 inhonestus
1460 4333 1631 4391 est.Nonius
1648 4338 1821 4396 llarcellns:

115 4412 230 4465 textum
241 4406 321 4463 hunc
332 4406 442 4461 lrustra
463 4402 532 4459 alibi
553 4404 660 4486 requiri
671 4420 761 4477 quam
773 4403 945 4461 inversione
999 4402 1136 4457 Animmsi
1155 4402 1821 4476 ‹licantnriroeandiAugustinusiernioneitti

116 4480 229 4547 Graeca,
240 4477 504 4535 nimiuum'abesse
515 4474 692 4531 accdicibus
703 4475 832 4531 Hebraeis
847 4480 875 4530 et
885 4474 945 4530 vul·
999 4474 1035 4528 de
1049 4474 1145 4529 verbis
1161 4472 1289 4545 Apostoli
1303 4490 1310 4527 ε
1328 4474 1485 4529 damianum
1498 4478 1552 4545 snit
1574 4495 1688 4535 errore·
1702 4482 1822 4539 dioboli.

137 4556 186 4607 ato
203 4548 315 4631 Latino,
333 4546 433 4605 haberi
454 4552 553 4603 tamen
576 4546 607 4601 in
626 4548 754 4619 Syriaca,
771 4546 905 4613 Arabica,
917 4551 945 4601 et
999 4560 1060 4599 cum
1075 4548 1115 4599 est
1139 4560 1191 4627 per
1209 4545 1416 4599 animositatem
1432 4548 1460 4599 in
1487 4562 1579 4607 errore
1605 4524 1726 4608 irionire.
1744 4562 1821 4627 Ago.

139 4636 272 4679 rmenica
298 4620 546 4693 interpretatione,
576 4622 606 4673 et
636 4618 703 4674 liiiio
726 4618 828 4674 confici
877 4633 943 4673 osse
959 4634 983 4699 p
999 4616 1109 4671 hardus
1137 4632 1168 4669 in
1198 4614 1272 4670 libro
1301 4616 1334 4671 de
1373 4614 1493 4674 Gronine
1520 4628 1546 4675 et
1576 4624 1714 4679 tonitruis
1741 4630 1823 4683 notat

115 4692 441 4777 eumdemaersionem
467 4690 606 4773 tiraecain,
630 4689 718 4773 etiarn
748 4688 813 4771 illic¹
837 4635 885 4744 ubi
906 4688 943 4744 ab
997 4686 1150 4769 imperitos
1165 4685 1245 4757 loqui
1261 4687 1449 4744 conlidenter.
1460 4690 1619 4749 Animosne
1634 4669 1758 4753 ternans
1781 4698 1821 4755 ud

116 4764 238 4849 llebpao
248 4764 420 4831 disceditur,
432 4761 539 4833 ubique
550 4765 694 4845 terrarum
706 4759 944 4817 invaluisse.Ter·
998 4758 1112 4839 latinns
1129 4757 1327 4839 accipiebatur
1336 4776 1388 4831 pro
1405 4778 1512 4834 magno
1527 4765 1588 4820 viro
1604 4769 1631 4821 et
1641 4768 1706 4822 lorti
1718 4785 1818 4827 antino

115 4834 274 4905 tullianus,
303 4833 379 4891 lib.i
404 4832 533 4915 astiteritis
555 4834 827 4889 Marcionemilion
870 4840 942 4887 cmm
996 4830 1126 4903 praedito,
1145 4830 1317 4886 animositas
1341 4848 1407 4888 vero
1437 4849 1488 4904 pro
1511 4835 1693 4895 vehementia
1718 4842 1819 4897 atini·

115 4906 346 4990 impudentiorem
371 4919 454 4977 quom
503 4920 531 4959 ui
564 4905 595 4985 in
614 4905 708 4961 alicua
735 4920 810 4977 opita
828 4850 882 4959 aiii
895 4903 943 4959 deo
997 4902 1241 4975 petuanimi.1n.

114 4980 246 5107 “aequilibri
261 4922 500 5105 migroffiabsuzag
524 4974 678 5047 epistolem
700 4994 797 5045 ixxiii,
823 4976 944 5031 Ecclesia
996 4970 1559 5103 migliplplfiigiussliheetwsermopgs.l'olslltsn
1586 4980 1744 5053 scripserat
1759 4981 1820 5037 Fir.

113 5066 402 5195 mttumaetneii‘on
415 5088 534 5201 possum
544 5116 756 5201 omitterequiii
768 5118 942 5175 admoneam
1011 5186 1016 5197 ·
1031 5115 1087 5189 (ti)
1104 5086 1187 5171 l‘o’rot
1197 5062 1490 5189 vlites.cituaOLscribbiiii
1506 5065 1593 5175 spiriu
1607 5138 1657 5177 sex
1670 5120 1753 5178 tibris
1767 5140 1820 5180 aii·

114 5196 228 5264 septem
244 5196 344 5249 vetera
356 5189 533 5262 exemplaris
549 5188 683 5260 preferre
704 5188 943 5263 ieiyastim.Sequi
996 5187 1103 5259 tiquis3
1120 5191 1179 5242 tres
1204 5185 1253 5241 alii
1282 5185 1391 5242 haberit
1418 5191 1501 5259 parit.
1527 5192 1597 5247 Milii
1627 5198 1724 5249 autem
1741 5195 1821 5267 prior

114 5268 217 5323 tumim
228 5264 337 5337 placuit
350 5264 507 5319 editionem
522 5259 654 5327 Morellii,
667 5277 755 5335 quain
765 5262 943 5317 confirmant
996 5256 1082 5315 lectio
1097 5258 1290 5313 videturesse
1307 5258 1420 5320 melior.
1433 5264 1503 5333 quin
1518 5264 1546 5318 iii
1562 5266 1656 5337 capite
1671 5282 1739 5320 xxiii
1754 5270 1822 5325 Pro·

113 5336 172 5395 tria
187 5342 285 5393 vetera
298 5333 486 5408 exemplaria.
503 5333 544 5388 lu.
996 5330 1173 5399 cerbioriiin,
1189 5347 1224 5385 cx
1238 5346 1296 5403 qno
1316 5336 1453 5401 suniptns
1478 5339 1521 5389 est
1536 5335 1583 5391 liic
1607 5335 1688 5393 locus
1715 5336 1822 5411 legitur

151 5406 346 5479 (llbliiuersns
359 5422 422 5463 esem
450 5400 774 5487 qni71talldorelliusct
793 5407 852 5458 tres
872 5400 942 5457 libri
995 5404 1039 5457 vir
1055 5404 1488 5475 iracundiieproincotrixas.A
1510 5408 1547 5462 ud
1564 5379 1738 5467 Cossinnbm
1767 5410 1807 5467 lib

112 5477 426 5609 Kampsatlmnlesalii
447 5477 587 5532 omittunt
605 5490 667 5529 eam
685 5474 942 5546 pnr,etiamunus
994 5488 1056 5558 viii,
1091 5490 1155 5546 cap.
1183 5474 1207 5543 l,
1233 5472 1374 5545 scripturn
1402 5480 1463 5531 est:
1490 5423 1706 5539 berenianus
1735 5454 1820 5557 porei

138 5568 158 5610 ii
193 5566 305 5607 ioanus.
335 5567 363 5605 n.
995 5560 1083 5600 risos.

149 5566 211 5697 (i5)
233 5622 376 5697 imperitos
395 5622 480 5681 sliam
500 5616 648 5673 animosos.
664 5614 864 5683 Quintilianus
885 5614 905 5689 l,
919 5634 940 5682 i,
