3892 6104
108 312 190 377 {409
581 304 685 369 PARS
706 304 747 369 ll.
763 334 803 353 -
815 301 1099 369 ascuartoubit
1120 304 1343 369 EXEURSUS.
1736 312 1816 375 itio

107 447 204 519 cripta
226 457 292 499 esse
310 441 510 513 jactabantur,
535 440 642 513 quibus
665 444 789 513 utraque
811 457 879 513 pars
899 440 936 497 ad
951 448 977 514 Α
993 442 1103 497 coisset
1117 440 1211 513 magis
1227 457 1305 496 nova
1330 438 1477 512 opinionis
1499 440 1703 500 adinventores
1727 460 1759 501 se
1773 448 1816 501 vi·

109 530 290 593 destruenda
310 528 406 588 alicam
430 545 547 587 summo
571 530 668 587 studio
688 530 844 586 nitebatur.
861 552 876 581 u
897 530 937 585 En
992 530 1065 601 deri,
1082 548 1172 603 quarn
1187 530 1338 601 antiquam
1349 531 1577 587 totsaculorum
1590 532 1770 605 tidemsequi
1785 550 1817 591 ss

109 628 210 681 status
224 618 436 687 controversia,
453 620 597 692 queritur
611 624 710 675 utrum
725 618 872 677 observari
887 636 937 693 po·
992 617 1135 691 protlteri.
1155 616 1227 682 Quid
1244 617 1336 691 ergo‘l
1352 616 1541 693 Posthabitls,
1552 620 1717 695 spretisque
1731 625 1775 679 tot
1788 626 1818 680 et

111 714 174 771 tius
189 714 322 787 oporteat
337 708 537 766 vetustissima
552 708 687 767 Ecclesiae
710 710 890 766 consuetudo
906 724 939 765 ac
992 706 1094 779 tantis,
1111 724 1173 779 ques
1187 707 1245 764 huc
1268 724 1363 781 usque
1384 724 1418 765 cr
1441 708 1580 783 primaru
1600 710 1775 784 antiquitate
1790 716 1819 771 et

109 802 229 861 traditio
245 818 304 874 qua
327 798 455 856 haretici
476 798 512 855 ad
528 798 687 855 Ecclesiam
707 799 856 856 vcnientes
870 814 938 855 cum
992 797 1138 871 precipue
1152 813 1186 853 cx
1199 797 1365 871 Augustino
1378 798 1615 872 deprompsimus
1630 801 1817 873 testimoniis,

109 892 259 966 baptismo
291 890 369 963 quod
399 888 470 946 ioris
498 894 666 961 receperant
692 889 938 962 suscipiebantur,
994 891 1093 960 spreta
1116 887 1216 943 itidem
1242 887 1392 944 communi
1414 887 1563 945 Gallorum
1587 891 1763 965 scriptorum
1785 910 1819 951 ao

110 1000 147 1040 an
160 998 228 1039 vero
244 980 392 1054 baptisma
412 977 449 1035 its
469 978 566 1035 adhuc
580 979 620 1036 sit
643 979 852 1050 necessarium,
869 976 940 1051 quia
993 976 1197 1050 theologorum
1214 977 1250 1033 ds
1265 976 1319 1033 hac
1342 993 1373 1034 re
1388 978 1544 1045 sententia,
1559 980 1606 1036 vix
1622 980 1698 1039 natis
1713 981 1818 1040 horum

111 1067 484 1131 nihilesseathabiturisi
502 1068 627 1126 hoonon
644 1068 817 1142 acciperent.
993 1082 1153 1140 paucorum
1183 1066 1299 1139 placitis
1325 1066 1406 1123 omni
1438 1066 1693 1128 verisimilitudine
1729 1072 1818 1129 etiam

146 1161 199 1219 llic
214 1176 301 1236 porro
316 1158 488 1232 questionis
512 1162 608 1216 status
632 1158 787 1215 manifeste
802 1154 941 1230 supponit
995 1155 1143 1214 destitutis
1154 1154 1399 1212 subscribemus?
1410 1156 1502 1224 absit,
1516 1156 1540 1213 si
1556 1156 1689 1217 homines
1704 1177 1819 1235 sumus,

110 1254 149 1309 ab
163 1249 303 1309 omnibus
317 1247 396 1305 ultro
415 1248 576 1305 admissam
600 1247 692 1305 fuisse
706 1247 831 1319 huiusce
843 1244 938 1302 Eccle·
995 1246 1021 1303 si
1041 1245 1278 1319 qualemcunque
1302 1246 1456 1318 rationem,
1481 1245 1507 1303 si
1531 1263 1652 1305 sensum
1676 1249 1821 1309 habemus

110 1340 220 1399 riade
244 1355 302 1395 non
326 1336 542 1409 rebaptizandis
555 1336 701 1395 hereticis
728 1334 940 1410 antiquissima
994 1335 1168 1393 humanum.

111 1427 339 1488 consuetudinis
363 1425 559 1498 existentiam,
584 1443 651 1484 cum
674 1427 710 1484 de
737 1444 772 1483 ea
793 1430 942 1499 quaretur
1030 1425 1174 1498 Equidem
1189 1423 1263 1482 satis
1277 1423 1376 1482 mirari
1391 1441 1449 1482 non
1463 1415 1583 1499 possum
1600 1426 1688 1484 talem
1700 1426 1737 1485 ab
1755 1426 1822 1486 istis

111 1517 320 1578 tantummodo
329 1520 428 1573 utrum
440 1515 559 1589 servari,
571 1514 616 1572 vel
628 1533 686 1573 non
696 1515 805 1573 servari
820 1514 940 1585 debeal;
995 1514 1206 1573 recentioribus
1229 1515 1265 1571 de
1289 1513 1432 1589 Cypriane
1456 1516 1527 1590 tingi
1548 1533 1581 1573 ac
1603 1516 1746 1574 venditari
1769 1535 1820 1592 po·

113 1608 193 1666 unde
207 1607 315 1663 citatus
330 1606 441 1675 auctor,
453 1605 503 1677 qui
516 1608 594 1662 totus
608 1608 653 1661 cst
663 1604 692 1660 in
707 1602 873 1662 refellendis
887 1604 941 1677 Cy·
995 1605 1088 1661 tuisse
1103 1603 1443 1677 ignorantiam‚istorum
1454 1605 1532 1661 enim
1544 1622 1630 1661 nemo
1644 1607 1821 1680 protundum

114 1696 210 1771 priani
236 1695 400 1752 rationibus
423 1712 575 1767 nunquam
600 1695 635 1751 de
653 1694 719 1768 ipso
742 1693 941 1767 conqueritur,
996 1695 1027 1753 in
1042 1697 1131 1753 rebus
1155 1694 1360 1753 ecclesiasticis
1383 1696 1517 1769 Cypriani
1542 1698 1736 1754 eruditionem
1751 1698 1824 1755 vivi·

115 1786 193 1858 quod
210 1783 300 1857 hujus
315 1781 449 1840 Ecclesia
469 1783 691 1840 consuetudinis
715 1783 896 1841 existentiam
911 1781 941 1837 in
997 1785 1129 1843 dioribus
1144 1784 1276 1858 depinxit
1296 1784 1443 1842 coloribus
1465 1786 1627 1859 majorique
1652 1788 1775 1862 strepitu
1791 1805 1825 1846 ac

114 1874 394 1931 dubiumrevocarst
403 1890 411 1937 ;
420 1874 564 1945 atsaepius
574 1872 802 1946 ipsiexprohrat,
814 1877 945 1945 utsupra
999 1880 1104 1933 conatu
1121 1876 1287 1932 ostentauit.
1297 1875 1338 1931 nd
1350 1874 1431 1931 illam
1445 1875 1640 1933 extollendam
1651 1876 1826 1935 inexhausta

112 1963 254 2031 vidimus,
271 1963 346 2033 quod
362 1961 452 2018 nollet
467 1978 532 2019 csse
546 1963 847 2019 cosumusucncrabili
860 1964 943 2019 cccle-
999 1981 1073 2037 pene
1088 1965 1199 2021 diceres
1214 1964 1314 2022 omnia
1328 1980 1511 2019 summorum
1526 1964 1712 2036 Pontiticum,
1728 1966 1825 2023 conci·

116 2055 223 2109 aarum
247 2051 368 2109 cranium
392 2054 563 2118 auctoritate,
581 2051 658 2124 quod
686 2051 944 2124 rebaptizationem
999 2053 1118 2125 tiorum,
1132 2054 1186 2110 SS.
1206 2054 1336 2123 Petrum,
1360 2052 1579 2125 historicorum,
1595 2060 1745 2127 poetarum
1762 2072 1825 2113 mo·

119 2140 324 2197 hereticorum
339 2140 462 2196 minime
476 2141 639 2207 damnaret,
655 2157 743 2213 quam
758 2146 857 2197 tamen
867 2140 947 2212 judi·
1000 2147 1319 2211 numenta;sncrumei
1327 2141 1602 2213 protanam,omnia
1613 2143 1829 2217 undiqueque-

119 2231 205 2288 cahat
219 2230 396 2285 contrariam
412 2229 636 2287 solemnissima·
655 2234 827 2287 cunctorum
842 2228 947 2286 emeri-
1001 2232 1070 2301 sita,
1086 2235 1212 2303 arrepta,
1229 2230 1316 2287 citata
1329 2249 1337 2301 ;
1352 2234 1396 2287 iot
1409 2230 1560 2287 laboribus
1568 2232 1604 2287 ad
1621 2230 1827 2290 illustrandam

116 2323 216 2375 torum
237 2322 407 2375 sanctorum
437 2322 465 2374 et
490 2318 622 2376 lidclium
651 2319 855 2376 observationi.
879 2342 893 2369 «
915 2320 947 2374 ln
1002 2326 1031 2379 et
1055 2320 1302 2377 manifestandam
1317 2319 1453 2393 Cypriani
1477 2320 1639 2377 doctrinam
1664 2322 1827 2394 exantlatis,

118 2422 177 2481 quo
192 2422 308 2481 genere,
325 2405 431 2479 inquit,
446 2408 616 2479 questionis
639 2408 686 2481 (dc
700 2408 840 2481 rebaptiz.
856 2407 947 2465 hara·
1003 2411 1071 2484 quis
1085 2409 1238 2467 crederet?
1251 2408 1429 2483 cyprianum
1450 2407 1529 2465 illius
1554 2408 1688 2483 ignarum
1703 2426 1831 2484 pronun·

117 2497 196 2569 ticis)
211 2500 244 2553 ut
260 2495 333 2551 mihi
347 2496 464 2552 videtur
482 2496 565 2553 nulla
579 2497 699 2555 omnino
720 2498 865 2571 potuisset
879 2513 948 2553 con·
1003 2500 1077 2558 tiant
1093 2498 1227 2556 Ecclesia
1242 2498 1477 2561 consuetudinis,
1497 2516 1562 2571 qua
1583 2499 1656 2572 ipsis
1672 2498 1830 2557 latentibus

116 2584 261 2643 troversia
276 2590 326 2641 aut
341 2584 514 2657 disceptatio
529 2602 689 2659 emergere,
703 2586 728 2644 si
743 2586 949 2659 unusquisque
1003 2589 1186 2664 precipuum
1201 2588 1268 2645 iudei
1283 2592 1389 2645 nostra
1401 2588 1507 2660 dogma
1519 2588 1777 2661 complectebatur.
1789 2590 1831 2647 En

118 2680 255 2733 nostrum
269 2678 424 2731 contentus
438 2674 596 2731 venerabili
611 2674 801 2731 ecclesiarum
816 2674 949 2731 omnium
1003 2684 1046 2736 tut
1061 2679 1096 2735 de
1110 2677 1246 2751 Cypriani
1270 2675 1403 2733 doctrina
1423 2676 1634 2748 preconiorum
1650 2678 1833 2751 inexpectata

119 2763 296 2822 auctoritate
312 2766 340 2819 et
354 2763 519 2819 necessaria
541 2762 708 2820 humilitate
723 2762 795 2819 nihil
811 2764 949 2820 innovare
1004 2766 1172 2825 conclusio:
1188 2764 1512 2839 Cyprianusignorabat
1526 2762 1659 2820 Ecclesia
1674 2770 1831 2823 consuetu·
1932 2798 1935 2809 ·

119 2853 258 2927 gestirct;
275 2868 403 2925 namque
418 2868 505 2908 omne
519 2852 597 2924 qnod
613 2866 719 2925 anceps
733 2858 762 2909 et
776 2851 948 2923 ambiguum
1003 2857 1114 2927 dinem,
1131 2872 1194 2928 qua
1213 2854 1391 2927 precipuum
1408 2853 1475 2909 tidei
1490 2856 1596 2909 nostre
1616 2859 1703 2926 caput
1716 2859 1829 2927 specta·

118 2947 150 3000 et
165 2941 289 2998 diversis
304 2941 458 2997 sententiis
474 2941 664 3014 prudentium
681 2958 714 2998 ac
729 2941 858 2997 tidelium
873 2941 949 2997 viro·
1003 2946 1067 3003 bat.
1085 2945 1133 3001 Sin
1147 2945 1252 3000 doctus
1266 2947 1294 2999 et
1313 2942 1443 3015 ignarus,
1461 2941 1594 2998 oculatus
1609 2946 1637 2998 et
1655 2942 1779 2999 obtusus
1793 2946 1831 3001 ad

118 3047 187 3087 rum
201 3030 399 3087 constitutum
415 3033 471 3095 etl.
487 3030 512 3085 sl
528 3034 630 3087 contra
651 3030 777 3102 priscam
793 3034 822 3087 et
837 3046 950 3087 memo·
1005 3035 1245 3092 istorumnutum
1257 3030 1668 3106 Cyprianus,oculatissimus,
1679 3036 1712 3088 ut
1723 3049 1832 3105 paucos

120 3119 246 3177 rabilem
261 3125 433 3176 cunctorum
449 3119 638 3175 emeritorum
651 3124 820 3175 sanctorum
836 3124 864 3175 et
879 3119 949 3175 tide·
1006 3124 1061 3182 sibi
1079 3124 1207 3179 lavantes
1227 3121 1380 3194 episcopos
1404 3125 1553 3193 agnoscat,
1579 3121 1787 3178 obtusissimus
1801 3124 1836 3178 ut

118 3208 194 3267 tium
233 3207 482 3265 solemnissimam
520 3208 751 3266 observationem
788 3201 987 3281 iudicatunC
1007 3210 1250 3270 innumerosam
1269 3211 1407 3267 aduersos
1431 3210 1561 3282 ignoret:
1578 3209 1615 3265 ad
1637 3210 1835 3284 indignandos

121 3296 258 3354 damnari
272 3295 374 3369 utique
389 3296 484 3352 dcbct.
500 3318 514 3348 u
530 3296 674 3370 Cypriane
693 3297 858 3370 exprobrat.
874 3297 952 3371 quod
1007 3301 1135 3360 asseclas
1149 3300 1291 3373 Cypriane
1307 3304 1424 3371 tempus
1439 3297 1555 3354 abunde
1565 3299 1781 3373 suppeditatur,
1797 3300 1835 3357 sd

122 3384 293 3444 auctoritati
317 3388 359 3441 tot
384 3402 540 3453 annorum,
565 3389 664 3457 totque
691 3385 880 3443 ecclesiarum
905 3402 952 3443 sc·
1007 3389 1184 3463 detegendos
1216 3392 1313 3445 autem
1348 3387 1531 3444 adversarios
1561 3387 1747 3459 decennium,
1776 3405 1834 3461 quo

119 3476 275 3549 quiescere
291 3472 403 3543 aollet;
419 3474 496 3547 quod
521 3474 687 3548 insurgeret
707 3475 847 3532 adversus
861 3474 952 3532 eccle·
1007 3478 1266 3552 Carthaginensem
1283 3476 1356 3533 rexit
1375 3475 1534 3533 Ecclesiam
1549 3476 1686 3533 suillcers
1709 3494 1767 3535 noa
1783 3494 1834 3551 po·

121 3564 273 3621 siasticam
299 3566 342 3619 tot
366 3562 539 3619 saeculorum
569 3564 831 3621 consuetudinem:
858 3586 873 3615 u
899 3569 953 3621 Per
1008 3570 1083 3637 tuit;
1100 3566 1141 3623 sic
1156 3567 1274 3623 inanem
1290 3563 1445 3638 caliginem
1461 3564 1626 3638 perspicuis
1636 3566 1725 3622 rebus
1739 3582 1837 3640 aspec-

119 3670 225 3727 quam,
248 3652 357 3725 inquit,
374 3651 445 3709 utile
470 3657 515 3709 est
538 3654 665 3725 credere,
691 3661 721 3710 et
741 3658 784 3710 tot
807 3670 953 3711 annorum
1008 3660 1083 3731 gunt
1096 3656 1243 3727 homines,
1255 3654 1337 3728 digni
1348 3670 1428 3721 sane,
1444 3653 1496 3726 qui
1510 3654 1838 3727 experiantursbsurda

121 3746 227 3815 totque
248 3740 439 3798 ecclesiarum
465 3741 631 3798 auctoritati
653 3758 718 3799 cum
743 3743 820 3798 bona
841 3742 953 3799 ratione
1008 3763 1128 3821 quaque
1142 3750 1171 3801 et
1185 3744 1302 3801 ultima.
1324 3742 1437 3799 Nostris
1453 3758 1521 3816 ergo
1538 3743 1638 3799 nenia
1652 3744 1715 3813 tam
1732 3745 1838 3802 cedant

122 3830 320 3903 acquiescere,
329 3846 398 3886 cum
407 3831 446 3887 sit
454 3831 614 3887 marimum
624 3831 844 3889 incommodum
855 3848 888 3887 ao
896 3833 954 3889 dis·
1008 3833 1201 3908 argumentis,
1214 3832 1382 3905 sensatique
1391 3847 1494 3887 omnes
1505 3832 1632 3888 veridico
1642 3848 1691 3888 ore
1702 3832 1837 3891 dicamus

121 3920 469 3995 pendiumsanctissimre
477 3919 952 3994 matrisEcclesiaeadversuspris·
1008 3924 1187 3998 cyprianum
1212 3923 1301 3995 probe
1324 3922 1440 3977 novisse
1465 3936 1553 3994 quam
1569 3920 1738 3992 Stephanus
1753 3920 1787 3977 ll.
1803 3925 1836 3977 P.

122 4010 271 4068 calm
284 4008 420 4065 consulta
432 4014 500 4082 post
513 4014 554 4065 tot
569 4008 744 4065 seculorum
759 4010 863 4067 seriem
875 4026 954 4066 nuno
1008 4012 1176 4073 vindicabat
1190 4010 1343 4067 hereticos
1358 4010 1463 4067 1350
1478 4025 1536 4065 non
1553 4009 1752 4082 rebaptizandi
1768 4025 1837 4067 coc·

122 4098 954 4173 primumaccinerationeinsurgers.»Exquibusomni-
1009 4102 1207 4170 suetudinem,
1233 4098 1426 4157 universalem
1453 4096 1585 4155 Ecclesia
1611 4098 1838 4171 tunctemporia

119 4188 178 4245 hus
201 4186 294 4260 liquot
317 4187 427 4243 nomini
450 4188 695 4261 rebaptizantium
720 4192 792 4245 tunc
811 4188 954 4261 temporis
1009 4191 1101 4249 tuisse
1125 4190 1378 4261 consuetudinem,
1403 4189 1473 4259 sive,
1502 4192 1534 4243 ut
1558 4185 1715 4259 Augustini
1741 4188 1838 4245 verbis

122 4276 351 4335 inissedubiam
368 4276 444 4334 hauc
460 4278 495 4333 de
511 4275 954 4349 nonrebaptizandisharetiois
1009 4286 1087 4351 utar,
1122 4280 1292 4353 Cypriacam
1325 4276 1396 4335 hunc
1422 4276 1646 4334 consuetudinem
1677 4274 1778 4349 utique
1812 4284 1841 4335 ct

121 4368 259 4427 Ecclesia
282 4369 546 4440 consuetudinem
571 4370 650 4427 unda
673 4369 853 4427 Venerabilis
877 4370 955 4427 Reda
1008 4370 1195 4427 unaircrsatem
1210 4370 1342 4425 irrtuitum
1357 4369 1453 4440 faisse.

126 4458 278 4516 asserebat
287 4457 463 4531 cyprianum
475 4475 542 4516 curn
554 4458 616 4515 suis
629 4459 772 4517 Africanis
784 4476 843 4517 non
854 4463 956 4516 contra
1045 4459 1177 4531 Denique
1191 4461 1312 4514 noverat
1325 4462 1355 4514 st
1373 4455 1534 4529 Cyprianus
1556 4454 1632 4511 hanc
1648 4452 1838 4512 consuetudi·

125 4546 270 4620 Stephani
280 4546 326 4605 vel
340 4546 994 4642 alteriuspraxim,sedccutrcmoremEcclc·D
1010 4566 1076 4607 nem
1093 4549 1129 4606 ab
1144 4547 1283 4603 omnihus
1307 4544 1452 4619 episcopis
1476 4544 1651 4617 antiquitus,
1667 4544 1697 4600 id
1715 4548 1760 4602 est
1771 4548 1839 4603 ante

123 4638 178 4695 eise
201 4640 330 4693 statuere
355 4636 485 4694 voluisse
507 4638 659 4695 hereticos
684 4654 748 4695 esse
771 4638 954 4711 rebaptizan-
1009 4632 1632 4713 Agrippinum,sori¹atamluisse.0uicnim
1643 4634 1839 4709 Agrippinum

124 4726 180 4784 dos
193 4726 262 4795 (tl).
1010 4728 1149 4786 censebat
1161 4726 1290 4799 primum
1305 4723 1545 4796 rebaptizationis
1559 4728 1721 4797 parentem,
1738 4739 1838 4781 oeces-

162 4816 211 4871 Vl.
227 4816 357 4873 Tandem
372 4818 550 4890 Cyprianum
565 4817 641 4875 hano
656 4818 790 4876 Ecclesia
801 4823 954 4875 consuetu·
1011 4818 1087 4875 sario
1098 4814 1276 4889 agnoscebat
1287 4811 1434 4869 neminem
1447 4814 1730 4886 cpiscoporumaate
1738 4812 1840 4887 Agrip-

125 4906 226 4964 dlncm
241 4904 404 4980 ignorasse,
425 4911 555 4963 veterum
581 4907 682 4965 nullus
701 4910 745 4965 vel
770 4910 894 4965 obscure
907 4924 954 4965 ss·
1011 4906 1113 4981 pinum
1131 4905 1339 4976 rebaptizasse,
1361 4910 1391 4958 et
1414 4907 1628 4975 consequenter
1641 4902 1678 4959 ah
1700 4902 1839 4959 omnibus

122 4994 182 5052 mel
196 4994 348 5063 indicavit,
364 4995 444 5051 haud
460 4996 568 5052 nesciis
583 4998 757 5053 adversariis
771 4996 892 5065 nostris,
905 4996 954 5068 qui
1010 4995 1156 5068 episcopis
1168 4997 1314 5049 servatam
1325 4992 1394 5048 olim
1410 4992 1511 5063 luisse,
1523 5008 1612 5063 quarn
1624 4990 1792 5062 Stephanus
1803 4990 1838 5047 ll.

123 5084 160 5141 ad
186 5088 362 5158 praetensam
387 5084 521 5159 Cypriani
546 5086 742 5159 ignorantiam
768 5086 954 5158 tirmandam,
1010 5086 1044 5141 P.
1065 5083 1188 5157 urgebat
1202 5082 1455 5139 consuetudinem.
1471 5081 1560 5138 Porro
1575 5080 1605 5136 S.
1616 5078 1791 5150 Cyprianus,
1805 5080 1841 5135 ut

126 5174 244 5231 nullum
259 5174 399 5231 hactenus
415 5174 541 5247 alicujus
556 5174 739 5248 antiquitatis
752 5172 955 5231 tcstimonium
1011 5190 1102 5247 supra
1117 5171 1316 5245 probavimus,
1341 5169 1534 5243 Agrippinum
1560 5168 1694 5225 censebat
1709 5167 1839 5241 primum

127 5264 233 5319 atlerre
257 5268 422 5334 potuerunt.
454 5264 489 5319 Et
516 5269 603 5333 certe,
626 5263 803 5337 Cyprianum
831 5261 956 5335 hujusce
1011 5260 1249 5334 rebaptizationis
1263 5264 1427 5333 parentem.

127 5352 353 5409 consuetudinis
368 5352 503 5425 ignarum
519 5369 672 5424 nunquam
686 5352 882 5424 audissemus,
897 5350 956 5407 nisi
1048 5353 1083 5407 Et
1096 5366 1163 5406 vero
1176 5354 1301 5406 ueterem
1326 5348 1401 5405 hanc
1425 5346 1598 5404 universalis
1620 5344 1755 5403 Ecclesia
1769 5361 1839 5404 ccn·

126 5442 250 5518 nuperis
265 5443 417 5502 nonnullis
441 5444 535 5502 atatis
559 5447 665 5501 nostrae
690 5442 882 5517 scriptoribus
896 5442 957 5517 pla·
1012 5438 1199 5499 suetudinem
1215 5438 1359 5512 Cypriane
1374 5440 1473 5494 notam
1490 5436 1582 5495 luisse
1595 5436 1839 5511 testatursapius

164 5658 224 5737 (tl)
240 5658 272 5717 ln
284 5658 336 5718 tib.
348 5660 461 5735 Aliqum
473 5660 580 5735 quast,
594 5660 617 5715 t.
631 5656 694 5730 vil,
709 5674 738 5733 p.
753 5658 820 5718 289.
